3034 4916
450 183 548 245 ΗΒ.
567 183 605 244 X.
632 184 736 248 CAP.
754 183 852 244 XXV.
1125 189 1179 246 581

110 341 158 403 ad
170 343 303 428 magnos
309 343 437 411 honores
447 358 537 414 esset.-
554 357 715 435 postquam
725 351 794 434 ipsu
805 349 903 414 nirtres
911 349 1088 434 punicerit,
1099 371 1137 415 ne
1146 351 1179 414 in
1188 361 1219 412 u.
1229 363 1257 412 α
1269 362 1327 414 ιιι.

108 427 176 489 ullo
194 449 312 512 genere
331 431 483 498 hominum
505 435 689 501 inhonorata
704 447 789 513 esses,
804 437 913 520 quari,
936 431 1219 520 qumcdmodomt·
1229 427 1257 475 ⁰·
1268 429 1324 478 ²⁹²

109 513 211 578 irrita
226 517 293 580 sint
303 539 363 581 non
374 520 526 607 suffugio
535 524 624 586 modo
633 523 754 606 populi,
765 525 819 587 sed
828 521 964 587 arbitria
975 522 1181 608 etiamfamu-

108 619 170 675 Μ,
184 610 217 664 et
232 603 269 665 in
278 624 444 686 paucorum
453 617 635 690 potestatem
649 617 818 673 omtantur.
865 606 975 674 Omnes
988 617 1100 674 antese
1109 630 1181 673 con·

108 685 191 750 ucles
204 689 333 754 sortitos
340 694 520 774 prouincias
534 715 609 770 esse;
631 715 710 758 nunc
718 703 806 759 entra
814 703 923 760 sortem
931 693 1031 759 Fabio
1043 705 1181 762 senatum

102 775 307 854 prouinciam
322 777 408 843 dare.
430 779 468 844 Si
479 779 606 845 honoris
615 779 678 866 ejsrs
691 802 818 846 cauma.-
841 782 889 845 ita
902 802 968 844 eum
981 782 1020 844 de
1032 803 1074 861 se,
1085 782 1181 866 deque

109 859 274 942 republica
289 865 426 928 meritum
448 887 518 942 esse,
533 876 568 930 ut
574 867 692 952 sanent
708 865 749 942 Q,
763 866 860 932 Fabii
874 867 995 951 gloria,
1012 887 1080 950 qua
1092 869 1180 932 modo

107 965 172 1008 non
198 967 259 1010 suec
281 953 461 1014 contumelia
483 953 652 1036 splendeat.
697 953 758 1018 Cui
777 962 878 1017 autern
901 952 1022 1016 ἅιιόἰιιιιι
1040 975 1111 1032 esse,
1127 954 1181 1020 uli

106 1051 203 1096 unum
220 1033 329 1098 bellum
343 1037 385 1100 sit
398 1059 537 1120 asperum
552 1061 591 1104 ac
600 1040 733 1128 dffcile,
752 1060 841 1124 qrmm
856 1040 892 1102 id
904 1039 999 1102 elteri
1011 1049 1100 1102 entra
1114 1061 1180 1104 som·

106 1127 167 1180 tem
181 1121 355 1197 mandetur,
371 1127 445 1207 quin
455 1127 537 1188 ulter
549 1127 652 1190 cons-sd
659 1146 722 1208 pro
734 1146 957 1208 superuacaneo
967 1134 1060 1208 atquc
1073 1126 1181 1191 inutili

107 1203 293 1268 habeatur?
319 1205 467 1276 Gloriari
484 1211 614 1276 Folium
628 1211 716 1276 rebus
730 1214 764 1274 in
779 1212 914 1275 Etruria
925 1212 1029 1295 gestis.
1052 1212 1128 1276 uelle
1148 1222 1180 1276 et

108 1292 152 1354 P.
171 1291 305 1355 Decium
317 1296 477 1379 gloriari.-
498 1307 528 1361 et
529 1297 685 1382 forsitan,
697 1319 782 1382 quem
796 1298 850 1360 ille
863 1297 999 1361 alnetum
1014 1298 1113 1380 ignem
1128 1319 1178 1362 re·
1271 1289 1278 1304 '

106 1379 253 1462 liquerit,
270 1381 318 1443 ita
332 1391 366 1445 ut
379 1383 469 1447 toties
481 1403 589 1448 nouum
599 1406 637 1448 en
646 1386 803 1468 inproviso
817 1383 986 1448 incendium
997 1384 1096 1459 daret,
1112 1405 1178 1448 eum

107 1485 141 1528 se
154 1467 387 1532 exstincturum.
434 1469 590 1534 Postremo
600 1492 632 1534 se
641 1471 764 1554 collega
773 1469 900 1534 bonores
907 1470 1099 1553 premiaque
1107 1491 1177 1533 corr·

107 1568 261 1616 cessrrrunt
276 1556 457 1620 uerecundia
479 1558 581 1620 atatis
602 1555 664 1641 eires
689 1555 930 1640 majestatisqne,·
954 1576 1042 1639 quum
1053 1557 1177 1638 pericu·

106 1637 181 1718 lum,
197 1659 290 1722 quun
304 1641 462 1705 dimicatio
468 1644 633 1726 proposita
643 1644 696 1723 sit,
704 1663 800 1728 neque
808 1643 913 1720 cedere
925 1663 980 1706 sua
991 1650 1108 1724 sponte,
1123 1663 1177 1706 ne·

108 1743 168 1807 que
182 1745 343 1810 cessumm.
365 1735 405 1804 et,
420 1729 450 1791 si
463 1729 545 1792 mitit
556 1730 647 1792 aliud
661 1751 700 1793 ec
721 1749 756 1792 ea
776 1728 943 1792 certamine
965 1727 1082 1806 tulerit,
1098 1727 1179 1792 illud
1300 1793 1302 1800 Α

106 1819 192 1874 certe
201 1812 347 1889 tacomm,
362 1823 405 1890 ut,
422 1815 504 1897 quod
509 1816 623 1897 popelli
635 1816 687 1892 sit,
697 1813 946 1898 populusqubeat
954 1814 1070 1897 potins,
1086 1835 1177 1898 quarn

78 1901 81 1916 ¹
101 1905 217 1978 putres
234 1899 460 1981 gratfficmtur.
503 1903 608 1969 donem
630 1902 773 1986 optimum
794 1901 957 1966 macimrun
971 1901 1113 1983 Deosque
1128 1901 1177 1964 in·
1203 1943 1206 1956 ·

108 1984 258 2047 nwrtales
271 2005 303 2048 se
309 1988 450 2068 precari,
464 1997 500 2051 ut
513 1989 561 2050 ita
574 1996 683 2052 sortem
691 2008 808 2071 nquam
818 1987 880 2052 sibi
888 2008 952 2051 cnm
963 1985 1077 2070 collega
1093 1987 1176 2062 deret,

107 2069 138 2134 si
146 2071 720 2156 eamdemoirtutemfilicitutcmquein
729 2071 806 2136 lello
814 2072 1178 2136 administrandodaturi

107 2156 184 2219 sint.
199 2163 283 2218 certe
297 2157 333 2218 id
344 2167 375 2220 et
390 2167 504 2220 natraa
514 2179 641 2240 equum,
656 2167 686 2222 et
700 2158 835 2238 ecemplo
848 2158 925 2221 utile
938 2177 1010 2232 esse,
1025 2165 1056 2220 et
1069 2157 1178 2242 adscc-

108 2261 191 2304 mam
201 2241 314 2324 populi
328 2241 464 2306 Romani
469 2245 639 2326 pertinere,
650 2264 699 2307 eos
708 2243 842 2308 consules
851 2263 924 2323 esse,
1066 2243 1177 2307 utroli-

108 2325 158 2390 bet
181 2329 260 2390 duce
278 2325 384 2392 bellum
407 2329 568 2393 Etruscsem
589 2331 662 2414 geri
686 2338 768 2394 reete
789 2329 896 2410 possit.
969 2325 1070 2407 sbius,
1096 2327 1178 2393 nihil

107 2411 198 2478 uliud
222 2426 369 2498 precetur
394 2413 559 2502 populum,
574 2437 671 2502 quum
687 2427 723 2478 ut
740 2413 839 2500 prius,
858 2434 954 2498 quum
977 2413 1063 2478 intro
1083 2435 1177 2480 vocu-

108 2511 223 2564 rentur
238 2499 280 2563 nd
296 2497 481 2587 suffragium
495 2501 607 2578 tribus,
619 2503 681 2586 Ap.
695 2497 822 2566 Claudii
835 2498 983 2584 pretorio
997 2497 1118 2564 ndhtus
1132 2521 1175 2566 ex

110 2583 249 2651 Etruria
272 2584 378 2652 literne
400 2586 557 2668 audirent,
579 2587 708 2652 comitio
729 2585 806 2652 ubit.
836 2607 895 2650 nec
917 2585 1040 2650 minore
1065 2606 1108 2670 po
1132 2583 1177 2651 uli

108 2693 281 2752 consensu,
298 2695 393 2760 quam
409 2693 542 2754 mustus,
558 2672 725 2760 provincis
740 2671 871 2740 Etruria
885 2685 975 2738 extra
985 2681 1101 2737 sortem
1141 2690 1259 2740 ιι-ιιιιο
1269 2698 1340 2742 exus

110 2759 165 2824 bio
180 2757 311 2824 decretu
325 2772 382 2826 est
1183 2759 1324 2806 '‘Md''

153 2844 273 2911 XXV.
297 2845 478 2912 Concursus
491 2847 567 2913 inde
580 2846 622 2912 sd
637 2846 798 2912 consulem
812 2843 1065 2912 fectusomnium
1076 2821 1337 2912 fermeffiffi‘

102 2931 291 3016 juniorum:
315 2944 347 2996 et
368 2954 428 3018 pro
448 2934 631 3021 requieque
651 2933 927 3000 nominudnbunt.
950 2943 1037 2998 tanta
1059 2931 1177 3018 cupido

108 3018 252 3084 eratsub
266 3039 305 3084 eo
319 3017 401 3084 duce
413 3018 570 3105 stipendis
585 3019 730 3085 leniendi.
768 3019 845 3097 Qun
854 3015 1061 3084 circumfusus
1072 3018 1176 3100 turbu,
1299 3087 1301 3098 1

111 3104 257 3182 Qrcatuor
271 3107 381 3184 millia,
396 3105 510 3193 inquit,
522 3109 659 3190 peditur
675 3116 705 3172 et
717 3116 868 3172 neceruos
889 3106 1003 3191 equites
1017 3107 1178 3172 dumtaxat

107 3192 243 3266 scribere
257 3194 291 3256 in
301 3193 406 3257 animo
416 3202 480 3257 est.-
502 3194 650 3258 hodierno
664 3202 695 3256 et
707 3194 844 3258 crastino
858 3193 909 3258 dic
919 3193 974 3276 qui
985 3193 1109 3256 nomina
1123 3193 1177 3257 de·

108 3279 233 3358 deritis,
247 3300 357 3343 mecum
371 3280 488 3343 ducam.
504 3277 617 3362 majori
628 3279 707 3342 rnr'lri
719 3299 801 3342 cura
814 3287 868 3354 ert,
882 3288 916 3342 ut
930 3299 1031 3342 omnes
1043 3280 1176 3361 locuple·

108 3372 154 3428 tes
168 3367 321 3441 reducam,
337 3387 427 3449 meam
440 3374 475 3428 ut
488 3367 590 3429 multis
604 3387 667 3429 rem
683 3385 790 3449 geram
804 3363 960 3430 militibus.
1007 3361 1174 3430 Profectus
1183 3367 1306 3435 nsuuu'n

108 3449 222 3535 “epto
244 3451 396 3528 exercitu,
418 3463 450 3515 et
474 3473 513 3514 eo
536 3449 607 3537 plus
631 3449 758 3516 fiducioe
780 3470 818 3514 nc
842 3450 907 3536 spei
933 3460 1072 3536 gerente,
1087 3449 1333 3536 quodprovtnem

109 3555 178 3600 narr
193 3534 371 3603 desiderate
390 3535 562 3602 multitudo
576 3549 654 3615 erut,
670 3535 711 3601 nd
726 3535 881 3621 oppidum
896 3534 1072 3616 Aharnam,
1089 3516 1256 3602 undem·

109 3620 199 3687 hund
219 3621 332 3707 procul
353 3623 458 3690 hostes
479 3636 579 3702 erent,
595 3622 636 3689 nd
656 3633 761 3688 austro
775 3621 870 3708 Appii
891 3623 1040 3708 presorts
1061 3623 1176 3710 pergit

109 3707 223 3791 prucis
254 3708 334 3774 eitrs
362 3709 502 3776 millibus
530 3711 700 3797 lignatores
727 3709 757 3772 ei
786 3729 858 3773 euru
911 3707 1035 3771 residio
1060 3709 1177 3774 obcur-

110 3808 206 3872 runt3
230 3795 295 3882 qui,
311 3811 347 3861 ut
368 3796 494 3862 lictores
519 3795 679 3884 praegredi
703 3793 862 3872 viderunt,
887 3730 1086 3878 Fabiumque
1110 3816 1177 3860 esse

111 3880 276 3946 consulem
301 3903 462 3968 accepere,
478 3883 543 3948 leti
563 3897 659 3968 utque
680 3879 799 3983 rieures
815 3879 889 3945 Diis
911 3877 1093 3981 populoque
1108 3879 1176 3946 Ro-

112 3968 572 4143 trrrrnmuru
769 3988 812 4120 r
823 4051 1193 4140 „s

111 4137 194 4217 bins,
219 4161 283 4226 quo
307 4154 493 4229 pergerents
526 4139 863 4228 respondentibusque,
886 4139 1041 4224 lignatum
1065 4161 1098 4204 re
1117 4139 1176 4219 ire,

112 4226 180 4288 ain'
195 4228 329 4306 tandem,
344 4227 459 4316 inquit,
475 4249 545 4294 num
558 4238 662 4294 castra
676 4229 796 4292 uallata
806 4247 867 4292 non
878 4226 1022 4292 tabem?
1045 4223 1100 4290 Ad
1113 4221 1177 4298 huo

145 4343 280 4412 wapro]
297 4350 398 4410 moso,
409 4349 493 4406 habiit,
505 4363 549 4400 nse
560 4349 592 4400 ad
602 4344 721 4411 majorem
717 4344 796 4476 ἐῑιιιιο
808 4360 939 4398 numenius
949 4351 1108 4398 exameto·

499 4444 503 4452 .
645 4431 665 4476 Ρ
679 4431 701 4496 p
