3034 4916
471 193 567 254 ΗΒ.
596 195 637 256 Χ.
662 195 766 258 CAP.
794 196 835 257 X.
1121 203 1179 258 565

117 363 208 440 parte
223 375 287 425 una
307 377 460 444 preceps,
482 359 539 426 ubi
561 381 647 426 nunc
669 359 791 426 Narnia
811 360 871 426 sita
892 371 951 426 est.
972 381 1039 426 nee·
1052 361 1094 441 vi,
1117 379 1323 432 neonem.

116 441 317 512 munimento
341 445 413 530 capi
440 459 575 530 poterat.
623 447 733 534 ltaque
758 469 827 512 eam
853 447 999 512 infectam
1030 469 1097 512 rem
1124 445 1322 557 Mffiffil·

118 525 248 594 Fulvius
264 530 420 612 Petinus,
436 531 477 597 T.
491 531 634 598 Manlius
646 533 839 617 Torquatus,
856 535 930 599 novi
952 533 1108 616 consules,
1123 558 1175 600 ao·
1183 524 1328 623 TJMffJssss'

116 629 278 698 ceperunt.
323 617 361 682 ln
378 640 449 684 eum
465 641 585 684 annum
607 641 705 706 quum
722 619 765 696 Q.
783 620 916 686 Fabium
933 621 1093 686 consulem
1108 639 1249 687 nonense

115 713 274 782 petentem
302 725 411 770 omnes
430 703 572 772 dicerent
592 707 779 784 centuriae,i
805 729 873 772 sum
894 722 1053 773 auctorem
1080 707 1175 774 finisse

116 783 230 852 Macer
245 789 389 858 Licinius
403 813 441 856 ac
456 790 589 856 Tubero
601 791 731 858 tradunt
741 729 908 859 diderendi
921 793 981 860 sibi
992 795 1176 862 consulatus

114 870 148 936 iu
164 872 392 942 bellicosiorem
407 899 543 944 annum:
566 900 605 943 eo
619 900 705 944 anno
726 881 839 966 majori
853 902 886 945 se
901 880 970 946 usui
990 882 1175 967 reipublicoe

113 957 192 1038 fore,
208 963 333 1028 urbano
351 976 441 1052 gesto
460 965 656 1052 magistratu.
679 966 725 1030 ita
738 987 797 1030 nec
820 965 1080 1046 dissimulantem,
1097 969 1175 1056 quid

112 1044 230 1125 mallet,
246 1070 305 1114 nec
319 1063 477 1135 petentem
490 1064 606 1129 tamen,
628 1051 753 1118 aedilem
769 1053 913 1118 curulem
935 1075 1007 1118 cum
1027 1056 1059 1120 1.
1078 1055 1175 1156 Papi·

113 1132 163 1197 rio
189 1134 327 1201 Cursore
352 1135 480 1204 factum.
525 1137 564 1202 Id
585 1159 625 1202 ne
650 1159 710 1224 pro
731 1151 818 1204 certo
840 1161 1002 1224 ponerem,
1023 1153 1175 1207 vetustior

112 1220 275 1292 annalium
296 1235 408 1289 auctor
433 1225 508 1295 Piso
533 1223 653 1301 effecit3
676 1225 732 1312 qui
747 1246 787 1288 eo
808 1247 894 1291 anno
918 1225 1025 1292 sediles
1048 1227 1174 1293 curules

112 1303 207 1373 fuisse
227 1309 323 1374 tradit
337 1309 407 1376 ⁴⁰0.
424 1311 605 1376 Domitium
629 1311 690 1375 Cn.
707 1311 743 1388 F.
761 1311 929 1378 Calvinum
944 1325 976 1378 et
991 1313 1047 1400 Sp.
1064 1313 1174 1380 Carvi-

111 1389 190 1458 lium
200 1393 244 1472 Q.
259 1394 294 1458 F.
308 1395 499 1462 Maximum.
530 1397 569 1462 ld
583 1397 679 1462 credo
701 1419 878 1486 cognomen
892 1421 1031 1465 errorem
1046 1400 1078 1463 in
1095 1400 1174 1465 sedi·

111 1477 193 1544 libus
214 1479 341 1547 fecisse:
365 1497 566 1571 secutamque
588 1482 729 1549 fabulum
750 1486 886 1550 mixtam
913 1508 952 1550 ex
973 1484 1118 1566 aediliciis
1141 1501 1174 1553 et

111 1567 329 1634 consularibus
343 1571 489 1648 comitiis,
505 1571 743 1636 convenientem
769 1573 879 1636 errori.
925 1571 968 1636 Et
983 1572 1117 1637 lustrum
1132 1596 1171 1639 eo

112 1675 196 1718 anno
210 1655 376 1721 conditum
392 1681 411 1722 a
423 1659 457 1723 P.
470 1657 659 1742 Sempronio
676 1657 786 1742 Sopho
800 1673 832 1723 et
849 1658 886 1724 P.
905 1657 1045 1743 Sulpicio
1059 1660 1172 1726 Saver-

111 1739 199 1804 rione
220 1743 423 1810 censoribus:
454 1744 478 1782 ⁴¹
489 1744 651 1829 tribusque
675 1743 794 1810 additae
820 1745 903 1825 duae,
927 1745 1111 1812 ¹²Aniensis
1133 1770 1320 1822 sommo.

111 1823 331 1902 &Terentina
378 1829 464 1896 Haec
477 1831 591 1896 Romoe
605 1843 702 1917 geste.
1181 1853 1227 1886 ve·

150 1913 192 1978 X.
216 1913 370 1982 Ceterum
386 1918 426 1982 ad
441 1916 625 2002 Nequinum
639 1916 794 2002 oppidum
808 1940 907 2004 quum
930 1920 1018 2008 segni
1033 1920 1173 1986 obsidio-

109 2018 149 2064 ne
163 2013 292 2086 tempus
307 2017 469 2082 tereretur,
484 2003 550 2069 duo
572 2025 612 2066 ex
633 2003 810 2090 oppidanis,
827 2027 964 2090 quorum
990 2022 1080 2072 erant
1094 2008 1175 2073 aedi·

109 2083 181 2152 ficia
199 2088 317 2174 juncta
330 2111 433 2166 muro,
449 2111 542 2175 specu
557 2088 641 2154 facto
663 2090 701 2153 ad
718 2091 868 2155 stationes
884 2090 1046 2160 Romanas
1061 2092 1174 2160 itinere

109 2173 238 2240 occulto
251 2176 457 2261 perveniunt:
479 2176 555 2240 inde
576 2173 619 2240 ad
640 2175 801 2240 consulem
822 2175 961 2254 deducti,
987 2179 1171 2261 praesidium

110 2273 270 2326 armatum
291 2284 325 2328 se
343 2263 427 2326 iutra
443 2262 562 2328 moenia
586 2276 619 2326 et
643 2283 750 2326 muros
769 2273 956 2348 accepturos
971 2263 1173 2330 confirmant.

110 2343 176 2412 Nec
191 2345 417 2432 adspernanda
431 2370 480 2414 res
493 2348 570 2424 viss,
586 2369 689 2434 neque
703 2347 829 2412 incaute
849 2347 1017 2414 credenda.
1040 2371 1112 2428 cum
1129 2352 1175 2416 al·

109 2443 176 2498 tero
189 2455 307 2500 eorum
322 2439 410 2520 (nam
426 2435 505 2500 alter
519 2434 612 2499 obses
633 2435 785 2514 retentus)
801 2433 867 2498 duo
887 2434 1102 2519 exploratores
1116 2460 1175 2522 per

111 2519 296 2588 cuniculum
323 2522 408 2586 missi
421 2544 434 2586 t
452 2543 510 2606 per
531 2542 610 2608 quos
633 2521 708 2587 satis
731 2533 893 2606 comperta
914 2543 960 2602 re,
976 2524 1108 2588 trecenti
1123 2547 1174 2590 ar·

113 2607 201 2686 mati,
216 2609 384 2697 uausfuga
404 2607 533 2674 ducein
548 2606 659 2673 urbem
674 2607 817 2694 ingressi,
833 2622 927 2672 nocte
948 2620 1085 2692 portam,
1102 2632 1175 2694 quar

112 2696 258 2776 proxime
273 2706 352 2776 erat,
368 2716 489 2780 cepere.
512 2716 576 2780 qua
590 2693 734 2774 refracta,
746 2693 858 2758 consul
869 2695 1091 2782 exercitusque
1107 2695 1175 2761 Ro-

111 2798 223 2856 manus
238 2781 306 2846 sine
320 2781 492 2846 certamine
505 2784 616 2846 urbem
632 2782 782 2845 invasere.
819 2779 870 2844 Ita
885 2779 1068 2868 Nequinum
1082 2783 1115 2847 in
1126 2783 1173 2849 di-

111 2863 228 2932 tionem
243 2866 355 2953 populi
374 2868 512 2934 Romani
526 2867 620 2932 venit.
666 2865 803 2932 Colonia
816 2889 855 2931 eo
869 2865 1019 2932 adversus
1032 2868 1175 2936 Umbros

112 2952 217 3032 missa,
233 2951 287 3018 “a
301 2953 432 3019 flumine
447 2953 571 3019 Narnia
584 2952 758 3039 adpellata:
782 2953 940 3019 exercitus
961 2977 1033 3018 curn
1057 2977 1175 3046 magna

111 3041 221 3121 praeds
237 3039 375 3106 Romam
391 3039 550 3106 reductus.
595 3038 719 3105 Eodem
740 3061 825 3106 anno
846 3039 888 3106 ab
903 3039 1046 3107 Etruscis
1060 3042 1174 3108 adver·

111 3145 162 3190 sus
173 3125 318 3193 inducias
330 3138 477 3211 paratum
488 3125 616 3192 bellum.
639 3126 664 3166 ⁴⁵
675 3125 730 3190 sed
745 3148 798 3192 eos
813 3125 875 3190 alia
886 3127 1051 3194 molientes
1062 3129 1174 3195 Gallo·
1250 3185 1253 3194 .

111 3231 183 3276 rum
196 3213 311 3301 ingens
325 3213 496 3290 exercitus,
512 3212 591 3278 fines
605 3213 776 3300 ingressus,
790 3213 963 3298 paullisper
978 3237 995 3279 a
1009 3217 1174 3300 proposito

111 3300 233 3366 avertit.
280 3300 421 3365 Pecunia
436 3297 560 3376 deiude,
576 3321 641 3384 qua
656 3301 790 3364 multum
802 3311 960 3384 poteraut,
973 3301 1054 3378 freti,
1071 3303 1173 3366 socios
1184 3319 1281 3366 Etrusci

111 3405 151 3448 ex
166 3385 307 3452 hostibus
328 3384 431 3452 iecere
447 3385 559 3451 Gallos
581 3398 746 3462 conantur,
763 3396 799 3449 ut
813 3407 852 3449 eo
866 3385 1016 3453 ad'uncto
1031 3389 1171 3454 exercitu
1181 3384 1322 3432 mum-u.

111 3491 184 3534 cum
201 3472 355 3540 Romanis
375 3471 543 3538 bellarent.
587 3472 641 3538 De
659 3471 810 3538 societate
832 3409 919 3536 baud
939 3472 1084 3540 abnuunt
1098 3447 1329 3561 bar-ssffisst

110 3553 199 3623 bari:
221 3559 262 3624 de
275 3559 418 3624 mercede
429 3559 550 3647 agitur.
567 3582 631 3646 qua
644 3571 739 3645 pecta
751 3571 954 3644 acceptaque,
989 3583 1064 3624 uum
1078 3582 1171 3646 para·
1180 3579 1281 3626 liuntur.

109 3658 142 3712 ta
163 3661 267 3714 cetera
281 3645 323 3712 ad
337 3645 454 3712 bellum
476 3659 589 3724 essent,
604 3644 754 3734 sequique
770 3644 923 3712 Etruscus
938 3647 976 3734 ju
1017 3661 1076 3726 ret,
1098 3647 1171 3712 inii·

141 3833 174 3882 to
191 3835 365 3884 aversatum
405 3833 460 3880 Hoc
480 3845 622 3894 prenomen
687 3831 720 3880 tt
738 3833 875 3897 πωπω]
893 3833 1004 3881 Formas
1024 3834 1170 3897 a'rerento,

108 3898 151 3946 vix
179 3901 285 3961 repertu
313 3901 339 3946 in
398 3911 412 3946 c
436 3905 516 3959 geute.
556 3897 623 3944 Libri
655 3897 1071 3960 quilocurerstinetmpoMnrtio.

107 3963 255 4026 dtampam
288 3965 354 4028 Lege
371 3965 409 4011 vsl
426 3961 456 4010 1..
466 3964 505 4010 vei
518 3961 623 4011 cano·
687 3961 759 4012 tta
785 3965 888 4024 fiamine
918 3963 1017 4011 Narnia
1043 3965 1169 4030 putata]

108 4031 210 4077 mittum.
656 4027 777 4076 Fluminis
788 4041 888 4086 nomen,
897 4027 957 4078 ltu.

141 4093 171 4142 41
193 4095 321 4155 Trebiaeque
347 4091 433 4140 additu
458 4089 524 4202 md
554 4090 625 4138 Tunc
689 4091 723 4140 ts
738 4092 785 4140 Sed
798 4106 834 4140 eor
850 4091 898 4139 allo
909 4091 1036 4156 moltorter]
1054 4092 1171 4142 Etruscos

109 4160 304 4222 truettrlgints
314 4160 391 4206 tnbus
406 4157 484 4204 toete.
525 4155 558 4203 id·
575 4155 623 4203 IX.
656 4157 717 4204 unit
738 4159 769 4204 de
791 4157 868 4204 Gallis
896 4159 1038 4220 captantes,
1060 4160 1103 4206 sed
1124 4161 1172 4207 alia

109 4221 141 4270 20
655 4223 793 4276 molientes,
810 4235 896 4283 nempe
914 4221 1053 4270 Romanum
1069 4225 1173 4283 benum,

140 4254 311 4353 diamasa]
339 4287 451 4336 Fortasse
477 4285 508 4332 ab
530 4283 624 4340 Aniene
657 4285 859 4336 Galltinvadunt
893 4286 1006 4334 Fortasse
1024 4289 1172 4338 murreum

108 4365 188 4404 amm,
656 4349 775 4397 Glarearro
787 4351 866 4414 lem
877 4351 1061 4400 nliamciiestct.

677 4421 771 4478 003
908 4453 914 4486 t
