3056 4928
360 215 416 269 428
747 201 858 266 ΤΙΤΙ
886 203 1022 265 Ltvtt
1115 232 1117 241 ¹

198 391 334 440 tutator.
360 371 531 437 concordia
554 369 702 434 ordinum
716 367 816 434 otium
832 383 921 446 esset,
945 389 986 432 ne
1008 367 1102 434 nimis
1126 369 1208 433 latta
1227 392 1276 434 res
1299 382 1413 449 essent,

147 479 148 482 ’
198 458 228 506 A.
241 459 268 504 ⁰·
278 457 333 504 ³⁴⁵
359 457 535 544 pestilentia
549 457 703 520 civitatem
719 455 832 519 adorta
846 455 949 542 cu'egit
964 469 1104 520 senatum
1117 457 1273 542 imperare
1287 457 1414 521 decem·

360 544 446 621 viris,
473 555 507 607 ut
535 542 633 607 libros
661 542 718 606 Sib
739 541 831 605 llinos
856 541 1065 625 inspicerent;
1096 564 1266 628 eorumque
1287 543 1412 606 monitu

359 627 583 694 lectisternium
607 627 675 694 fuit.
734 627 842 704 ⁴odem
872 649 954 691 anno
981 628 1136 694 Satricum
1164 627 1204 691 ab
1228 628 1413 692 Antiatibus

359 717 486 780 colonia
508 715 653 791 deducta,
670 714 875 800 restitutaque
896 713 980 788 urbs,
996 736 1089 799 quant
1116 715 1219 780 Latini
1240 715 1415 778 diruerant.

199 817 391 866 eorummet
406 823 477 866 cttm
496 800 812 887 Karthaginiensibus
828 801 937 883 legatis
951 799 1063 863 Romae
1078 800 1180 864 toedus
1195 802 1303 876 ictum,
1316 821 1412 886 quum

198 881 528 958 &rheae-amicitiam
556 911 592 952 ac
616 888 797 951 societatem
822 900 964 970 petentes
988 887 1153 950 venissent.
1199 887 1286 950 Idem
1312 887 1413 950 otium

197 948 337 1060 ῧωὲἷω,
360 973 447 1037 domi
467 973 603 1059 forisque
619 973 732 1036 mansit
748 971 788 1035 T.
806 970 928 1035 Manlio
942 973 1115 1058 Torquato,
1134 973 1171 1037 C.
1190 971 1316 1038 Plautio
1337 979 1413 1035 couss

198 1074 268 1122 ac.
279 1071 334 1120 stt
359 1059 493 1124 nulibus:
516 1059 792 1124 8⁵semunciarium
812 1068 934 1132 tentum
950 1079 994 1120 ex
1005 1058 1147 1122 unciario
1161 1059 1268 1123 foenus
1283 1057 1411 1135 facturn,

200 1137 229 1184 Τ·
240 1137 344 1214 Manita,
359 1159 391 1211 et
404 1145 431 1184 ³⁶
442 1147 475 1209 in
490 1148 656 1230 pensiones
671 1166 777 1230 aequas
792 1143 927 1219 triennii,
943 1143 988 1206 ita
1002 1157 1037 1208 ut
1046 1157 1157 1230 quarta
1172 1159 1414 1228 praesensisset,

200 1201 336 1315 Qum
360 1232 474 1296 solutio
498 1232 569 1295 reris
595 1231 688 1294 alieni
713 1231 892 1314 disponsata
916 1243 972 1293 est.
1001 1229 1028 1273 ³⁷
1035 1243 1068 1294 et
1095 1231 1138 1294 sic
1168 1252 1295 1317 quoque
1320 1243 1410 1314 parte

359 1317 460 1403 plebis
485 1315 618 1393 adfecta,
642 1316 729 1380 fldes'
745 1333 849 1379 tumen
874 1315 999 1402 publica
1025 1316 1154 1400 privatis
1176 1315 1411 1382 difficultatibus

360 1405 465 1488 potior
486 1404 526 1468 ad
549 1425 656 1469 curam
683 1403 801 1468 senatui
825 1401 896 1466 fuit.
941 1404 1065 1466 levatae
1088 1404 1227 1468 maxime
1251 1425 1312 1480 res,
1339 1403 1412 1487 quia

359 1489 479 1555 tributo
494 1513 531 1554 ac
545 1490 666 1556 delectu
678 1509 902 1572 supersessum.
947 1487 1059 1552 Tertio
1070 1511 1154 1553 anno
1169 1503 1240 1574 post
1254 1489 1409 1554 Satricum

200 1585 229 1632 U·
241 1584 267 1632 (t
280 1583 335 1632 ⁴09·
361 1577 537 1641 restitutum
554 1599 573 1640 a
588 1575 722 1653 Volscis,
739 1572 787 1639 M.
804 1573 946 1639 Valerius
962 1574 1097 1654 Corvus,
1115 1578 1285 1640 secundum
1299 1573 1410 1640 consul

200 1649 335 1761 33343·
360 1685 432 1728 cum
456 1663 491 1726 C.
511 1662 647 1727 Poetelio
671 1660 781 1740 faetus,
808 1683 906 1747 quum
933 1683 973 1724 ex
997 1661 1090 1726 Latio
1115 1661 1298 1726 nunciatum
1322 1673 1411 1738 esset,

200 1745 237 1826 11]
245 1779 271 1824 c„
284 1727 343 1824 ἔξω
360 1747 479 1836 legatos
493 1748 533 1811 ab
550 1749 648 1811 Antio
663 1747 829 1810 circumire
843 1747 977 1832 populos
993 1747 1179 1812 Latinorum
1197 1749 1236 1812 ad
1252 1747 1413 1812 concitan-

199 1843 257 1889 telio
267 1843 334 1890 coss.
361 1835 437 1898 dum
454 1833 590 1909 bellum3
612 1833 792 1918 priusquam
817 1833 888 1916 plus
909 1831 1045 1896 hostium
1067 1834 1168 1913 fieret,
1184 1834 1304 1898 Volscis
1324 1855 1412 1898 arma

199 1930 296 1976 Bellum
359 1919 476 1984 inferre
496 1921 611 2004 jussus,
639 1919 678 1983 ad
709 1919 866 1984 Satricum
895 1919 1038 1983 exercitu
1068 1919 1179 1984 infesto
1209 1921 1323 2008 pergit.
1349 1943 1412 2006 quo

198 1994 326 2070 cumvol-
360 2025 457 2092 quum
480 2006 624 2070 Antiates
648 2005 763 2090 aliique
777 2004 883 2068 Volsci
905 2009 1087 2090 praeparatis
1102 2008 1168 2092 jam
1192 2019 1273 2083 ante,
1291 2003 1316 2070 si
1337 2007 1413 2092 quid

199 2071 254 2110 ’ω’
358 2093 400 2156 ab
424 2092 527 2156 Roma
552 2107 738 2168 moveretur,
754 2091 853 2174 copiis
876 2090 1096 2170 obcurrissent,
1114 2092 1199 2164 nulla
1224 2115 1311 2156 mora
1333 2093 1414 2156 inter

358 2177 496 2243 infensos
511 2177 635 2242 diutino
650 2178 724 2242 odio
745 2177 917 2240 dimicandi
941 2177 1023 2241 iacta
1036 2192 1090 2242 est.
1135 2178 1253 2255 Volsci,
1277 2179 1414 2242 ferocior

358 2267 398 2328 ad
412 2265 640 2343 rebellandum,
656 2285 750 2350 quam
766 2262 807 2327 ad
824 2262 1011 2339 bellandum,
1027 2286 1116 2351 gens,
1140 2265 1311 2328 certamine
1327 2265 1412 2342 victi,

357 2350 544 2438 fugaeffusa
560 2351 673 2416 Satrici
698 2350 812 2414 rnoeuia
833 2362 955 2434 petunt.
980 2367 1022 2429 et,
1038 2371 1078 2413 ne
1102 2352 1134 2414 in
1158 2352 1256 2414 muris
1281 2350 1412 2437 quidem

250 2493 253 2498 Α
357 2439 431 2502 satis
443 2437 535 2502 firma
549 2459 614 2522 spe,
625 2459 722 2522 quum
738 2457 856 2500 corona
871 2435 1005 2500 militum
1020 2439 1122 2500 cinctu
1131 2438 1196 2522 jam
1213 2437 1303 2501 scalis
1318 2459 1414 2522 cape·

356 2537 444 2589 retur
458 2525 544 2600 urba,
561 2522 602 2586 ad
616 2539 752 2609 quatuor
772 2521 870 2584 millia
886 2521 1029 2598 militum,
1045 2537 1161 2607 praeter
1176 2521 1411 2588 multitudinem

356 2610 514 2687 inbellem,
535 2631 601 2674 sese
626 2609 786 2672 dedidere.
829 2605 991 2693 Oppidum
1018 2607 1156 2672 dirutum
1182 2623 1278 2696 atque
1304 2610 1413 2673 incen-

356 2719 445 2760 sum:
476 2699 515 2760 ab
541 2695 610 2759 aede
640 2708 760 2760 tanturn
786 2692 903 2757 Matris
931 2692 1066 2758 Matutoe
1090 2697 1269 2760 abstinuere
1292 2696 1412 2784 ignem.

357 2782 473 2846 Praeda
493 2781 596 2845 omnis
622 2779 713 2844 militi
736 2782 816 2844 data.
863 2779 964 2844 Extra
985 2778 1126 2864 praedam
1151 2780 1414 2866 quatuor'millla

355 2866 533 2932 deditorum
556 2866 675 2930 habita.
701 2888 754 2930 eos
780 2865 900 2929 vinctos
922 2865 1032 2930 consul
1052 2885 1125 2932 ante
1147 2889 1275 2932 currum
1298 2868 1413 2932 trium-

354 2955 456 3038 phans
471 2954 556 3040 egit:
579 2953 711 3028 venditis
732 2950 846 3016 deinde
865 2943 1011 3038 inagnum
1029 2953 1193 3038 pecuniam
1210 2955 1242 3018 in
1259 2954 1409 3019 aerarium

354 3039 488 3127 redegit.
534 3037 628 3118 Sunt,
643 3037 697 3123 qui
712 3037 796 3101 hano
819 3037 1051 3102 multitudinem
1074 3040 1229 3124 captivam
1246 3060 1407 3105 serrorum

353 3125 447 3190 luisse
471 3124 625 3190 scribant:
649 3123 744 3210 idque
766 3123 865 3211 magis
885 3124 1050 3189 verisimile
1078 3141 1136 3202 est,
1162 3149 1256 3210 quam
1285 3125 1412 3190 deditos

355 3211 498 3276 veniisse.

180 3287 327 3353 'u.c.ttu
355 3333 357 3338 ·
397 3297 567 3364 XXVIII.
593 3295 666 3362 Hos
691 3295 833 3362 consules
856 3296 955 3361 secuti
976 3308 1049 3361 sunt
1076 3259 1126 3362 M.
1148 3293 1264 3361 Fabius
1290 3295 1410 3377 Dorso,

192 3367 327 3490 3143333
356 3384 425 3451 ser.
441 3384 597 3470 Sulpicius
620 3383 813 3448 Camerinus.
860 3388 1047 3447 Auruncum
1068 3383 1145 3447 inde
1166 3382 1284 3445 bellum
1303 3384 1345 3448 ab
1360 3408 1410 3449 re-

193 3498 243 3546 aer.
255 3499 335 3561 supr.
355 3471 482 3555 pentina
496 3471 702 3556 populatione
717 3481 871 3553 coeptum.
896 3483 1051 3556 metuque,
1065 3490 1105 3532 ne
1119 3468 1151 3532 id
1166 3467 1282 3532 sactum
1298 3471 1409 3556 populi

191 3564 304 3611 crocus
354 3558 458 3636 unius,
474 3557 639 3621 consilium
659 3556 761 3619 omnis
786 3555 923 3618 nominis
939 3555 1046 3620 Latini
1067 3567 1156 3632 esset,
1172 3553 1310 3618 dictator
1324 3557 1412 3621 velut

192 3627 339 3742 pumat.
354 3643 502 3708 advena,
527 3656 683 3708 armatum
700 3643 767 3728 jam
789 3640 918 3710 Latium
942 3640 980 3706 L.
1006 3641 1120 3706 Furius
1141 3653 1276 3716 creatus,
1291 3647 1409 3730 magis·

384 3829 416 3880 85
432 3829 634 3878 Seruanda-iam.
647 3829 752 3895 .sa·aur]
771 3829 804 3874 Ut
820 3841 864 3888 pro
896 3836 932 3877 tes
943 3829 989 3876 sub
1006 3830 1078 3879 tinem
1094 3829 1176 3890 primi,
1187 3827 1297 3884 secundi,
1308 3835 1334 3875 et
1345 3831 1410 3878 tertii

352 3897 459 3944 centenis
482 3896 590 3942 nummis
611 3895 726 3942 dimidius
748 3906 864 3940 nummus
895 3895 952 3942 anni
964 3901 1155 3940 numerarentur.

351 3961 376 4006 in
399 3961 506 4020 singulos
524 3971 601 4006 annos
622 3959 775 4018 penderetur.
808 3957 864 4006 Vid.
926 3957 1171 4021 stwtsthuoque]
1188 3957 1409 4020 thuamvispon

350 4031 400 4070 not.
413 4023 451 4070 93.
463 4026 493 4070 ad
505 4039 527 4072 c.
540 4023 579 4071 la.
590 4035 669 4082 aupra.
896 4024 954 4069 talia
972 4035 1084 4069 eoneeata
1100 4023 1236 4070 levamenta
1258 4038 1314 4084 para
1333 4025 1410 4084 plebia

382 4088 414 4136 86
432 4087 463 4132 Ia
477 4089 596 4148 penatores
615 4099 691 4147 quat
710 4088 815 4142 triennii,
831 4089 864 4132 ita
895 4089 974 4134 adhuc
991 4087 1118 4144 laboraret,
1137 4087 1208 4132 tidem
1228 4097 1311 4136 tamen
1331 4089 1410 4149 publi·

349 4154 376 4196 ut
398 4155 480 4210 quartu
501 4165 602 4212 pram
624 4147 691 4212 erret]
714 4151 806 4198 Tutum
829 4165 863 4198 aaa
895 4148 1412 4212 cam,cujusinterestsotvtcrediturum·

349 4215 457 4261 alienum
482 4221 586 4275 quatuor
614 4215 769 4275 pensionibus
802 4217 863 4262 solvi
895 4223 967 4262 uatus
985 4215 1102 4274 potiorem
1123 4215 1208 4262 habuit
1226 4218 1413 4264 difficultatibus

345 4277 443 4340 jussum
462 4287 508 4336 eet,
522 4281 557 4325 ita
567 4285 595 4325 ut
611 4285 696 4338 quarta
715 4293 769 4339 para
780 4280 863 4326 statim
895 4280 1058 4340 molestiisque
1069 4279 1176 4340 priuatis.

349 4349 573 4403 mprasentaretuu
589 4351 638 4390 tres
648 4343 735 4404 reliqui
744 4345 864 4404 quadran·
