3056 4928
334 187 392 248 502
723 173 998 235 T1T1L1v11
1049 185 1051 200 ¹

174 363 309 420 nom
336 353 436 416 tomen
460 343 525 412 tine
547 349 631 409 certo
650 335 784 422 pernicie
804 347 937 416 puserd.
984 337 1074 414 Quo
1092 339 1129 414 ri,
1152 347 1186 405 ut
1206 337 1268 406 tlte
1290 335 1396 402 mse

173 434 206 481 Α·
215 434 243 482 ⁰·
254 429 309 484 3¹⁹·
334 452 402 506 rere
415 454 455 498 eo
471 427 618 512 Capitolio
632 424 760 490 armetis
779 423 811 486 iu
824 426 935 490 hostem
952 425 1045 502 lirrrit,
1060 429 1136 509 (quo
1145 445 1225 508 sepe
1237 425 1329 488 modo
1343 423 1396 484 ob·

335 521 410 591 sessi
432 517 464 582 iu
485 515 655 582 obsidentes
675 515 844 592 mrperruu)
868 513 915 576 ito
929 512 1014 576 uobis
1027 533 1112 596 equo
1133 521 1187 576 out
1208 511 1314 596 iniquo
1336 507 1401 572 loco

337 603 500 676 emimudt
514 600 717 668 tautummodo
731 617 799 660 cunr
815 598 898 664 luorte
911 599 999 681 copie
1014 607 1100 673 esset,
1115 619 1175 664 reon
1187 597 1262 660 mu
1281 594 1401 678 paterni

337 691 433 766 animi
444 687 558 757 indoles
570 685 602 752 in
615 683 739 752 oonsilio
753 685 856 748 dando
871 687 995 750 deesset.
1040 686 1193 769 &uidero
1206 693 1331 748 nortem
1343 701 1402 762 pro

335 779 439 864 patrio
462 773 643 858 preclaram
657 791 722 836 esse
738 768 867 850 fateor:
889 781 921 834 et
935 794 983 842 me
996 771 1044 836 uel
1058 774 1199 839 deuouere
1218 791 1274 852 pro
1290 767 1403 851 populo

338 867 484 932 Romam
499 861 726 947 legiorrilrueque,
741 857 789 922 uel
801 857 832 925 iu
845 859 957 922 medior
971 879 1017 922 ere
1032 859 1180 922 irrmittere
1194 859 1294 922 lrostes
1305 873 1404 937 pora-

341 962 390 1020 tus
409 971 486 1020 sum
529 948 591 1014 Sed
612 946 662 1009 uic
679 943 815 1026 petrium
834 943 931 1020 mdeo,
953 945 1002 1011 tte
1022 945 1170 1030 quitquid
1190 945 1404 1008 Romowm

342 1037 494 1124 legionum
515 1044 571 1098 est.
596 1052 673 1116 quse,
689 1030 747 1096 uisi
768 1051 825 1112 pro
845 1052 877 1094 se
898 1031 970 1110 ipris
990 1031 1033 1095 od
1055 1039 1178 1102 mortem
1191 1051 1275 1096 ruere
1287 1029 1403 1102 uolunt,

340 1125 414 1211 quid
435 1122 554 1197 habent,
570 1121 649 1204 quod
671 1125 765 1180 morte
785 1137 842 1180 nra
863 1122 1006 1182 seruent?
1034 1117 1128 1184 Tecto
1141 1117 1232 1194 urbis,
1247 1116 1333 1180 ‹licot
1348 1113 1405 1178 uli-

342 1212 417 1297 quis,
434 1217 464 1272 el
489 1208 611 1281 omniu,
627 1213 656 1268 el
678 1224 747 1268 eam
769 1205 897 1278 trulum,
913 1225 933 1266 u
955 1225 1018 1288 quo
1038 1201 1109 1268 urlrs
1129 1203 1278 1268 moolitur.
1301 1202 1403 1274 mereo,

342 1296 470 1372 wude,
485 1295 652 1378 produntur
672 1311 711 1354 eo
732 1289 844 1366 omnic,
859 1289 954 1354 deleto
975 1291 1031 1353 lroc
1051 1291 1191 1366 exercitis,
1206 1309 1266 1354 nors
1283 1307 1406 1352 seruau-

342 1395 404 1450 tur.
451 1379 526 1457 Qrtis
546 1379 624 1443 euim
644 1398 682 1440 eo
705 1375 860 1440 tuebitur?
884 1374 1009 1440 lulrellis
1023 1376 1158 1442 uidelicet
1179 1385 1265 1460 atque
1284 1373 1407 1438 menne

343 1469 534 1539 multituda?
557 1475 633 1540 torn,
656 1463 785 1538 lrercule
801 1482 927 1545 quomo
944 1457 1108 1527 Gallorum
1133 1463 1234 1543 inpetu
1258 1459 1406 1544 defendit.

345 1557 398 1622 An
419 1576 441 1619 o
460 1553 540 1618 Veiis
561 1549 720 1616 mercum
736 1548 958 1632 Camillumque
978 1550 1084 1614 ducem
1103 1544 1323 1631 inploralunt?
1345 1545 1408 1610 Hic

345 1661 444 1794 llll
457 1633 1409 1802 ‘lttlttttttlt‘tzfflffl'ltffllttt

347 1825 438 1898 utque
447 1811 647 1896 ignominiosa
658 1808 772 1870 deditio
785 1816 843 1870 est.
864 1809 925 1872 Sed
935 1829 974 1872 ea
986 1743 1102 1872 catillis
1112 1809 1221 1890 potriae
1230 1818 1285 1882 est,
1302 1816 1334 1870 ut
1346 1816 1410 1868 tom

347 1897 516 1986 ignominie
526 1917 604 1972 eum,
620 1915 713 1978 quum
726 1903 822 1956 morte
835 1902 948 1974 metro,
963 1895 991 1958 si
1003 1913 1076 1977 opru
1087 1896 1137 1972 eit,
1153 1915 1314 1960 rememoro.
1336 1893 1410 1958 Sub-

348 1995 436 2053 eatur
460 2004 534 2069 ergo
555 1983 627 2058 ista,
653 1989 894 2066 quantacumque
915 1990 970 2058 est,
994 1981 1178 2064 indignitas,-
1209 1991 1239 2044 et
1267 1989 1413 2061 parentur

348 2071 526 2146 ueceuituti,
540 2089 628 2154 mrum
651 2088 690 2130 ue
712 2067 770 2130 Dii
792 2067 913 2150 quidem
932 2078 1084 2148 superum.
1128 2068 1187 2144 Ite,
1202 2065 1346 2142 consules,
1365 2085 1413 2128 re·

348 2158 450 2225 dimite
461 2157 556 2220 armis
570 2153 730 2229 ciuitatem,
746 2173 839 2237 quum
852 2174 928 2216 auro
942 2153 1071 2236 uraJirres
1085 2154 1178 2220 uestri
1190 2155 1392 2220 redemerunt.

393 2242 435 2318 V,
460 2240 614 2308 Consules
636 2238 767 2325 proiecti
789 2238 831 2304 ad
855 2239 1006 2307 Pontium
1028 2240 1061 2304 in
1080 2239 1284 2327 conloquium
1337 2259 1412 2304 uum

229 2361 236 2377 ·
349 2331 391 2403 de
411 2329 531 2396 tedere
552 2328 654 2392 victor
675 2326 820 2412 agitaret,
843 2339 1012 2413 negarunt,
1034 2326 1154 2412 injussu
1178 2325 1289 2412 pupuli
1311 2263 1415 2390 indus

227 2443 233 2452 ·
351 2418 421 2485 fieri
438 2439 550 2502 posse:
574 2435 633 2480 nec
654 2413 721 2478 sine
742 2411 905 2478 seciulibus
925 2413 1165 2500 ceremonieque
1179 2413 1243 2478 ulis
1256 2411 1414 2478 sollemni.

353 2506 368 2578 l
425 2527 465 2573 ue
489 2521 563 2578 non,
588 2515 623 2566 ut
645 2498 742 2586 vulgo
764 2498 908 2576 credunt,
932 2498 1147 2588 Claudiusque
1168 2501 1262 2566 etism
1293 2499 1414 2574 scribit,

351 2518 474 2658 ffflere
489 2610 552 2675 peu
571 2585 729 2666 Caudino,
741 2585 796 2649 sed
813 2585 837 2622 ¹³
848 2606 904 2670 per
919 2587 1130 2671 sponsionem,
1146 2584 1229 2652 lectu
1243 2599 1302 2652 est.
1327 2584 1416 2662 Quid

352 2678 437 2746 enirn
460 2691 516 2741 eut
537 2672 741 2758 sponsoribus
763 2671 796 2735 in
819 2670 943 2738 foedere
964 2695 1045 2758 opus
1067 2685 1149 2738 esset
1163 2687 1217 2740 unt
1236 2671 1415 2746 obsidibus,

356 2764 410 2830 ubi
429 2763 614 2848 precatione
636 2781 685 2822 res
707 2757 919 2845 transigitur?
939 2781 992 2841 per
1005 2782 1092 2844 quem
1110 2761 1253 2842 populum
1266 2761 1344 2841 fiet,
1361 2779 1419 2844 quo

355 2852 452 2914 mirrus
469 2849 583 2933 legibrrr
597 2845 685 2910 dictis
696 2855 803 2922 stetur,
818 2853 852 2909 ut
867 2863 934 2908 euur
954 2848 1001 2911 itu
1015 2845 1137 2928 Jupiter
1148 2843 1259 2928 feriat,
1274 2847 1418 2932 mennati-

355 2937 478 3002 modum
491 2956 511 2998 o
519 2929 683 3014 sodalibus
695 2929 955 3025 percusseriotur.
999 2933 1249 3034 spoponderunt
1263 2932 1420 3010 consules,

358 3021 465 3108 trigeti,
481 3033 665 3172 guestrrres,
680 3015 800 3082 tribuni
816 3017 971 3094 militumr
993 3039 1187 3105 nominaque
1197 3021 1352 3095 omnium,
1365 3017 1419 3104 qui

358 3129 480 3194 spopon
504 3119 607 3183 erunt,
635 3115 777 3168 exstent:
802 3103 868 3180 ubi,
895 3104 921 3168 si
947 3127 988 3170 ex
1014 3102 1134 3170 foedere
1159 3119 1230 3172 actu
1254 3129 1306 3170 res
1331 3117 1420 3180 esset,

358 3208 572 3282 preterquam
597 3193 735 3257 duorum
760 3189 926 3267 fecialium,
947 3212 1013 3256 non
1034 3204 1216 3268 exstarentr
1238 3205 1270 3258 et
1289 3203 1422 3278 propter

359 3280 566 3352 necessariam
582 3276 712 3342 ioederis
727 3275 913 3342 dilutionem
927 3277 1054 3344 obsides
1068 3279 1162 3344 etism
1177 3280 1320 3344 sexcenti
1335 3281 1423 3366 equi·

360 3382 407 3436 tes
421 3367 579 3452 imperati,
594 3363 650 3450 qui
665 3363 768 3451 capite
781 3362 915 3442 luerent,
930 3365 956 3428 si
971 3377 1066 3450 pecto
1077 3387 1141 3430 non
1153 3377 1302 3432 staretur.
1326 3365 1423 3431 Tem·

360 3479 421 3542 pus
442 3453 518 3522 inde
539 3463 693 3520 statutum
715 3449 878 3516 tradendis
898 3450 1062 3518 obsidibus
1084 3453 1289 3539 exerdtuque
1309 3453 1424 3518 inermi

362 3539 529 3608 mittendo.
576 3536 815 3625 Redintegravit
838 3536 961 3602 luctum
985 3539 1019 3604 in
1045 3539 1155 3604 cestris
1177 3539 1344 3606 consulum
1368 3538 1423 3604 ad·

361 3641 485 3705 ventus,
501 3639 536 3690 ut
552 3625 606 3690 vix
621 3623 663 3689 eb
677 3623 715 3688 iis
729 3623 923 3688 abstinerent
946 3646 1068 3703 munus,
1085 3645 1221 3712 qnorum
1247 3627 1424 3691 temeritate

363 3718 397 3780 iu
412 3736 486 3783 eum
509 3712 614 3778 lucum
629 3710 761 3776 deducti
774 3723 896 3788 essent3
920 3733 1055 3798 quorum
1071 3713 1198 3802 ignavie
1210 3711 1326 3778 fedius
1340 3713 1424 3789 inde,

363 3824 460 3890 quem
488 3799 654 3874 recusent,
684 3796 808 3862 abituri.
846 3795 907 3863 illis
935 3820 1000 3864 non
1033 3798 1147 3865 ducem
1176 3799 1332 3876 locorum,
1362 3819 1425 3864 non

364 3887 597 3974 exploratorem
627 3880 744 3948 luisse:
777 3881 954 3952 belluarum
982 3883 1081 3950 modo
1109 3907 1209 3952 cecos
1241 3885 1276 3950 in
1303 3887 1424 3954 foveam

366 3976 488 4040 missos.
534 3972 601 4036 Alii
616 3969 695 4036 elios
709 3969 835 4050 intueri,
846 3971 1055 4055 contemplari
1068 3993 1157 4038 nure
1170 3993 1246 4038 mox
1260 3971 1424 4050 tredendo,

367 4077 399 4126 et
421 4062 557 4126 inermes
578 4057 699 4122 futures
720 4055 859 4134 dextros,
874 4057 1077 4146 obnoxioque
1091 4080 1226 4145 corpore
1240 4057 1334 4125 hosti.
1355 4081 1428 4146 pro·

402 4281 455 4332 18⁸
464 4281 512 4329 Prr
528 4281 683 4345 specttorum]
708 4277 886 4340 spondentibus
918 4283 974 4340 bus,
985 4281 1098 4342 tn'bnnis,
1107 4279 1186 4328 ledus
1196 4279 1288 4328 loetum
1300 4281 1337 4325 iri.

371 4355 467 4396 tontum
484 4347 632 4404 consulibus,
651 4346 745 4406 legatis,
761 4345 886 4405 questori-
