3032 4924
293 325 301 334 ³
341 237 400 306 ars
639 226 643 232 ’
738 235 850 298 τιτι
877 234 1016 298 urvrr

183 417 212 464 u.
221 409 249 465 c.
259 415 316 466 urs
343 402 515 489 columque
533 400 615 482 erat)
629 421 663 466 se
681 395 854 479 obierebat,
869 401 1033 490 increpare
1047 396 1163 492 singuli
1176 421 1211 465 se
1224 399 1360 488 quisque
1372 411 1404 466 et

183 481 318 533 ΝΜ·
345 489 433 565 alios,
448 505 481 553 et
499 487 678 553 adhortatio
698 488 843 553 invicem
866 501 965 553 totam
987 487 1084 554 alacri
1106 488 1244 552 clamore
1265 488 1403 572 pervasit

345 577 457 642 aciem.
501 576 615 661 Neque
629 575 708 639 alter
721 575 868 642 tribunus
887 574 932 640 rei
953 574 1071 640 definit:
1095 574 1161 651 sed,
1176 575 1289 638 missus
1304 596 1324 637 a
1338 572 1403 638 col-

289 731 291 738 ,
345 663 417 748 lega
435 659 618 726 restituente
638 661 778 746 peditum
801 661 898 726 aciem
921 661 961 726 ud
984 662 1114 746 equites,
1129 683 1193 725 non
1210 659 1404 746 castigando,

349 749 401 834 (ad
417 769 513 834 quum
537 769 601 812 rem
624 746 772 812 leviorem
788 759 948 812 auctorem
964 768 1036 812 eum
1060 747 1162 833 culpoe
1177 746 1309 811 societas
1324 745 1404 810 fece·

345 838 408 916 rat)
431 834 495 911 sed,
517 835 556 897 ab
579 835 713 917 imperio
732 846 816 898 totus
838 833 878 898 ad
899 855 1008 919 preces
1023 855 1142 914 versus,
1157 853 1249 897 orare
1263 830 1404 918 singulos

344 921 579 1006 universosque,
594 931 629 984 ut
642 942 684 998 ae,
699 919 804 983 'retum
815 921 960 1006 fortuaae
984 919 1047 1005 ejru
1065 920 1136 997 diei,
1152 922 1281 984 crimine
1294 921 1406 983 estme-

344 1018 421 1072 rent.
468 1007 628 1072 Adnuente
640 1029 677 1070 cc
685 1006 868 1090 prohibente
877 1009 1003 1092 collega,
1019 1008 1199 1071 temeritatis
1212 1029 1257 1070 nte
1272 1007 1405 1069 omniunt

339 1096 445 1178 potius
454 1096 575 1169 socium,
587 1111 679 1178 ‘mum
693 1093 975 1176 uuiuspmdintiae,
991 1095 1073 1156 dedi.
1107 1093 1254 1158 Camillus
1268 1094 1303 1156 iu
1318 1101 1405 1158 ratra-

345 1202 402 1264 que
416 1190 515 1244 nestro
528 1180 667 1265 fortuna
689 1201 773 1244 urum
794 1181 929 1264 gloriam
955 1181 1058 1243 uidet.-
1081 1201 1146 1263 ego,
1168 1181 1204 1244 ni
1228 1180 1405 1243 restituitur

338 1287 460 1351 pugno,
485 1268 579 1351 (quod
599 1267 797 1330 miserrimum
818 1266 875 1346 est)
882 1266 1050 1350 fortunam
1071 1287 1135 1329 cum
1151 1265 1295 1339 omnibus,
1318 1265 1403 1350 infc-

344 1356 437 1418 mium
455 1355 535 1418 solus
557 1353 696 1417 seutiam.
741 1351 905 1435 Optimum
922 1352 1022 1414 visum
1039 1365 1097 1434 eat,
1118 1349 1174 1414 ’in
1194 1350 1404 1415 fluctuantem

344 1439 442 1502 aciem
473 1437 554 1503 tradi
583 1460 692 1522 equos,
721 1449 753 1501 et
783 1437 919 1520 pedestri
948 1459 1058 1526 pugna
1084 1436 1234 1501 invadere
1269 1435 1404 1501 hostem.

345 1524 434 1590 Eunt
457 1523 594 1612 insignes
618 1524 714 1588 armis
737 1523 919 1608 animisque,
940 1544 1003 1609 qua
1024 1525 1124 1609 premi
1148 1539 1239 1609 parte
1265 1525 1405 1588 maxime
1502 1533 1505 1560 l

344 1613 486 1696 peditum
516 1613 623 1696 copias
654 1608 772 1673 vident.
803 1608 895 1690 nihil,
911 1625 1028 1694 ‘neque
1056 1609 1143 1694 apud
1165 1609 1271 1686 duces,
1300 1632 1403 1695 neque

342 1697 430 1783 apud
447 1696 572 1775 milites,
587 1695 759 1760 remittitur
772 1718 793 1759 a
806 1717 930 1760 summo
951 1696 1124 1760 certamine
1143 1696 1252 1759 animi.
1300 1696 1403 1760 Sensit

182 1791 317 1870 vtciva·
340 1805 422 1870 ergo
441 1798 570 1848 eventus
584 1781 708 1846 virtutis
729 1782 825 1846 enisoe
839 1803 952 1864 opem:
974 1794 1006 1847 ct
1020 1780 1136 1860 Volsci,
1159 1781 1342 1868 quamodo
1363 1783 1402 1846 si·

182 1869 224 1905 ⁸⁹¹·
343 1873 464 1934 mulato
488 1882 573 1933 metu
597 1882 763 1943 cesserant,
789 1867 880 1932 eain
901 1889 1006 1932 verum
1031 1867 1139 1954 sugam
1160 1867 1261 1946 effusi,
1288 1889 1402 1954 magna

342 1976 416 2042 pars
430 1969 462 2020 et
477 1955 508 2018 in
525 1954 594 2039 ipso
608 1952 790 2029 certamine,
813 1964 930 2038 etpost
949 1955 982 2018 in
997 1953 1072 2042 fuga
1091 1954 1185 2019 caesi:
1208 1954 1235 1993 ¹⁰
1248 1957 1346 2020 ceteri
1368 1955 1400 2019 in

343 2042 463 2121 castris,
478 2062 551 2141 quas
565 2053 658 2130 capta
680 2039 791 2104 eodem
817 2041 925 2125 inpetu
952 2054 1035 2118 sunt,
1051 2040 1156 2125 plures
1175 2055 1281 2106 tameo
1305 2041 1400 2129 capti,

366 2151 438 2193 uam
454 2149 562 2192 occist.

343 2150 501 2280 qXXV.
526 2213 592 2280 Ubi
615 2214 648 2278 in
672 2215 871 2280 recensendis
893 2215 1024 2301 captivis
1037 2236 1134 2301 quum
1149 2213 1324 2280 'Iurculani
1346 2213 1401 2280 ali·

342 2313 419 2388 quot
440 2301 681 2381 concitarentur,
696 2301 806 2366 secreti
830 2301 872 2366 ab
890 2301 957 2365 aliis
972 2302 1011 2365 ad
1027 2301 1172 2366 tribunos
1185 2299 1398 2379 adducuntur,

342 2387 684 2490 percunctantibusque
698 2386 781 2464 fassi,
797 2386 927 2472 publico
950 2387 1081 2452 consilio
1105 2409 1139 2451 se
1163 2387 1326 2453 militasse.
1348 2409 1400 2452 cu-

337 2497 390 2562 Jua
410 2489 476 2540 tam
490 2475 584 2540 vicini
607 2473 682 2540 belli
708 2488 793 2538 metu
819 2473 973 2539 Camillus
996 2487 1110 2550 motus,
1126 2477 1322 2558 eatemplose
1335 2476 1406 2539 Ro:

341 2583 421 2627 marn
430 2563 568 2646 caprinos
578 2563 744 2637 ducturum,
759 2561 815 2638 ait,
826 2582 865 2624 ne
874 2563 989 2625 Patres
1004 2561 1110 2645 ignari
1122 2561 1195 2637 sint,
1217 2561 1404 2626 Terentianus

342 2649 382 2712 ab
395 2651 539 2714 societate
553 2649 686 2713 descisse.
701 2648 818 2710 ¹castris
832 2648 1036 2731 eaercduique
1057 2648 1192 2727 interim,
1206 2649 1235 2711 si
1249 2649 1400 2725 uideatur,

335 2737 449 2816 pressit
463 2735 587 2818 collega.
632 2733 836 2796 Documento
846 2755 929 2796 unus
940 2731 1007 2796 dies
1020 2729 1135 2810 iuerat,
1147 2753 1188 2796 ne
1203 2755 1258 2797 sua
1270 2733 1401 2798 consilia

343 2818 526 2883 melioribus
548 2815 720 2902 praeferret.
745 2839 804 2881 nec
828 2829 933 2882 temen
957 2830 1013 2882 aut
1031 2818 1107 2901 ipsi,
1126 2834 1179 2883 aut
1201 2821 1234 2882 in
1258 2821 1399 2885 exercitu

341 2906 487 2990 cuiquam
511 2905 584 2968 satis
605 2903 730 2988 placato
750 2902 857 2967 animo
878 2903 1033 2968 Camillus
1054 2905 1173 2968 laturus
1186 2905 1314 2990 culpam
1338 2909 1401 2994 ejus

342 2991 519 3067 videbatur,
535 3013 597 3076 qua
621 2989 696 3052 data
720 2991 752 3052 in
775 3001 839 3053 tarn
866 2989 1061 3074 praecipitem
1084 3013 1191 3054 casum
1223 2993 1400 3077 respublica

341 3091 420 3140 esset
429 3099 439 3153 ς
455 3090 493 3140 et
507 3074 628 3162 quum'¹
643 3075 675 3139 in
690 3076 841 3155 exercitu,
856 3089 923 3141 tum
948 3079 1061 3141 Romus
1084 3091 1231 3142 constans
1255 3080 1399 3144 omnium

340 3159 425 3228 fama
448 3175 526 3243 erat,
540 3181 637 3248 quum
659 3161 746 3226 varia
769 3160 897 3227 fortuna
919 3163 953 3226 iu
974 3163 1096 3226 Volscis
1118 3178 1205 3250 gestu
1231 3187 1281 3228 res
1308 3178 1398 3242 esset,

341 3248 483 3314 adversae
502 3269 620 3335 pugnas
634 3245 782 3332 irrgaeque
802 3245 837 3312 in'
851 3249 890 3315 L.
905 3247 1001 3314 Furio
1015 3249 1154 3335 culpam,
1174 3252 1325 3316 secundae
1347 3253 1400 3318 de·

341 3355 397 3400 cus
416 3356 511 3400 omne
525 3355 621 3420 penes
643 3333 691 3398 M.
711 3334 843 3402 Furium
858 3357 935 3400 esse.
981 3335 1176 3400 introductis
1198 3337 1231 3400 in
1254 3352 1397 3403 sensuum

341 3422 482 3508 captivis,
498 3442 595 3508 quum
615 3420 698 3484 bello
718 3421 954 3508 persequendos
974 3421 1171 3486 Tusculanos
1195 3422 1308 3488 Patre's
1328 3445 1399 3489 cen·

109 3515 110 3520 ’
178 3529 275 3590 uanum
340 3510 484 3587 ruissent,
502 3506 701 3593 Camilloque
712 3507 744 3572 id
759 3507 877 3573 bellum
897 3509 1111 3584 mandasseut3
1137 3507 1318 3594 adjutorem
1341 3511 1402 3575 sibi

176 3591 322 3710 ml·
339 3596 380 3661 ad
396 3617 465 3660 eam
489 3617 555 3660 rem
578 3615 679 3659 unum
699 3593 795 3680 petit:
816 3593 1041 3680 permissoque,
1058 3607 1094 3658 ut
1108 3616 1147 3658 ex
1163 3595 1293 3682 collegis
1308 3610 1399 3684 opta·

746 3747 759 3788 h
775 3753 826 3798 tum
836 3751 910 3798 Gmn.
920 3751 992 3798 Crer.

367 3897 851 3963 ⁸⁸12um10utprasrareceueretror·
881 3899 985 3961 relinqui
1006 3913 1090 3961 equos,
1113 3905 1137 3946 et
1157 3899 1219 3946 tradi
1240 3901 1398 3948 mandor

336 3971 421 4012 tunam
441 3960 494 4026 ejus
509 3965 566 4012 diei.
608 3962 671 4010 Rern
690 3965 850 4025 mirapeis
881 3965 1013 4011 calonibus.

335 4043 408 4090 quem
417 4029 508 4078 Gallice
516 4029 620 4076 dicimus
627 4027 775 4089 mansuile.
792 4027 848 4076 vid.
915 4026 968 4076 10ι
979 4029 1056 4077 Ceteri
1067 4029 1092 4074 ia
1101 4027 1303 4088 murianplsrcs
1311 4021 1399 4090 burn]

335 4092 399 4139 infra
410 4099 461 4140 not.
471 4094 502 4139 ad
514 4091 562 4139 IX.
574 4091 598 4139 9.
798 4142 805 4154 .
881 4093 959 4140 Ceteri
981 4093 1006 4139 in
1034 4095 1118 4140 castris
1145 4093 1210 4146 cresi,
1239 4092 1290 4138 imo
1318 4093 1397 4152 plures

367 4155 383 4204 9
408 4157 440 4202 Iu
462 4157 617 4215 fluctuosum
648 4155 732 4220 anmi]
773 4157 848 4204 Recte
880 4158 944 4218 eapti
963 4171 1037 4218 quem
1061 4151 1140 4204 occisi.
1182 4157 1287 4218 Corrigit
1314 4155 1397 4203 livius

334 4221 430 4267 videtur
459 4222 586 4268 emendare
619 4221 755 4268 Gronovius
787 4223 849 4268 laur
880 4223 1076 4281 perpurticulam
1092 4225 1167 4268 tumen
1184 4221 1210 4268 id
1223 4223 1289 4282 quod
1300 4234 1348 4267 non
1356 4235 1398 4266 ex·

325 4283 479 4345 ‚luitwatcm
497 4285 584 4332 ntem.-
600 4285 616 4331 i.
634 4299 655 4331 e
672 4287 732 4332 dum
747 4287 848 4333 fluctuet
880 4286 966 4344 pressit
977 4287 1086 4346 quidem,
1106 4287 1148 4333 scd
1166 4287 1191 4332 in
1211 4293 1294 4333 mente
1305 4285 1396 4333 babuit.

332 4349 406 4406 acies,
417 4349 519 4396 necdum
537 4349 595 4396 satis
613 4365 628 4396 n
646 4350 804 4408 trepidatione
823 4357 848 4398 et
881 4349 935 4398 vta.
948 4357 999 4398 not.
1010 4350 1033 4400 {i
1046 4353 1076 4399 nd
1088 4351 1117 4398 V·
1130 4349 1171 4398 sl.

333 4413 391 4475 iuga
410 4427 461 4460 sese
477 4413 582 4474 collegit.
619 4411 691 4462 Tralli
706 4427 781 4474 eqreor,
798 4415 847 4463 ie.
932 4443 943 4460 2
