3032 4924
435 191 529 251 tht
550 189 621 252 vn.
648 189 755 251 CAP.
773 191 826 251 11.Ι
1101 197 1156 250 iol

108 355 237 420 alternis
254 353 430 440 jaciebant3
453 355 505 420 sed
531 353 663 440 inpletas
689 354 792 422 modis
815 353 980 434 ¹⁸saturas,
1003 351 1160 439 descripto
1169 367 1201 418 υ.
1209 367 1237 418 c.
1247 368 1304 420 aar.

105 445 169 526 jam
194 439 235 506 ad
261 441 419 506 tibicinem
446 454 551 521 cantu,
573 453 725 542 motuque
747 443 935 528 congruenti
957 433 1302 527 peragebant.⁸·⁰·³⁶¹·

109 527 133 566 ¹⁴
144 525 254 592 Livius
270 543 338 611 post
354 527 472 614 aliquot
493 549 601 604 annos,
624 549 678 613 qni
697 527 773 592 ¹⁵ab
794 529 907 593 saturis
927 549 1019 592 ausus
1032 539 1079 591 est
1093 526 1159 610 pri-

107 635 174 677 mus
201 627 389 701 argumento
418 613 554 678 iabulam
586 633 697 690 serere,
729 613 825 698 (idem
855 615 980 690 scilicet,
1011 612 1044 677 id
1073 611 1158 698 quod

107 718 214 763 omnes
240 713 428 781 tumerent,
450 721 577 764 suorum
602 699 777 764 carminum
799 703 901 780 actor)
921 699 1045 776 dicitur,
1061 719 1159 785 quum

107 785 220 870 saepius
242 801 410 852 revocatus
428 806 535 850 vocem
558 784 740 864 obtudisset,
754 786 845 852 venia
859 787 957 871 petita
971 807 1104 870 puerum
1119 784 1161 849 ad

106 871 281 936 canendum
295 886 370 936 ante
380 871 540 936 tibicinem
555 893 653 958 quum
667 872 832 950 statuisset,
849 873 874 912 ¹⁶
884 872 1039 938 canticum
1062 872 1161 959 egisse

106 957 270 1043 aliquanto
296 958 395 1044 magis
416 959 561 1046 vigente·
575 970 674 1035 motu,
691 960 766 1042 quia
780 955 857 1022 nihil
883 959 967 1022 vocis
984 979 1057 1022 usus
1072 957 1161 1042 inpa-

106 1045 220 1108 dienat.
259 1043 332 1108 inde
357 1043 437 1109 ¹⁷ad
464 1065 591 1108 manum
625 1044 746 1108 cantari
771 1045 975 1110 histrionibus
1008 1058 1159 1128 coeptum,

106 1129 480 1215 ”diuerbiaquetantum
501 1131 640 1213 ipsorum
657 1131 726 1194 voci
741 1130 857 1196 relicta.
904 1131 981 1194 Post
1004 1151 1076 1194 uam
1091 1129 1162 1218 lege

105 1214 163 1278 hac
187 1215 370 1280 fabularum
396 1217 437 1281 ab
461 1215 523 1280 risu
547 1238 584 1280 ec
606 1216 709 1280 soluto
729 1219 805 1302 joco
831 1239 879 1280 res
902 1237 1000 1281 avoca
1022 1232 1103 1291 atur,
1130 1219 1161 1280 'et

104 1300 193 1366 ludus
216 1302 250 1364 in
276 1314 377 1366 artem
403 1301 563 1386 paullatim
589 1315 743 1381 verterat3
772 1305 931 1388 juventus,
955 1301 1160 1366 histrionibus

105 1385 289 1452 fabellarum
311 1400 384 1452 actu
398 1387 517 1465 relicto,
535 1389 600 1472 ipsa
618 1388 701 1452 inter
721 1411 753 1452 se
776 1411 863 1453 more
878 1389 1009 1474 antiquo
1029 1387 1161 1451 ridicula

106 1473 224 1538 intexta
244 1474 386 1538 versibus
400 1474 546 1558 jactitare
568 1472 685 1558 coepit:
709 1472 816 1560 ¹⁹quae
838 1474 912 1540 inde
927 1472 1039 1538 exodia
1053 1485 1161 1559 postea

490 1665 502 1694 ¹
518 1661 606 1726 olgerii
618 1661 692 1708 Gron.
703 1659 775 1712 Cres.

104 1857 165 1893 mue
182 1843 308 1908 jaciebant
327 1847 512 1908 incompositum
529 1863 558 1896 ac
577 1863 617 1895 ru·
649 1857 745 1911 qunque
764 1849 848 1896 binius
865 1846 930 1895 inire
947 1843 1033 1892 XXV.
1049 1844 1073 1890 6.
1091 1843 1160 1898 Fato,

104 1911 156 1958 deur
172 1925 281 1966 uernam,
296 1911 450 1973 similemque
468 1913 617 1962 Fescennino
649 1917 714 1978 cujas
734 1915 785 1975 lege
805 1911 930 1960 immobilia
950 1923 1029 1956 murt
1049 1909 1162 1956 humosa·

106 1976 243 2033 verru,i.e.
256 1976 348 2024 omui.
370 1976 480 2024 Fortasse
490 1978 617 2038 tropeam
648 1979 769 2026 merda
778 1979 872 2024 mitam

106 2035 184 2085 licius
201 2055 306 2099 verrem,
323 2042 444 2100 quomodo
460 2043 549 2089 habent
568 2043 617 2089 duo
683 2042 713 2090 lt
733 2042 866 2105 Canticum]
884 2043 1007 2092 cambum
1017 2040 1048 2084 ab
1060 2051 1108 2085 uno
1119 2037 1162 2084 ho·

105 2104 183 2163 scripti
199 2118 215 2151 e
234 2104 360 2152 Gronovio
371 2105 481 2166 inspecti,
491 2113 515 2151 et
526 2107 616 2155 Victor.
649 2107 716 2154 mine
737 2107 868 2153 canebatur
886 2108 916 2152 ad
943 2103 1048 2152 tibicinis
1068 2103 1161 2148 modos.

105 2167 182 2214 eodem
223 2169 302 2216 Porro
323 2169 476 2216 Fescenninus
498 2183 581 2217 vernas
602 2185 617 2217 a
649 2171 731 2224 Quum
753 2177 836 2217 summ
858 2171 982 2217 tibicinem
1004 2173 1059 2227 post
1080 2173 1162 2213 sctum

106 2229 232 2280 emnia
242 2233 348 2280 suun·
365 2235 425 2279 urbe
440 2235 519 2282 dictus
529 2242 574 2288 est,
586 2249 617 2282 ex
649 2247 770 2296 quemque
780 2234 893 2282 cecinisse
904 2237 1017 2294 appareat
1028 2243 1058 2276 ex
1069 2230 1099 2276 iis
1111 2243 1164 2276 ver·

105 2309 149 2354 qus
166 2295 272 2344 liontam
292 2303 328 2344 est
347 2297 441 2345 allatus.
473 2299 511 2346 De
528 2300 615 2346 covid.
649 2299 694 2352 bis,
706 2299 794 2359 quibus
806 2297 906 2345 Plautus
916 2299 941 2343 in
954 2295 1072 2342 Pseudolo
1080 2300 1162 2340 actum

108 2357 162 2406 ilos.
173 2362 199 2407 in
211 2362 257 2423 Ep.
272 2361 308 2409 1¹.
319 2362 336 2410 l.
349 2361 382 2407 ll.
648 2364 756 2424 primum
777 2362 919 2416 concludit‘
931 2361 1053 2408 anticum
1076 2355 1163 2419 subjici

136 2423 165 2472 1³
185 2425 300 2489 Saturus]
323 2426 410 2473 Satara
432 2427 526 2486 proprie
547 2434 615 2474 notat
648 2428 747 2474 solitum
768 2439 820 2472 esse
842 2427 928 2486 cuique
949 2422 1073 2469 comtrdlar
1097 2421 1163 2468 actui

105 2487 192 2536 lancem
209 2496 326 2536 onustam
345 2502 392 2537 uva
408 2500 486 2549 passa,
509 2493 614 2552 polenta,
648 2491 777 2539 verisimile
796 2497 839 2536 eet.
874 2489 949 2536 Porro
965 2487 1078 2532 malicum
1094 2498 1164 2544 agere

105 2554 266 2614 etomnigena
277 2554 386 2601 ciborum
402 2553 539 2615 acirugum
553 2557 614 2602 vari·
647 2563 684 2602 est
703 2555 911 2616 gesticulationem
936 2551 1029 2598 cantico
1050 2549 1163 2596 conveni·

104 2623 172 2672 etsie,
188 2630 244 2677 quoe
262 2618 337 2664 sacris
349 2617 441 2664 cerens
458 2619 612 2666 inferebatur.
647 2627 729 2666 entem
740 2631 859 2680 peregere.

96 2679 161 2730 ‚lude
170 2695 198 2728 ee
208 2695 269 2728 roae
280 2683 406 2742 designata
417 2689 453 2728 est
463 2695 544 2730 rerum
555 2685 613 2730 mis·
681 2683 709 2731 lt
727 2683 767 2730 Ad
782 2696 877 2728 manum
886 2675 991 2745 cantari]
1006 2679 1161 2734 Institutum,

105 2749 155 2791 turs
175 2747 291 2806 quadarn
313 2753 338 2792 et
359 2745 429 2806 quasi
450 2747 560 2808 imagor
586 2762 613 2795 ac
646 2755 674 2795 ut
691 2747 814 2794 histrionis
834 2745 1021 2806 gesticulationl,
1040 2755 1094 2802 quas
1115 2741 1163 2788 ssl-

104 2811 310 2870 porrogeoushoc
318 2811 520 2870 poematis,quod
529 2813 613 2858 multis
646 2813 721 2859 tando
743 2813 814 2859 debat
834 2815 859 2856 et
880 2811 974 2872 loquaci
996 2820 1082 2866 maon,
1106 2819 1162 2854 can-

103 2883 125 2918 et
136 2875 205 2920 seriis
216 2875 290 2922 rebus
301 2875 416 2921 rdertum
428 2881 488 2922 erat.
511 2875 613 2923 Dmma-
646 2878 721 2922 tando
748 2875 946 2935 responderetur:
980 2885 1056 2935 quum
1090 2877 1163 2918 antu

104 2937 174 2984 ticum
185 2939 242 2993 luit,
259 2944 288 2984 nt
305 2939 368 2984 clare
379 2951 409 2985 ex
420 2940 465 2985 boc
476 2940 528 2987 loco
539 2947 612 3002 patet.
645 2941 1012 2994 idemetcanerct,ctsaltaret

104 2999 263 3050 Modisutesn
275 3003 315 3048 bic
327 3003 474 3063 intelligendi
492 3012 549 3051 tunt
562 3019 614 3050 mo·
680 3005 710 3052 18
732 2999 854 3065 maath]
893 3003 1032 3051 Diuerliam
1066 2999 1163 3054 dicitur·

104 3065 191 3112 dulstio
209 3067 325 3128 quedam
344 3080 372 3113 sc
389 3067 517 3128 descriptio
528 3075 614 3116 cantus
646 3071 742 3129 quando
753 3069 840 3116 diversi
852 3067 924 3116 verba
935 3069 1041 3126 iscium:
1057 3077 1086 3110 ac
1101 3063 1162 3110 nihil

103 3135 228 3192 motusque
239 3143 368 3190 corporum
384 3132 509 3178 sffmnbus
519 3133 614 3179 drama·
645 3133 712 3180 aliud
731 3140 777 3191 est,
797 3146 872 3194 quam
891 3139 960 3192 actus
979 3137 1003 3178 at
1022 3143 1110 3183 scenae.
1132 3141 1164 3175 ex
1266 3149 1269 3157 ·

104 3193 285 3262 tiseoogrnens.
318 3195 386 3241 Dum
403 3196 478 3256 igitur
496 3197 553 3244 dicit
572 3197 613 3242 Li·
646 3197 734 3258 qulbus
753 3199 832 3258 ipsum
852 3198 941 3243 inbuite
959 3207 1046 3256 corpus
1060 3199 1162 3240 consut-

105 3257 155 3304 rius
172 3261 281 3320 inspicias
299 3259 371 3304 modis
389 3265 489 3319 murae,
502 3275 543 3307 eas
562 3261 614 3308 vult
645 3261 783 3320 opponitur
794 3261 866 3308 cboro
878 3267 902 3306 et
913 3262 1039 3308 cantico-¹

100 3316 163 3380 jusit
185 3323 302 3382 descripti
323 3325 353 3370 sd
377 3320 504 3371 'tibicinem
529 3331 614 3370 cantus
682 3324 711 3370 19
729 3323 962 3388 meinherum]
980 3322 1096 3370 Euodium
1115 3333 1162 3367 vox

103 3393 228 3448 motusque
235 3385 403 3434 ,modulatione
414 3389 531 3442 conditas,
543 3401 612 3435 suum
648 3389 734 3436 Graece
745 3391 837 3434 exitum
849 3388 993 3448 significans.
1011 3385 1162 3443 Fmodiariur,

103 3453 232 3508 quemdam
244 3451 416 3510 perfectionem
429 3453 543 3514 attigisse.
646 3453 725 3513 inquit
742 3460 811 3498 retus
829 3452 956 3498 luvenalis
970 3451 1118 3503 scholiastes,
1136 3451 1162 3494 irs

135 3514 165 3562 lt
183 3513 279 3576 Livius]
298 3514 382 3561 Livius
398 3515 559 3574 Andronicus,
576 3516 611 3562 Μ.
637 3517 689 3576 stne
707 3515 815 3561 ludorum
837 3515 947 3574 intrabat,
968 3515 1027 3574 paud
1048 3511 1162 3558 ridiculus

105 3576 318 3626 lirusaumtorn
334 3579 613 3632 libertus.iabulamdo·
638 3581 720 3642 sarrit
748 3585 784 3636 st,
812 3579 922 3640 quidquid
951 3581 1108 3637 laerymarum
1134 3589 1161 3622 ae

102 3655 153 3690 cere
170 3644 242 3703 eoepit
263 3643 290 3688 0·
310 3643 411 3688 Claudio
434 3645 550 3703 θεηιοιιο,
576 3645 613 3693 M.
647 3644 750 3690 ttiaiitioe
765 3643 1025 3704 me'girmtatrogirir
1035 3639 1160 3698 affmtsbru,

103 3704 242 3766 Sempronio
252 3707 375 3754 Tuditano
387 3709 454 3755 Coss.
470 3722 533 3756 anno
550 3725 575 3756 u.
591 3723 611 3755 c.
645 3708 714 3768 hrey'or
729 3707 849 3769 spermati
867 3709 929 3752 cirus
946 3706 1079 3766 magnei.
1110 3703 1160 3750 Ee·

103 3769 156 3819 ⁵¹2·
645 3773 723 3819 odium
734 3773 848 3834 ipp'turex
859 3785 887 3818 eo
900 3771 991 3817 dictum
1009 3777 1045 3814 ost
1060 3769 1123 3828 quod
1135 3768 1180 3830 ln¹

135 3835 164 3882 ld
180 3835 218 3884 As
228 3836 328 3899 mair]
343 3837 439 3884 Relictis
448 3838 544 3890 saturis,
555 3851 611 3883 con·
645 3838 722 3896 exitu,
733 3839 784 3883 rive
796 3837 842 3882 line
853 3837 965 3883 ludorum
977 3839 1093 3894 ageretur.
1126 3831 1161 3878 At

102 3901 314 3948 monticulam
326 3915 357 3947 er
369 3902 440 3947 variis
455 3903 557 3960 actibus,
569 3901 610 3962 qui
646 3903 730 3948 vocula
749 3899 810 3954 inde,
833 3900 872 3946 bic
894 3899 1042 3958 interposita,
1070 3895 1160 3956 signib-

102 3967 180 4010 tsmen
192 3979 279 4012 omnes
292 3965 323 4010 sd
342 3979 419 4012 unum
430 3974 455 4011 et
466 3966 529 4012 idom
541 3980 611 4024 erpu-
644 3978 699 4012 care
710 3963 1082 4024 videtureeodiiappeilationem
1094 3973 1162 4006 exeo

102 4030 610 4089 mentum,sivcuoamquamdemactionem
644 4031 772 4077 deductam
789 4041 848 4081 esse.
863 4028 926 4088 quod
938 4023 1055 4088 juventus
1074 4025 1162 4071 iabnlis

103 4091 241 4148 primariam
253 4093 404 4140 mierrentur.
425 4093 612 4140 'Adverteven
645 4107 739 4154 egrcssa
766 4092 952 4153 quodammodo,
974 4090 1033 4144 sive,
1062 4095 1088 4136 ut
1111 4090 1162 4150 ipse

105 4153 161 4201 bum
178 4169 255 4203 serere
272 4157 310 4204 bic
328 4171 379 4204 cese
390 4171 404 4204 a
415 4171 472 4212 rere,
484 4160 555 4212 serui,
566 4173 612 4203 rer·
646 4159 731 4204 Livius
746 4157 837 4213 scribit,
848 4155 990 4201 tabellarum
1001 4161 1057 4199 actu
1068 4153 1161 4208 relicto,

105 4221 239 4280 mquod
254 4221 458 4281 pianediversum
470 4224 617 4269 estererbo
648 4225 678 4268 etl
702 4223 746 4268 hos
762 4218 830 4282 jocos
850 4220 973 4266 rediissetr
999 4218 1162 4277 quequidem

105 4293 160 4334 m·
182 4285 241 4341 seri,
263 4289 348 4345 mium,
373 4287 438 4333 idem
466 4285 616 4344 sigrtiliosnta
648 4283 722 4346 hujus
737 4285 904 4345 appellationis
923 4283 990 4343 origo
1007 4295 1092 4342 pamm
1109 4295 1163 4342 pro-

106 4347 168 4402 ‘lWl
188 4350 283 4396 κπιὺιο.
317 4350 387 4396 Prius
409 4349 468 4397 illud
491 4351 615 4410 usurpavit
649 4351 734 4396 babilis
748 4357 792 4398 est.
825 4347 886 4395 'l'res
896 4347 1002 4407 scriptis
1018 4346 1114 4401 nostris,
1126 4347 1162 4392 in·

146 4427 217 4473 ron.
236 4431 259 4476 ι.
691 4413 749 4477 nd
