<?xml version="1.0" encoding="UTF-8"?>
<!DOCTYPE html PUBLIC "-//W3C//DTD XHTML 1.0 Transitional//EN"
    "http://www.w3.org/TR/xhtml1/DTD/xhtml1-transitional.dtd">
<html xmlns="http://www.w3.org/1999/xhtml" xml:lang="en" lang="en">
 <head>
  <title>
</title>
<meta http-equiv="Content-Type" content="text/html;charset=utf-8" />
  <meta name='ocr-system' content='tesseract 3.04.00' />
  <meta name='ocr-capabilities' content='ocr_page ocr_carea ocr_par ocr_line ocrx_word'/>
</head>
<body>
  <div class='ocr_page' id='page_1' title='image "./tliviipatavinih02crevgoog_0362.png"; bbox 0 0 3032 4924; ppageno 0'>
   <div class='ocr_carea' id='block_1_1' title="bbox 417 251 1134 318">
    <p class='ocr_par' dir='ltr' id='par_1_1' title="bbox 417 251 1134 318">
     <span class='ocr_line' id='line_1_1' title="bbox 417 251 1134 318; baseline 0.006 -4"><span class='ocrx_word' id='word_1_1' title='bbox 417 253 508 316; x_wconf 75' lang='lat' dir='ltr'>Lttt</span> <span class='ocrx_word' id='word_1_2' title='bbox 535 251 589 311; x_wconf 85' lang='lat' dir='ltr'>vt.</span> <span class='ocrx_word' id='word_1_3' title='bbox 616 253 720 315; x_wconf 80' lang='lat' dir='ltr'><strong>CAP.</strong></span> <span class='ocrx_word' id='word_1_4' title='bbox 747 253 801 314; x_wconf 88' lang='lat' dir='ltr'>Vi.</span> <span class='ocrx_word' id='word_1_5' title='bbox 1076 263 1134 318; x_wconf 75' lang='lat' dir='ltr'>tit</span> 
     </span>
    </p>
   </div>
   <div class='ocr_carea' id='block_1_2' title="bbox 87 407 1280 572">
    <p class='ocr_par' dir='ltr' id='par_1_2' title="bbox 87 407 1280 572">
     <span class='ocr_line' id='line_1_2' title="bbox 87 407 1280 571; baseline 0.002 -85"><span class='ocrx_word' id='word_1_6' title='bbox 87 443 167 571; x_wconf 54' lang='lat' dir='ltr'>lm</span> <span class='ocrx_word' id='word_1_7' title='bbox 212 407 482 496; x_wconf 76' lang='lat' dir='ltr'>criminabantur,</span> <span class='ocrx_word' id='word_1_8' title='bbox 495 419 660 482; x_wconf 80' lang='lat' dir='ltr'>muliorum</span> <span class='ocrx_word' id='word_1_9' title='bbox 674 415 701 456; x_wconf 79' lang='lat'>²⁶</span> <span class='ocrx_word' id='word_1_10' title='bbox 710 417 896 503; x_wconf 66' lang='lat' dir='ltr'>iryestiorem</span> <span class='ocrx_word' id='word_1_11' title='bbox 905 437 1013 504; x_wconf 82' lang='lat' dir='ltr'>agrum</span> <span class='ocrx_word' id='word_1_12' title='bbox 1027 421 1067 486; x_wconf 84' lang='lat' dir='ltr'>ab</span> <span class='ocrx_word' id='word_1_13' title='bbox 1080 443 1135 488; x_wconf 78' lang='lat' dir='ltr'>rto·</span> <span class='ocrx_word' id='word_1_14' title='bbox 1146 442 1176 491; x_wconf 88' lang='lat' dir='ltr'>u.</span> <span class='ocrx_word' id='word_1_15' title='bbox 1185 442 1212 488; x_wconf 81' lang='lat' dir='ltr'><strong>c.</strong></span> <span class='ocrx_word' id='word_1_16' title='bbox 1222 440 1280 488; x_wconf 71' lang='lat' dir='ltr'>mr.</span> 
     </span>
     <span class='ocr_line' id='line_1_3' title="bbox 106 531 116 572; baseline 0 0"><span class='ocrx_word' id='word_1_17' title='bbox 106 531 116 572; x_wconf 84' lang='grc' dir='ltr'><em>ι</em></span> 
     </span>
    </p>
   </div>
   <div class='ocr_carea' id='block_1_3' title="bbox 87 504 1307 3104">
    <p class='ocr_par' dir='ltr' id='par_1_3' title="bbox 87 504 1281 762">
     <span class='ocr_line' id='line_1_4' title="bbox 113 504 1281 592; baseline 0.002 -21"><span class='ocrx_word' id='word_1_18' title='bbox 113 509 205 572; x_wconf 83' lang='lat' dir='ltr'>&#39;litote</span> <span class='ocrx_word' id='word_1_19' title='bbox 215 528 285 584; x_wconf 85' lang='lat' dir='ltr'>esse,</span> <span class='ocrx_word' id='word_1_20' title='bbox 298 527 386 590; x_wconf 85' lang='lat' dir='ltr'>quam</span> <span class='ocrx_word' id='word_1_21' title='bbox 397 527 417 568; x_wconf 86' lang='lat' dir='ltr'><strong><em>a</em></strong></span> <span class='ocrx_word' id='word_1_22' title='bbox 432 505 544 569; x_wconf 83' lang='lat' dir='ltr'>Volscis</span> <span class='ocrx_word' id='word_1_23' title='bbox 545 505 653 589; x_wconf 79' lang='lat' dir='ltr'>firerit</span> <span class='ocrx_word' id='word_1_24' title='bbox 657 538 668 576; x_wconf 88' lang='lat'>,-</span> <span class='ocrx_word' id='word_1_25' title='bbox 685 505 725 568; x_wconf 87' lang='lat' dir='ltr'>ab</span> <span class='ocrx_word' id='word_1_26' title='bbox 736 507 800 570; x_wconf 89' lang='lat' dir='ltr'>iliis</span> <span class='ocrx_word' id='word_1_27' title='bbox 810 505 889 568; x_wconf 86' lang='lat' dir='ltr'>enim</span> <span class='ocrx_word' id='word_1_28' title='bbox 898 515 1024 582; x_wconf 84' lang='lat' dir='ltr'>tartum,</span> <span class='ocrx_word' id='word_1_29' title='bbox 1036 509 1213 592; x_wconf 58' lang='lat' dir='ltr'>quorum</span> <span class='ocrx_word' id='word_1_30' title='bbox 1224 504 1281 556; x_wconf 76' lang='lat'>³⁸⁶·</span> 
     </span>
     <span class='ocr_line' id='line_1_5' title="bbox 87 591 1137 674; baseline 0.002 -16"><span class='ocrx_word' id='word_1_31' title='bbox 87 596 214 658; x_wconf 83' lang='lat' dir='ltr'>vireret</span> <span class='ocrx_word' id='word_1_32' title='bbox 238 615 325 656; x_wconf 83' lang='lat' dir='ltr'>armo</span> <span class='ocrx_word' id='word_1_33' title='bbox 350 591 527 666; x_wconf 79' lang='lat' dir='ltr'>hahuerunt,</span> <span class='ocrx_word' id='word_1_34' title='bbox 551 593 735 654; x_wconf 79' lang='lat' dir='ltr'><em>incursiones</em></span> <span class='ocrx_word' id='word_1_35' title='bbox 755 613 790 653; x_wconf 89' lang='lat' dir='ltr'>eo</span> <span class='ocrx_word' id='word_1_36' title='bbox 798 591 920 674; x_wconf 86' lang='lat' dir='ltr'>factos.</span> <span class='ocrx_word' id='word_1_37' title='bbox 949 594 1063 658; x_wconf 80' lang='lat' dir='ltr'>nobiles</span> <span class='ocrx_word' id='word_1_38' title='bbox 1083 596 1137 660; x_wconf 86' lang='lat' dir='ltr'>lro·</span> 
     </span>
     <span class='ocr_line' id='line_1_6' title="bbox 87 676 1137 762; baseline 0 -18"><span class='ocrx_word' id='word_1_39' title='bbox 87 681 177 744; x_wconf 83' lang='lat' dir='ltr'>mines</span> <span class='ocrx_word' id='word_1_40' title='bbox 202 682 236 742; x_wconf 85' lang='lat' dir='ltr'>in</span> <span class='ocrx_word' id='word_1_41' title='bbox 252 679 467 762; x_wconf 82' lang='lat' dir='ltr'>possessionem</span> <span class='ocrx_word' id='word_1_42' title='bbox 481 679 554 760; x_wconf 84' lang='lat' dir='ltr'>agri</span> <span class='ocrx_word' id='word_1_43' title='bbox 570 676 688 758; x_wconf 83' lang='lat' dir='ltr'><em>publici</em></span> <span class='ocrx_word' id='word_1_44' title='bbox 697 679 855 760; x_wconf 76' lang='lat' dir='ltr'>grasseris</span> <span class='ocrx_word' id='word_1_45' title='bbox 878 700 939 755; x_wconf 83' lang='lat' dir='ltr'>nec,</span> <span class='ocrx_word' id='word_1_46' title='bbox 956 682 1028 754; x_wconf 87' lang='lat' dir='ltr'>nisi,</span> <span class='ocrx_word' id='word_1_47' title='bbox 1049 691 1137 746; x_wconf 84' lang='lat' dir='ltr'>unte·</span> 
     </span>
    </p>

    <p class='ocr_par' dir='ltr' id='par_1_4' title="bbox 87 763 1187 1278">
     <span class='ocr_line' id='line_1_7' title="bbox 145 763 1136 851; baseline 0.003 -22"><span class='ocrx_word' id='word_1_48' title='bbox 145 789 172 829; x_wconf 87' lang='lat' dir='ltr'>m</span> <span class='ocrx_word' id='word_1_49' title='bbox 195 767 298 830; x_wconf 86' lang='lat' dir='ltr'>omnia</span> <span class='ocrx_word' id='word_1_50' title='bbox 318 765 520 848; x_wconf 72' lang='lat' dir='ltr'>precipiunt,</span> <span class='ocrx_word' id='word_1_51' title='bbox 545 763 659 826; x_wconf 75' lang='lat' dir='ltr'>diuinis</span> <span class='ocrx_word' id='word_1_52' title='bbox 686 765 736 838; x_wconf 86' lang='lat' dir='ltr'>sit,</span> <span class='ocrx_word' id='word_1_53' title='bbox 760 765 854 828; x_wconf 83' lang='lat' dir='ltr'>locum</span> <span class='ocrx_word' id='word_1_54' title='bbox 880 764 926 826; x_wconf 84' lang='lat' dir='ltr'>ibi</span> <span class='ocrx_word' id='word_1_55' title='bbox 947 766 1034 848; x_wconf 84' lang='lat' dir='ltr'>plebi</span> <span class='ocrx_word' id='word_1_56' title='bbox 1049 769 1136 851; x_wconf 74' lang='lat' dir='ltr'>seur.</span> 
     </span>
     <span class='ocr_line' id='line_1_8' title="bbox 88 788 1137 936; baseline 0.003 -21"><span class='ocrx_word' id='word_1_57' title='bbox 88 788 183 915; x_wconf 67' lang='lat' dir='ltr'>liius!</span> <span class='ocrx_word' id='word_1_58' title='bbox 204 871 322 936; x_wconf 79' lang='lat' dir='ltr'>magno</span> <span class='ocrx_word' id='word_1_59' title='bbox 343 871 439 932; x_wconf 89' lang='lat' dir='ltr'>opere</span> <span class='ocrx_word' id='word_1_60' title='bbox 458 847 580 932; x_wconf 84' lang='lat' dir='ltr'>plebem</span> <span class='ocrx_word' id='word_1_61' title='bbox 603 859 776 924; x_wconf 79' lang='lat' dir='ltr'>moverent,</span> <span class='ocrx_word' id='word_1_62' title='bbox 797 863 828 912; x_wconf 87' lang='lat' dir='ltr'>et</span> <span class='ocrx_word' id='word_1_63' title='bbox 849 847 1077 935; x_wconf 81' lang='lat' dir='ltr'><strong>infrequentem</strong></span> <span class='ocrx_word' id='word_1_64' title='bbox 1104 853 1137 918; x_wconf 90' lang='lat' dir='ltr'>in</span> 
     </span>
     <span class='ocr_line' id='line_1_9' title="bbox 88 933 1137 1021; baseline 0.002 -20"><span class='ocrx_word' id='word_1_65' title='bbox 88 935 152 1002; x_wconf 85' lang='lat' dir='ltr'>foro</span> <span class='ocrx_word' id='word_1_66' title='bbox 177 950 309 1021; x_wconf 88' lang='lat' dir='ltr'>propter</span> <span class='ocrx_word' id='word_1_67' title='bbox 334 933 514 998; x_wconf 79' lang='lat' dir='ltr'>aeoificanoi</span> <span class='ocrx_word' id='word_1_68' title='bbox 536 955 655 1013; x_wconf 85' lang='lat' dir='ltr'>curum,</span> <span class='ocrx_word' id='word_1_69' title='bbox 677 947 706 998; x_wconf 89' lang='lat' dir='ltr'>et</span> <span class='ocrx_word' id='word_1_70' title='bbox 721 933 865 998; x_wconf 69' lang='lat' dir='ltr'>“eodem</span> <span class='ocrx_word' id='word_1_71' title='bbox 880 935 1066 1002; x_wconf 78' lang='lat' dir='ltr'><strong>exhaustam</strong></span> <span class='ocrx_word' id='word_1_72' title='bbox 1089 939 1137 1004; x_wconf 90' lang='lat' dir='ltr'>in·</span> 
     </span>
     <span class='ocr_line' id='line_1_10' title="bbox 88 1019 1187 1108; baseline -0.003 -21"><span class='ocrx_word' id='word_1_73' title='bbox 88 1024 199 1108; x_wconf 84' lang='lat' dir='ltr'>pensis,</span> <span class='ocrx_word' id='word_1_74' title='bbox 215 1045 316 1108; x_wconf 89' lang='lat' dir='ltr'>eoque</span> <span class='ocrx_word' id='word_1_75' title='bbox 330 1021 398 1108; x_wconf 83' lang='lat' dir='ltr'>agri</span> <span class='ocrx_word' id='word_1_76' title='bbox 420 1024 635 1098; x_wconf 84' lang='lat' dir='ltr'>inmemorem,</span> <span class='ocrx_word' id='word_1_77' title='bbox 652 1019 691 1084; x_wconf 78' lang='lat' dir='ltr'>ari</span> <span class='ocrx_word' id='word_1_78' title='bbox 708 1041 799 1106; x_wconf 90' lang='lat' dir='ltr'>quem</span> <span class='ocrx_word' id='word_1_79' title='bbox 822 1021 1042 1088; x_wconf 90' lang='lat' dir='ltr'>instruendum</span> <span class='ocrx_word' id='word_1_80' title='bbox 1057 1025 1138 1092; x_wconf 89' lang='lat' dir='ltr'>vires</span> <span class='ocrx_word' id='word_1_81' title='bbox 1184 1077 1187 1084; x_wconf 91' lang='lat'><strong>.</strong></span> 
     </span>
     <span class='ocr_line' id='line_1_11' title="bbox 88 1105 1138 1189; baseline 0.002 -17"><span class='ocrx_word' id='word_1_82' title='bbox 88 1130 147 1174; x_wconf 92' lang='lat' dir='ltr'>non</span> <span class='ocrx_word' id='word_1_83' title='bbox 163 1123 275 1174; x_wconf 83' lang='lat' dir='ltr'>essent.</span> <span class='ocrx_word' id='word_1_84' title='bbox 320 1107 359 1172; x_wconf 90' lang='lat' dir='ltr'>Io</span> <span class='ocrx_word' id='word_1_85' title='bbox 375 1109 498 1172; x_wconf 87' lang='lat' dir='ltr'>civitate</span> <span class='ocrx_word' id='word_1_86' title='bbox 514 1106 606 1189; x_wconf 82' lang='lat' dir='ltr'>plena</span> <span class='ocrx_word' id='word_1_87' title='bbox 619 1105 820 1189; x_wconf 77' lang='lat' dir='ltr'>religionum,</span> <span class='ocrx_word' id='word_1_88' title='bbox 842 1123 908 1170; x_wconf 91' lang='lat' dir='ltr'>tum</span> <span class='ocrx_word' id='word_1_89' title='bbox 924 1107 1017 1172; x_wconf 83' lang='lat' dir='ltr'>etiam</span> <span class='ocrx_word' id='word_1_90' title='bbox 1034 1109 1074 1174; x_wconf 84' lang='lat' dir='ltr'>sb</span> <span class='ocrx_word' id='word_1_91' title='bbox 1090 1133 1138 1174; x_wconf 88' lang='lat' dir='ltr'>re·</span> 
     </span>
     <span class='ocr_line' id='line_1_12' title="bbox 87 1191 1139 1278; baseline 0.003 -18"><span class='ocrx_word' id='word_1_92' title='bbox 87 1196 166 1260; x_wconf 88' lang='lat' dir='ltr'>centi</span> <span class='ocrx_word' id='word_1_93' title='bbox 181 1195 272 1260; x_wconf 84' lang='lat' dir='ltr'>clade</span> <span class='ocrx_word' id='word_1_94' title='bbox 285 1193 506 1278; x_wconf 71' lang='lat' dir='ltr'>superstitiosis</span> <span class='ocrx_word' id='word_1_95' title='bbox 520 1191 725 1276; x_wconf 85' lang='lat' dir='ltr'>principibus,</span> <span class='ocrx_word' id='word_1_96' title='bbox 741 1192 767 1230; x_wconf 85' lang='lat'>²⁸</span> <span class='ocrx_word' id='word_1_97' title='bbox 779 1210 813 1254; x_wconf 84' lang='lat' dir='ltr'>ut</span> <span class='ocrx_word' id='word_1_98' title='bbox 829 1210 1054 1258; x_wconf 81' lang='lat' dir='ltr'>renovarentur</span> <span class='ocrx_word' id='word_1_99' title='bbox 1068 1219 1139 1262; x_wconf 84' lang='lat' dir='ltr'>uus-</span> 
     </span>
    </p>

    <p class='ocr_par' dir='ltr' id='par_1_5' title="bbox 87 1277 1303 2226">
     <span class='ocr_line' id='line_1_13' title="bbox 110 1277 1138 1366; baseline 0.004 -22"><span class='ocrx_word' id='word_1_100' title='bbox 110 1281 174 1356; x_wconf 88' lang='lat' dir='ltr'>icio,</span> <span class='ocrx_word' id='word_1_101' title='bbox 199 1304 250 1346; x_wconf 90' lang='lat' dir='ltr'>res</span> <span class='ocrx_word' id='word_1_102' title='bbox 276 1279 316 1344; x_wconf 84' lang='lat' dir='ltr'>od</span> <span class='ocrx_word' id='word_1_103' title='bbox 344 1279 556 1363; x_wconf 77' lang='lat' dir='ltr'>interregnum</span> <span class='ocrx_word' id='word_1_104' title='bbox 582 1277 683 1342; x_wconf 88' lang='lat' dir='ltr'>rediit.</span> <span class='ocrx_word' id='word_1_105' title='bbox 712 1279 883 1364; x_wconf 80' lang='lat' dir='ltr'>interreges</span> <span class='ocrx_word' id='word_1_106' title='bbox 911 1279 1058 1366; x_wconf 83' lang='lat' dir='ltr'>deinceps</span> <span class='ocrx_word' id='word_1_107' title='bbox 1088 1281 1138 1348; x_wconf 91' lang='lat' dir='ltr'>M.</span> 
     </span>
     <span class='ocr_line' id='line_1_14' title="bbox 87 1303 1140 1447; baseline 0.001 -15"><span class='ocrx_word' id='word_1_108' title='bbox 87 1303 227 1432; x_wconf 44' lang='lat' dir='ltr'>&amp;aniius</span> <span class='ocrx_word' id='word_1_109' title='bbox 241 1367 287 1432; x_wconf 86' lang='lat' dir='ltr'>Co</span> <span class='ocrx_word' id='word_1_110' title='bbox 314 1365 450 1444; x_wconf 88' lang='lat' dir='ltr'>itoiinus,</span> <span class='ocrx_word' id='word_1_111' title='bbox 468 1368 536 1428; x_wconf 82' lang='lat' dir='ltr'>Ser.</span> <span class='ocrx_word' id='word_1_112' title='bbox 553 1363 711 1447; x_wconf 85' lang='lat' dir='ltr'>Sulpicius</span> <span class='ocrx_word' id='word_1_113' title='bbox 727 1365 924 1442; x_wconf 83' lang='lat' dir='ltr'>Camerinus,</span> <span class='ocrx_word' id='word_1_114' title='bbox 940 1368 976 1430; x_wconf 92' lang='lat' dir='ltr'><strong>L.</strong></span> <span class='ocrx_word' id='word_1_115' title='bbox 992 1366 1140 1433; x_wconf 80' lang='lat' dir='ltr'>Valerius</span> 
     </span>
     <span class='ocr_line' id='line_1_15' title="bbox 90 1450 1139 1537; baseline 0 -19"><span class='ocrx_word' id='word_1_116' title='bbox 90 1453 220 1518; x_wconf 86' lang='lat' dir='ltr'>Potitus.</span> <span class='ocrx_word' id='word_1_117' title='bbox 308 1455 335 1516; x_wconf 87' lang='lat' dir='ltr'>ic</span> <span class='ocrx_word' id='word_1_118' title='bbox 349 1453 477 1514; x_wconf 88' lang='lat' dir='ltr'>demum</span> <span class='ocrx_word' id='word_1_119' title='bbox 492 1451 691 1514; x_wconf 87' lang='lat' dir='ltr'>tribunorum</span> <span class='ocrx_word' id='word_1_120' title='bbox 709 1450 841 1513; x_wconf 89' lang='lat' dir='ltr'>militum</span> <span class='ocrx_word' id='word_1_121' title='bbox 859 1451 1016 1516; x_wconf 81' lang='lat' dir='ltr'>consolari</span> <span class='ocrx_word' id='word_1_122' title='bbox 1034 1467 1139 1537; x_wconf 83' lang='lat' dir='ltr'>potes·</span> 
     </span>
     <span class='ocr_line' id='line_1_16' title="bbox 91 1535 1284 1621; baseline 0.001 -17"><span class='ocrx_word' id='word_1_123' title='bbox 91 1553 148 1604; x_wconf 84' lang='lat' dir='ltr'>tate</span> <span class='ocrx_word' id='word_1_124' title='bbox 170 1541 300 1604; x_wconf 84' lang='lat' dir='ltr'>comitis</span> <span class='ocrx_word' id='word_1_125' title='bbox 321 1537 442 1602; x_wconf 81' lang='lat' dir='ltr'>habuit.</span> <span class='ocrx_word' id='word_1_126' title='bbox 488 1535 525 1601; x_wconf 88' lang='lat' dir='ltr'>L.</span> <span class='ocrx_word' id='word_1_127' title='bbox 543 1537 716 1621; x_wconf 79' lang='lat' dir='ltr'>Papirium,</span> <span class='ocrx_word' id='word_1_128' title='bbox 735 1535 772 1600; x_wconf 88' lang='lat' dir='ltr'>C.</span> <span class='ocrx_word' id='word_1_129' title='bbox 790 1535 985 1614; x_wconf 86' lang='lat' dir='ltr'>Cornelium,</span> <span class='ocrx_word' id='word_1_130' title='bbox 1010 1539 1046 1604; x_wconf 90' lang='lat' dir='ltr'>C.</span> <span class='ocrx_word' id='word_1_131' title='bbox 1068 1539 1284 1612; x_wconf 58' lang='lat' dir='ltr'>Ser-omme</span> 
     </span>
     <span class='ocr_line' id='line_1_17' title="bbox 111 1621 1285 1704; baseline 0.003 -17"><span class='ocrx_word' id='word_1_132' title='bbox 111 1627 181 1700; x_wconf 88' lang='lat' dir='ltr'>ium,</span> <span class='ocrx_word' id='word_1_133' title='bbox 207 1627 249 1692; x_wconf 92' lang='lat' dir='ltr'>L.</span> <span class='ocrx_word' id='word_1_134' title='bbox 278 1625 446 1690; x_wconf 85' lang='lat' dir='ltr'>AEmilium</span> <span class='ocrx_word' id='word_1_135' title='bbox 472 1621 597 1698; x_wconf 88' lang='lat' dir='ltr'>iterum,</span> <span class='ocrx_word' id='word_1_136' title='bbox 626 1621 664 1686; x_wconf 91' lang='lat' dir='ltr'>L.</span> <span class='ocrx_word' id='word_1_137' title='bbox 692 1621 889 1700; x_wconf 87' lang='lat' dir='ltr'>Menenium,</span> <span class='ocrx_word' id='word_1_138' title='bbox 918 1624 957 1688; x_wconf 91' lang='lat' dir='ltr'>L.</span> <span class='ocrx_word' id='word_1_139' title='bbox 977 1623 1139 1690; x_wconf 81' lang='lat' dir='ltr'>Valerium</span> <span class='ocrx_word' id='word_1_140' title='bbox 1149 1625 1285 1704; x_wconf 43' lang='grc' dir='ltr'>ΗΜ</span> 
     </span>
     <span class='ocr_line' id='line_1_18' title="bbox 89 1650 1303 1804; baseline 0 -28"><span class='ocrx_word' id='word_1_141' title='bbox 89 1650 307 1778; x_wconf 61' lang='lat' dir='ltr'>lublicolam¹¹</span> <span class='ocrx_word' id='word_1_142' title='bbox 329 1710 456 1775; x_wconf 89' lang='lat' dir='ltr'>tertium</span> <span class='ocrx_word' id='word_1_143' title='bbox 479 1724 574 1774; x_wconf 83' lang='lat' dir='ltr'>creat.</span> <span class='ocrx_word' id='word_1_144' title='bbox 600 1705 634 1770; x_wconf 87' lang='lat' dir='ltr'>hi</span> <span class='ocrx_word' id='word_1_145' title='bbox 659 1729 698 1771; x_wconf 88' lang='lat' dir='ltr'>ex</span> <span class='ocrx_word' id='word_1_146' title='bbox 722 1709 903 1796; x_wconf 84' lang='lat' dir='ltr'>interregno</span> <span class='ocrx_word' id='word_1_147' title='bbox 923 1711 1139 1794; x_wconf 70' lang='lat' dir='ltr'>magistratum</span> <span class='ocrx_word' id='word_1_148' title='bbox 1149 1691 1303 1804; x_wconf 50' lang='lat' dir='ltr'>fflffif·</span> 
     </span>
     <span class='ocr_line' id='line_1_19' title="bbox 91 1793 1141 1886; baseline 0.002 -24"><span class='ocrx_word' id='word_1_149' title='bbox 91 1822 244 1886; x_wconf 87' lang='lat' dir='ltr'>occepere.</span> <span class='ocrx_word' id='word_1_150' title='bbox 292 1797 342 1863; x_wconf 86' lang='lat' dir='ltr'>Eo</span> <span class='ocrx_word' id='word_1_151' title='bbox 364 1817 450 1861; x_wconf 79' lang='lat' dir='ltr'>anno</span> <span class='ocrx_word' id='word_1_152' title='bbox 472 1793 556 1860; x_wconf 82' lang='lat' dir='ltr'>aedes</span> <span class='ocrx_word' id='word_1_153' title='bbox 572 1793 699 1874; x_wconf 78' lang='lat' dir='ltr'>Martis,</span> <span class='ocrx_word' id='word_1_154' title='bbox 716 1793 842 1858; x_wconf 83' lang='lat' dir='ltr'>Gaiiico</span> <span class='ocrx_word' id='word_1_155' title='bbox 857 1795 940 1860; x_wconf 87' lang='lat' dir='ltr'>bello</span> <span class='ocrx_word' id='word_1_156' title='bbox 955 1815 1037 1876; x_wconf 85' lang='lat' dir='ltr'>voto,</span> <span class='ocrx_word' id='word_1_157' title='bbox 1052 1799 1141 1866; x_wconf 86' lang='lat' dir='ltr'>dedi-</span> 
     </span>
     <span class='ocr_line' id='line_1_20' title="bbox 91 1879 1142 1961; baseline 0.004 -13"><span class='ocrx_word' id='word_1_158' title='bbox 91 1903 154 1950; x_wconf 81' lang='lat' dir='ltr'>cato</span> <span class='ocrx_word' id='word_1_159' title='bbox 171 1901 217 1950; x_wconf 89' lang='lat' dir='ltr'>est</span> <span class='ocrx_word' id='word_1_160' title='bbox 232 1909 254 1949; x_wconf 88' lang='lat' dir='ltr'>n</span> <span class='ocrx_word' id='word_1_161' title='bbox 269 1883 310 1949; x_wconf 89' lang='lat' dir='ltr'><strong>T.</strong></span> <span class='ocrx_word' id='word_1_162' title='bbox 326 1881 480 1961; x_wconf 88' lang='lat' dir='ltr'>Quinctio</span> <span class='ocrx_word' id='word_1_163' title='bbox 504 1879 673 1945; x_wconf 87' lang='lat' dir='ltr'>duumviro</span> <span class='ocrx_word' id='word_1_164' title='bbox 695 1881 792 1944; x_wconf 79' lang='lat' dir='ltr'>sacris</span> <span class='ocrx_word' id='word_1_165' title='bbox 816 1879 979 1946; x_wconf 79' lang='lat' dir='ltr'>faciundis.</span> <span class='ocrx_word' id='word_1_166' title='bbox 1023 1883 1142 1952; x_wconf 80' lang='lat' dir='ltr'>Tribus</span> 
     </span>
     <span class='ocr_line' id='line_1_21' title="bbox 93 1965 1142 2058; baseline 0.002 -22"><span class='ocrx_word' id='word_1_167' title='bbox 93 1988 220 2058; x_wconf 82' lang='lat' dir='ltr'>quatuor</span> <span class='ocrx_word' id='word_1_168' title='bbox 234 1971 314 2036; x_wconf 69' lang='lat' dir='ltr'>”ex</span> <span class='ocrx_word' id='word_1_169' title='bbox 338 1969 427 2034; x_wconf 89' lang='lat' dir='ltr'>novis</span> <span class='ocrx_word' id='word_1_170' title='bbox 441 1967 561 2032; x_wconf 90' lang='lat' dir='ltr'>civibus</span> <span class='ocrx_word' id='word_1_171' title='bbox 583 1965 709 2034; x_wconf 74' lang='lat' dir='ltr'>addite.</span> <span class='ocrx_word' id='word_1_172' title='bbox 724 1965 936 2050; x_wconf 64' lang='lat' dir='ltr'>”Stellatiom</span> <span class='ocrx_word' id='word_1_173' title='bbox 961 1969 1142 2038; x_wconf 86' lang='lat' dir='ltr'>Tromenti-</span> 
     </span>
     <span class='ocr_line' id='line_1_22' title="bbox 93 2051 1141 2142; baseline 0.003 -20"><span class='ocrx_word' id='word_1_174' title='bbox 93 2078 139 2135; x_wconf 82' lang='lat' dir='ltr'>na,</span> <span class='ocrx_word' id='word_1_175' title='bbox 156 2059 321 2135; x_wconf 79' lang='lat' dir='ltr'>Sabatina,</span> <span class='ocrx_word' id='word_1_176' title='bbox 341 2055 537 2122; x_wconf 78' lang='lat' dir='ltr'>Arniensis¹t</span> <span class='ocrx_word' id='word_1_177' title='bbox 559 2075 666 2138; x_wconf 80' lang='lat' dir='ltr'>emque</span> <span class='ocrx_word' id='word_1_178' title='bbox 680 2051 706 2091; x_wconf 77' lang='lat'>⁸¹</span> <span class='ocrx_word' id='word_1_179' title='bbox 719 2053 830 2140; x_wconf 85' lang='lat' dir='ltr'>viginti</span> <span class='ocrx_word' id='word_1_180' title='bbox 844 2055 983 2142; x_wconf 88' lang='lat' dir='ltr'>quinque</span> <span class='ocrx_word' id='word_1_181' title='bbox 1001 2057 1141 2126; x_wconf 86' lang='lat' dir='ltr'>tribuum</span> 
     </span>
     <span class='ocr_line' id='line_1_23' title="bbox 94 2142 446 2226; baseline -0.003 -20"><span class='ocrx_word' id='word_1_182' title='bbox 94 2165 254 2210; x_wconf 87' lang='lat' dir='ltr'>numerum</span> <span class='ocrx_word' id='word_1_183' title='bbox 271 2142 446 2226; x_wconf 80' lang='lat' dir='ltr'>explevere.</span> 
     </span>
    </p>

    <p class='ocr_par' dir='ltr' id='par_1_6' title="bbox 94 2226 1144 2403">
     <span class='ocr_line' id='line_1_24' title="bbox 132 2226 1143 2318; baseline 0.004 -24"><span class='ocrx_word' id='word_1_184' title='bbox 132 2231 187 2296; x_wconf 90' lang='lat' dir='ltr'>Vl.</span> <span class='ocrx_word' id='word_1_185' title='bbox 211 2231 268 2297; x_wconf 91' lang='lat' dir='ltr'>De</span> <span class='ocrx_word' id='word_1_186' title='bbox 282 2252 360 2316; x_wconf 81' lang='lat' dir='ltr'>egro</span> <span class='ocrx_word' id='word_1_187' title='bbox 385 2227 557 2314; x_wconf 88' lang='lat' dir='ltr'>Pomptino</span> <span class='ocrx_word' id='word_1_188' title='bbox 576 2226 617 2291; x_wconf 82' lang='lat' dir='ltr'>ab</span> <span class='ocrx_word' id='word_1_189' title='bbox 635 2227 672 2292; x_wconf 94' lang='lat' dir='ltr'><strong>L.</strong></span> <span class='ocrx_word' id='word_1_190' title='bbox 689 2227 809 2294; x_wconf 89' lang='lat' dir='ltr'>Sicinio</span> <span class='ocrx_word' id='word_1_191' title='bbox 829 2230 1072 2318; x_wconf 82' lang='lat' dir='ltr'>tribunoplebis</span> <span class='ocrx_word' id='word_1_192' title='bbox 1092 2257 1143 2298; x_wconf 83' lang='lat' dir='ltr'>oe-</span> 
     </span>
     <span class='ocr_line' id='line_1_25' title="bbox 94 2313 1144 2403; baseline 0.003 -24"><span class='ocrx_word' id='word_1_193' title='bbox 94 2327 155 2380; x_wconf 88' lang='lat' dir='ltr'>tom</span> <span class='ocrx_word' id='word_1_194' title='bbox 169 2317 208 2384; x_wconf 80' lang='lat' dir='ltr'>ed</span> <span class='ocrx_word' id='word_1_195' title='bbox 229 2315 474 2403; x_wconf 84' lang='lat' dir='ltr'>frequentiorem</span> <span class='ocrx_word' id='word_1_196' title='bbox 486 2314 552 2399; x_wconf 86' lang='lat' dir='ltr'>jam</span> <span class='ocrx_word' id='word_1_197' title='bbox 568 2313 732 2398; x_wconf 87' lang='lat' dir='ltr'>populum,</span> <span class='ocrx_word' id='word_1_198' title='bbox 749 2315 945 2380; x_wconf 87' lang='lat' dir='ltr'>mobiliorem</span> <span class='ocrx_word' id='word_1_199' title='bbox 973 2341 1010 2382; x_wconf 90' lang='lat' dir='ltr'>oe</span> <span class='ocrx_word' id='word_1_200' title='bbox 1030 2321 1070 2383; x_wconf 76' lang='lat' dir='ltr'>asi</span> <span class='ocrx_word' id='word_1_201' title='bbox 1088 2341 1144 2384; x_wconf 90' lang='lat' dir='ltr'>cu-</span> 
     </span>
    </p>

    <p class='ocr_par' dir='ltr' id='par_1_7' title="bbox 115 2339 1145 2492">
     <span class='ocr_line' id='line_1_26' title="bbox 115 2339 1145 2492; baseline 0.006 -27"><span class='ocrx_word' id='word_1_202' title='bbox 115 2403 249 2470; x_wconf 84' lang='lat' dir='ltr'>iditstem</span> <span class='ocrx_word' id='word_1_203' title='bbox 275 2403 355 2490; x_wconf 81' lang='lat' dir='ltr'>agri,</span> <span class='ocrx_word' id='word_1_204' title='bbox 378 2423 471 2489; x_wconf 83' lang='lat' dir='ltr'>quom</span> <span class='ocrx_word' id='word_1_205' title='bbox 498 2398 610 2464; x_wconf 82' lang='lat' dir='ltr'>fueret.</span> <span class='ocrx_word' id='word_1_206' title='bbox 656 2399 699 2464; x_wconf 89' lang='lat' dir='ltr'>Et</span> <span class='ocrx_word' id='word_1_207' title='bbox 724 2399 765 2465; x_wconf 88' lang='lat' dir='ltr'>de</span> <span class='ocrx_word' id='word_1_208' title='bbox 791 2402 908 2466; x_wconf 79' lang='lat' dir='ltr'>Latino</span> <span class='ocrx_word' id='word_1_209' title='bbox 935 2339 1145 2492; x_wconf 62' lang='lat' dir='ltr'>liernicoque</span> 
     </span>
    </p>

    <p class='ocr_par' dir='ltr' id='par_1_8' title="bbox 94 2485 1307 3104">
     <span class='ocr_line' id='line_1_27' title="bbox 129 2485 1144 2576; baseline 0.002 -23"><span class='ocrx_word' id='word_1_210' title='bbox 129 2489 170 2554; x_wconf 89' lang='lat' dir='ltr'>iio</span> <span class='ocrx_word' id='word_1_211' title='bbox 183 2490 308 2558; x_wconf 88' lang='lat' dir='ltr'>mentio</span> <span class='ocrx_word' id='word_1_212' title='bbox 321 2487 402 2552; x_wconf 81' lang='lat' dir='ltr'>foetu</span> <span class='ocrx_word' id='word_1_213' title='bbox 416 2487 449 2550; x_wconf 92' lang='lat' dir='ltr'>in</span> <span class='ocrx_word' id='word_1_214' title='bbox 470 2497 591 2562; x_wconf 81' lang='lat' dir='ltr'>senatu,</span> <span class='ocrx_word' id='word_1_215' title='bbox 608 2485 734 2572; x_wconf 83' lang='lat' dir='ltr'>majoris</span> <span class='ocrx_word' id='word_1_216' title='bbox 747 2487 821 2552; x_wconf 90' lang='lat' dir='ltr'>belli</span> <span class='ocrx_word' id='word_1_217' title='bbox 843 2510 928 2565; x_wconf 88' lang='lat' dir='ltr'>curo,</span> <span class='ocrx_word' id='word_1_218' title='bbox 945 2490 1031 2576; x_wconf 92' lang='lat' dir='ltr'>quod</span> <span class='ocrx_word' id='word_1_219' title='bbox 1048 2491 1144 2556; x_wconf 87' lang='lat' dir='ltr'>Etru·</span> 
     </span>
     <span class='ocr_line' id='line_1_28' title="bbox 94 2571 1144 2652; baseline 0.005 -16"><span class='ocrx_word' id='word_1_220' title='bbox 94 2575 136 2639; x_wconf 84' lang='lat' dir='ltr'>rio</span> <span class='ocrx_word' id='word_1_221' title='bbox 155 2577 187 2640; x_wconf 90' lang='lat' dir='ltr'>in</span> <span class='ocrx_word' id='word_1_222' title='bbox 211 2575 312 2642; x_wconf 83' lang='lat' dir='ltr'>ermis</span> <span class='ocrx_word' id='word_1_223' title='bbox 331 2587 410 2652; x_wconf 83' lang='lat' dir='ltr'>eret,</span> <span class='ocrx_word' id='word_1_224' title='bbox 423 2571 521 2636; x_wconf 77' lang='lat' dir='ltr'>diluta</span> <span class='ocrx_word' id='word_1_225' title='bbox 543 2583 600 2636; x_wconf 86' lang='lat' dir='ltr'>est.</span> <span class='ocrx_word' id='word_1_226' title='bbox 647 2571 710 2636; x_wconf 83' lang='lat' dir='ltr'>Res</span> <span class='ocrx_word' id='word_1_227' title='bbox 724 2571 765 2638; x_wconf 83' lang='lat' dir='ltr'>ud</span> <span class='ocrx_word' id='word_1_228' title='bbox 789 2574 959 2640; x_wconf 82' lang='lat' dir='ltr'>Camillum</span> <span class='ocrx_word' id='word_1_229' title='bbox 980 2576 1144 2642; x_wconf 89' lang='lat' dir='ltr'>tribunum</span> 
     </span>
     <span class='ocr_line' id='line_1_29' title="bbox 95 2657 1143 2809; baseline 0.004 -85"><span class='ocrx_word' id='word_1_230' title='bbox 95 2661 219 2728; x_wconf 90' lang='lat' dir='ltr'>miiitum</span> <span class='ocrx_word' id='word_1_231' title='bbox 241 2660 401 2726; x_wconf 79' lang='lat' dir='ltr'>consulari</span> <span class='ocrx_word' id='word_1_232' title='bbox 425 2671 580 2809; x_wconf 58' lang='lat' dir='ltr'>forestate</span> <span class='ocrx_word' id='word_1_233' title='bbox 599 2657 700 2736; x_wconf 75' lang='lat' dir='ltr'>rediit.</span> <span class='ocrx_word' id='word_1_234' title='bbox 724 2659 855 2747; x_wconf 83' lang='lat' dir='ltr'>coliegoe</span> <span class='ocrx_word' id='word_1_235' title='bbox 869 2659 970 2726; x_wconf 81' lang='lat' dir='ltr'>additi</span> <span class='ocrx_word' id='word_1_236' title='bbox 993 2665 1143 2750; x_wconf 86' lang='lat' dir='ltr'>quinque,</span> 
     </span>
     <span class='ocr_line' id='line_1_30' title="bbox 95 2743 1290 2830; baseline 0.001 -18"><span class='ocrx_word' id='word_1_237' title='bbox 95 2747 157 2814; x_wconf 86' lang='lat' dir='ltr'>Ser.</span> <span class='ocrx_word' id='word_1_238' title='bbox 178 2747 349 2814; x_wconf 86' lang='lat' dir='ltr'>Cornelios</span> <span class='ocrx_word' id='word_1_239' title='bbox 365 2745 425 2811; x_wconf 83' lang='lat' dir='ltr'>Ma</span> <span class='ocrx_word' id='word_1_240' title='bbox 440 2746 607 2830; x_wconf 76' lang='lat' dir='ltr'>aginensis,</span> <span class='ocrx_word' id='word_1_241' title='bbox 624 2743 668 2821; x_wconf 89' lang='lat' dir='ltr'><strong>Q.</strong></span> <span class='ocrx_word' id='word_1_242' title='bbox 686 2745 835 2812; x_wconf 85' lang='lat' dir='ltr'>Servilius</span> <span class='ocrx_word' id='word_1_243' title='bbox 851 2747 986 2813; x_wconf 78' lang='lat' dir='ltr'>Fidenas</span> <span class='ocrx_word' id='word_1_244' title='bbox 1008 2765 1143 2826; x_wconf 84' lang='lat' dir='ltr'>sextum,</span> <span class='ocrx_word' id='word_1_245' title='bbox 1155 2768 1183 2814; x_wconf 85' lang='lat' dir='ltr'>tr.</span> <span class='ocrx_word' id='word_1_246' title='bbox 1196 2767 1223 2816; x_wconf 91' lang='lat' dir='ltr'><strong>c.</strong></span> <span class='ocrx_word' id='word_1_247' title='bbox 1234 2767 1290 2816; x_wconf 78' lang='lat' dir='ltr'>sus.</span> 
     </span>
     <span class='ocr_line' id='line_1_31' title="bbox 95 2829 1291 2912; baseline 0.003 -16"><span class='ocrx_word' id='word_1_248' title='bbox 95 2831 129 2897; x_wconf 94' lang='lat' dir='ltr'><strong>L.</strong></span> <span class='ocrx_word' id='word_1_249' title='bbox 140 2831 536 2912; x_wconf 82' lang='lat' dir='ltr'>QuinctiusCincinnetus,</span> <span class='ocrx_word' id='word_1_250' title='bbox 554 2829 756 2898; x_wconf 85' lang='lat' dir='ltr'>L.Horrstius</span> <span class='ocrx_word' id='word_1_251' title='bbox 769 2831 931 2910; x_wconf 83' lang='lat' dir='ltr'>Pulvillus,</span> <span class='ocrx_word' id='word_1_252' title='bbox 943 2835 981 2900; x_wconf 91' lang='lat' dir='ltr'><strong>P.</strong></span> <span class='ocrx_word' id='word_1_253' title='bbox 989 2835 1144 2904; x_wconf 81' lang='lat' dir='ltr'>Valerius.</span> <span class='ocrx_word' id='word_1_254' title='bbox 1154 2833 1183 2881; x_wconf 70' lang='grc' dir='ltr'>Α·</span> <span class='ocrx_word' id='word_1_255' title='bbox 1196 2835 1224 2882; x_wconf 77' lang='lat'>⁰·</span> <span class='ocrx_word' id='word_1_256' title='bbox 1235 2831 1291 2910; x_wconf 60' lang='lat'>⁸9⁸</span> 
     </span>
     <span class='ocr_line' id='line_1_32' title="bbox 95 2897 1301 3010; baseline 0.002 -26"><span class='ocrx_word' id='word_1_257' title='bbox 95 2917 193 2988; x_wconf 86' lang='lat' dir='ltr'>Princi</span> <span class='ocrx_word' id='word_1_258' title='bbox 218 2924 251 2986; x_wconf 89' lang='lat' dir='ltr'>io</span> <span class='ocrx_word' id='word_1_259' title='bbox 268 2919 344 2986; x_wconf 78' lang='lat' dir='ltr'>unni</span> <span class='ocrx_word' id='word_1_260' title='bbox 366 2941 483 2983; x_wconf 82' lang='lat' dir='ltr'>eversae</span> <span class='ocrx_word' id='word_1_261' title='bbox 499 2939 583 2982; x_wconf 86' lang='lat' dir='ltr'>curae</span> <span class='ocrx_word' id='word_1_262' title='bbox 599 2917 762 2984; x_wconf 88' lang='lat' dir='ltr'>hominum</span> <span class='ocrx_word' id='word_1_263' title='bbox 778 2933 852 2986; x_wconf 91' lang='lat' dir='ltr'>sunt</span> <span class='ocrx_word' id='word_1_264' title='bbox 866 2944 886 2985; x_wconf 85' lang='lat' dir='ltr'>o</span> <span class='ocrx_word' id='word_1_265' title='bbox 900 2919 984 2986; x_wconf 88' lang='lat' dir='ltr'>bello</span> <span class='ocrx_word' id='word_1_266' title='bbox 996 2922 1145 3001; x_wconf 87' lang='lat' dir='ltr'>Etrusco,</span> <span class='ocrx_word' id='word_1_267' title='bbox 1154 2897 1301 3010; x_wconf 55' lang='lat' dir='ltr'>ffiffi</span> 
     </span>
     <span class='ocr_line' id='line_1_33' title="bbox 95 2945 1307 3104; baseline 0.002 -35"><span class='ocrx_word' id='word_1_268' title='bbox 95 3009 172 3092; x_wconf 90' lang='lat' dir='ltr'>quod</span> <span class='ocrx_word' id='word_1_269' title='bbox 186 2945 377 3096; x_wconf 78' lang='lat' dir='ltr'>iiigientium</span> <span class='ocrx_word' id='word_1_270' title='bbox 394 3027 434 3070; x_wconf 85' lang='lat' dir='ltr'>ex</span> <span class='ocrx_word' id='word_1_271' title='bbox 454 3025 532 3104; x_wconf 80' lang='lat' dir='ltr'>egro</span> <span class='ocrx_word' id='word_1_272' title='bbox 553 3003 725 3104; x_wconf 68' lang='lat' dir='ltr'>Pomptino</span> <span class='ocrx_word' id='word_1_273' title='bbox 739 3027 851 3092; x_wconf 78' lang='lat' dir='ltr'>agmen</span> <span class='ocrx_word' id='word_1_274' title='bbox 867 3020 997 3091; x_wconf 85' lang='lat' dir='ltr'>repente</span> <span class='ocrx_word' id='word_1_275' title='bbox 1011 3009 1145 3075; x_wconf 85' lang='lat' dir='ltr'>inlutum</span> <span class='ocrx_word' id='word_1_276' title='bbox 1155 3026 1243 3074; x_wconf 62' lang='lat' dir='ltr'>uem.</span> <span class='ocrx_word' id='word_1_277' title='bbox 1253 3025 1307 3072; x_wconf 78' lang='lat' dir='ltr'>utu</span> 
     </span>
    </p>
   </div>
   <div class='ocr_carea' id='block_1_4' title="bbox 94 3091 1303 3222">
    <p class='ocr_par' dir='ltr' id='par_1_9' title="bbox 94 3091 1303 3222">
     <span class='ocr_line' id='line_1_34' title="bbox 94 3091 1303 3222; baseline 0.001 -66"><span class='ocrx_word' id='word_1_278' title='bbox 94 3091 246 3160; x_wconf 87' lang='lat' dir='ltr'>inurberu</span> <span class='ocrx_word' id='word_1_279' title='bbox 269 3091 395 3169; x_wconf 79' lang='lat' dir='ltr'>adtulit,</span> <span class='ocrx_word' id='word_1_280' title='bbox 411 3091 557 3156; x_wconf 83' lang='lat' dir='ltr'>Antrutes</span> <span class='ocrx_word' id='word_1_281' title='bbox 572 3111 605 3154; x_wconf 92' lang='lat' dir='ltr'>m</span> <span class='ocrx_word' id='word_1_282' title='bbox 619 3092 715 3155; x_wconf 80' lang='lat' dir='ltr'>armis</span> <span class='ocrx_word' id='word_1_283' title='bbox 729 3114 804 3170; x_wconf 89' lang='lat' dir='ltr'>esse,</span> <span class='ocrx_word' id='word_1_284' title='bbox 821 3091 1074 3183; x_wconf 82' lang='lat' dir='ltr'>Latinorumque</span> <span class='ocrx_word' id='word_1_285' title='bbox 1087 3117 1146 3182; x_wconf 88' lang='lat' dir='ltr'>po-</span> <span class='ocrx_word' id='word_1_286' title='bbox 1155 3108 1266 3222; x_wconf 53' lang='lat' dir='ltr'>ffitu</span> <span class='ocrx_word' id='word_1_287' title='bbox 1276 3107 1303 3157; x_wconf 81' lang='lat' dir='ltr'>tu</span> 
     </span>
    </p>
   </div>
   <div class='ocr_carea' id='block_1_5' title="bbox 249 3277 987 3348">
    <p class='ocr_par' dir='ltr' id='par_1_10' title="bbox 249 3277 987 3348">
     <span class='ocr_line' id='line_1_35' title="bbox 249 3277 987 3348; baseline -0.003 -14"><span class='ocrx_word' id='word_1_288' title='bbox 249 3284 265 3325; x_wconf 73' lang='lat' dir='ltr'>h</span> <span class='ocrx_word' id='word_1_289' title='bbox 281 3284 423 3348; x_wconf 81' lang='lat' dir='ltr'>Popiieoiem</span> <span class='ocrx_word' id='word_1_290' title='bbox 434 3284 508 3331; x_wconf 86' lang='lat' dir='ltr'>Grou.</span> <span class='ocrx_word' id='word_1_291' title='bbox 518 3283 589 3332; x_wconf 82' lang='lat' dir='ltr'>ctus.</span> <span class='ocrx_word' id='word_1_292' title='bbox 741 3277 748 3316; x_wconf 90' lang='lat'><strong>¹</strong></span> <span class='ocrx_word' id='word_1_293' title='bbox 767 3283 908 3332; x_wconf 81' lang='lat' dir='ltr'>Narnieoris</span> <span class='ocrx_word' id='word_1_294' title='bbox 920 3283 987 3332; x_wconf 70' lang='lat' dir='ltr'><strong>uad.</strong></span> 
     </span>
    </p>
   </div>
   <div class='ocr_carea' id='block_1_6' title="bbox 91 3448 1260 4480">
    <p class='ocr_par' dir='ltr' id='par_1_11' title="bbox 91 3448 1260 4480">
     <span class='ocr_line' id='line_1_36' title="bbox 122 3448 1149 3516; baseline 0.001 -18"><span class='ocrx_word' id='word_1_295' title='bbox 122 3449 151 3498; x_wconf 75' lang='lat'>2⁶</span> <span class='ocrx_word' id='word_1_296' title='bbox 166 3453 318 3516; x_wconf 70' lang='lat' dir='ltr'>lustsiierrm</span> <span class='ocrx_word' id='word_1_297' title='bbox 337 3449 395 3512; x_wconf 82' lang='lat' dir='ltr'>esre]</span> <span class='ocrx_word' id='word_1_298' title='bbox 413 3449 499 3496; x_wconf 81' lang='lat' dir='ltr'>insedi</span> <span class='ocrx_word' id='word_1_299' title='bbox 515 3449 603 3506; x_wconf 72' lang='lat' dir='ltr'>uenus,</span> <span class='ocrx_word' id='word_1_300' title='bbox 666 3449 699 3496; x_wconf 78' lang='grc'>80</span> <span class='ocrx_word' id='word_1_301' title='bbox 713 3448 843 3504; x_wconf 77' lang='lat' dir='ltr'>Stellatina,</span> <span class='ocrx_word' id='word_1_302' title='bbox 855 3449 1015 3515; x_wconf 73' lang='lat' dir='ltr'>Tromentina]</span> <span class='ocrx_word' id='word_1_303' title='bbox 1027 3453 1149 3502; x_wconf 74' lang='lat' dir='ltr'>Stellatina</span> 
     </span>
     <span class='ocr_line' id='line_1_37' title="bbox 93 3513 1149 3576; baseline 0.004 -18"><span class='ocrx_word' id='word_1_304' title='bbox 93 3517 185 3574; x_wconf 84' lang='lat' dir='ltr'>etpiebi</span> <span class='ocrx_word' id='word_1_305' title='bbox 198 3517 320 3564; x_wconf 67' lang='lat' dir='ltr'>Romane</span> <span class='ocrx_word' id='word_1_306' title='bbox 330 3513 512 3562; x_wconf 79' lang='lat' dir='ltr'>certiussdimi.</span> <span class='ocrx_word' id='word_1_307' title='bbox 634 3515 714 3560; x_wconf 82' lang='lat' dir='ltr'>tribus</span> <span class='ocrx_word' id='word_1_308' title='bbox 732 3515 763 3559; x_wconf 82' lang='lat' dir='ltr'>ub</span> <span class='ocrx_word' id='word_1_309' title='bbox 781 3527 848 3574; x_wconf 83' lang='lat' dir='ltr'>egro,</span> <span class='ocrx_word' id='word_1_310' title='bbox 869 3513 920 3562; x_wconf 83' lang='lat' dir='ltr'>eive</span> <span class='ocrx_word' id='word_1_311' title='bbox 941 3528 1028 3576; x_wconf 82' lang='lat' dir='ltr'>eempo</span> <span class='ocrx_word' id='word_1_312' title='bbox 1050 3517 1149 3563; x_wconf 79' lang='lat' dir='ltr'>Steiime</span> 
     </span>
     <span class='ocr_line' id='line_1_38' title="bbox 123 3579 1150 3644; baseline -0.002 -16"><span class='ocrx_word' id='word_1_313' title='bbox 123 3579 151 3628; x_wconf 80' lang='lat' dir='ltr'>it</span> <span class='ocrx_word' id='word_1_314' title='bbox 168 3579 270 3644; x_wconf 77' lang='lat' dir='ltr'>Eodem]</span> <span class='ocrx_word' id='word_1_315' title='bbox 289 3581 319 3626; x_wconf 87' lang='lat' dir='ltr'>in</span> <span class='ocrx_word' id='word_1_316' title='bbox 330 3579 440 3626; x_wconf 80' lang='lat' dir='ltr'>essuriem</span> <span class='ocrx_word' id='word_1_317' title='bbox 451 3579 603 3637; x_wconf 71' lang='lat' dir='ltr'>retmideet,</span> <span class='ocrx_word' id='word_1_318' title='bbox 635 3579 700 3625; x_wconf 82' lang='lat' dir='ltr'>diets</span> <span class='ocrx_word' id='word_1_319' title='bbox 721 3583 766 3632; x_wconf 81' lang='lat' dir='ltr'>est,</span> <span class='ocrx_word' id='word_1_320' title='bbox 788 3591 836 3624; x_wconf 87' lang='lat' dir='ltr'>non</span> <span class='ocrx_word' id='word_1_321' title='bbox 856 3591 885 3624; x_wconf 84' lang='lat' dir='ltr'>eo</span> <span class='ocrx_word' id='word_1_322' title='bbox 901 3580 943 3638; x_wconf 86' lang='lat' dir='ltr'>qui</span> <span class='ocrx_word' id='word_1_323' title='bbox 964 3579 989 3624; x_wconf 92' lang='lat' dir='ltr'>in</span> <span class='ocrx_word' id='word_1_324' title='bbox 1007 3581 1150 3641; x_wconf 73' lang='lat' dir='ltr'>compenis,</span> 
     </span>
     <span class='ocr_line' id='line_1_39' title="bbox 93 3641 1150 3702; baseline 0.002 -12"><span class='ocrx_word' id='word_1_325' title='bbox 93 3641 308 3694; x_wconf 68' lang='lat' dir='ltr'>meditandum.</span> <span class='ocrx_word' id='word_1_326' title='bbox 635 3643 677 3689; x_wconf 77' lang='lat' dir='ltr'>sed</span> <span class='ocrx_word' id='word_1_327' title='bbox 693 3643 780 3702; x_wconf 82' lang='lat' dir='ltr'>sequi</span> <span class='ocrx_word' id='word_1_328' title='bbox 799 3643 824 3688; x_wconf 83' lang='lat' dir='ltr'>in</span> <span class='ocrx_word' id='word_1_329' title='bbox 840 3643 941 3690; x_wconf 69' lang='lat' dir='ltr'>Etruria</span> <span class='ocrx_word' id='word_1_330' title='bbox 959 3644 1008 3690; x_wconf 84' lang='lat' dir='ltr'>tuit</span> <span class='ocrx_word' id='word_1_331' title='bbox 1022 3646 1086 3692; x_wconf 85' lang='lat' dir='ltr'>inter</span> <span class='ocrx_word' id='word_1_332' title='bbox 1104 3646 1150 3692; x_wconf 81' lang='lat' dir='ltr'>Ct-</span> 
     </span>
     <span class='ocr_line' id='line_1_40' title="bbox 122 3706 1151 3768; baseline 0 -12"><span class='ocrx_word' id='word_1_333' title='bbox 122 3707 177 3756; x_wconf 74' lang='lat'>28&#39;</span> <span class='ocrx_word' id='word_1_334' title='bbox 191 3711 226 3760; x_wconf 84' lang='lat' dir='ltr'>Ut</span> <span class='ocrx_word' id='word_1_335' title='bbox 248 3712 415 3758; x_wconf 74' lang='lat' dir='ltr'>mouerentur</span> <span class='ocrx_word' id='word_1_336' title='bbox 435 3707 547 3767; x_wconf 65' lang='lat' dir='ltr'>aemuia,</span> <span class='ocrx_word' id='word_1_337' title='bbox 568 3720 605 3754; x_wconf 79' lang='lat' dir='ltr'>rer</span> <span class='ocrx_word' id='word_1_338' title='bbox 636 3719 725 3768; x_wconf 75' lang='lat' dir='ltr'>penam</span> <span class='ocrx_word' id='word_1_339' title='bbox 742 3713 767 3752; x_wconf 87' lang='lat' dir='ltr'>et</span> <span class='ocrx_word' id='word_1_340' title='bbox 786 3706 868 3755; x_wconf 82' lang='lat' dir='ltr'>Veios.</span> <span class='ocrx_word' id='word_1_341' title='bbox 899 3707 1009 3754; x_wconf 81' lang='lat' dir='ltr'>Seiutiso</span> <span class='ocrx_word' id='word_1_342' title='bbox 1028 3723 1043 3755; x_wconf 82' lang='lat' dir='ltr'>e</span> <span class='ocrx_word' id='word_1_343' title='bbox 1064 3710 1151 3756; x_wconf 81' lang='lat' dir='ltr'>Sebets</span> 
     </span>
     <span class='ocr_line' id='line_1_41' title="bbox 93 3769 1153 3836; baseline 0.006 -22"><span class='ocrx_word' id='word_1_344' title='bbox 93 3769 120 3814; x_wconf 77' lang='lat' dir='ltr'>ei</span> <span class='ocrx_word' id='word_1_345' title='bbox 140 3774 303 3836; x_wconf 73' lang='lat' dir='ltr'>interregnum</span> <span class='ocrx_word' id='word_1_346' title='bbox 325 3771 406 3833; x_wconf 79' lang='lat' dir='ltr'>redut}</span> <span class='ocrx_word' id='word_1_347' title='bbox 435 3771 605 3831; x_wconf 76' lang='lat' dir='ltr'>interregnum</span> <span class='ocrx_word' id='word_1_348' title='bbox 637 3771 700 3824; x_wconf 78' lang='lat' dir='ltr'>lecu,</span> <span class='ocrx_word' id='word_1_349' title='bbox 716 3771 759 3831; x_wconf 88' lang='lat' dir='ltr'>qui</span> <span class='ocrx_word' id='word_1_350' title='bbox 770 3771 1006 3819; x_wconf 77' lang='lat' dir='ltr'>itideminEtrurie.</span> <span class='ocrx_word' id='word_1_351' title='bbox 1042 3773 1153 3820; x_wconf 74' lang='lat' dir='ltr'>Tremen-</span> 
     </span>
     <span class='ocr_line' id='line_1_42' title="bbox 91 3835 1153 3897; baseline 0 -13"><span class='ocrx_word' id='word_1_352' title='bbox 91 3839 264 3896; x_wconf 83' lang='lat' dir='ltr'>nouiuibetur,</span> <span class='ocrx_word' id='word_1_353' title='bbox 276 3839 323 3884; x_wconf 86' lang='lat' dir='ltr'>nisi</span> <span class='ocrx_word' id='word_1_354' title='bbox 342 3838 438 3897; x_wconf 73' lang='lat' dir='ltr'>quaudo</span> <span class='ocrx_word' id='word_1_355' title='bbox 458 3837 518 3882; x_wconf 84' lang='lat' dir='ltr'>nuiii</span> <span class='ocrx_word' id='word_1_356' title='bbox 537 3841 606 3882; x_wconf 85' lang='lat' dir='ltr'>erum</span> <span class='ocrx_word' id='word_1_357' title='bbox 638 3835 697 3893; x_wconf 83' lang='lat' dir='ltr'>iisse,</span> <span class='ocrx_word' id='word_1_358' title='bbox 708 3848 722 3880; x_wconf 81' lang='grc' dir='ltr'>ι</span> <span class='ocrx_word' id='word_1_359' title='bbox 733 3835 865 3882; x_wconf 77' lang='lat' dir='ltr'>&#39;irommto</span> <span class='ocrx_word' id='word_1_360' title='bbox 875 3849 969 3896; x_wconf 65' lang='lat' dir='ltr'>ampo.</span> <span class='ocrx_word' id='word_1_361' title='bbox 998 3838 1153 3884; x_wconf 72' lang='lat' dir='ltr'>Haeeomnte</span> 
     </span>
     <span class='ocr_line' id='line_1_43' title="bbox 93 3899 1153 3962; baseline -0.002 -12"><span class='ocrx_word' id='word_1_362' title='bbox 93 3900 115 3946; x_wconf 86' lang='lat' dir='ltr'>in</span> <span class='ocrx_word' id='word_1_363' title='bbox 125 3905 248 3962; x_wconf 81' lang='lat' dir='ltr'>repsrbiiee</span> <span class='ocrx_word' id='word_1_364' title='bbox 259 3903 356 3950; x_wconf 82' lang='lat' dir='ltr'>curules</span> <span class='ocrx_word' id='word_1_365' title='bbox 369 3900 533 3960; x_wconf 69' lang='lat' dir='ltr'>Magistratus.</span> <span class='ocrx_word' id='word_1_366' title='bbox 562 3899 606 3946; x_wconf 83' lang='lat' dir='ltr'>Pe·</span> <span class='ocrx_word' id='word_1_367' title='bbox 638 3905 750 3947; x_wconf 85' lang='lat' dir='ltr'>eonstent</span> <span class='ocrx_word' id='word_1_368' title='bbox 762 3911 792 3944; x_wconf 81' lang='lat' dir='ltr'>ex</span> <span class='ocrx_word' id='word_1_369' title='bbox 804 3899 883 3948; x_wconf 81' lang='lat' dir='ltr'>Festo.</span> <span class='ocrx_word' id='word_1_370' title='bbox 915 3901 1075 3949; x_wconf 77' lang='lat' dir='ltr'>Tromenturn</span> <span class='ocrx_word' id='word_1_371' title='bbox 1086 3915 1153 3948; x_wconf 81' lang='lat' dir='ltr'>eum-</span> 
     </span>
     <span class='ocr_line' id='line_1_44' title="bbox 93 3964 1153 4026; baseline 0.004 -18"><span class='ocrx_word' id='word_1_372' title='bbox 93 3965 149 4012; x_wconf 84' lang='lat' dir='ltr'>trieii</span> <span class='ocrx_word' id='word_1_373' title='bbox 166 3969 275 4023; x_wconf 71' lang='lat' dir='ltr'>coibant,</span> <span class='ocrx_word' id='word_1_374' title='bbox 287 3973 311 4014; x_wconf 84' lang='lat' dir='ltr'>et</span> <span class='ocrx_word' id='word_1_375' title='bbox 328 3977 371 4026; x_wconf 82' lang='lat' dir='ltr'>per</span> <span class='ocrx_word' id='word_1_376' title='bbox 386 3977 412 4011; x_wconf 83' lang='lat' dir='ltr'>se</span> <span class='ocrx_word' id='word_1_377' title='bbox 428 3966 473 4024; x_wconf 82' lang='lat' dir='ltr'>ipsi</span> <span class='ocrx_word' id='word_1_378' title='bbox 484 3965 607 4026; x_wconf 71' lang='lat' dir='ltr'>auspicato</span> <span class='ocrx_word' id='word_1_379' title='bbox 639 3977 699 4023; x_wconf 87' lang='lat' dir='ltr'>pum</span> <span class='ocrx_word' id='word_1_380' title='bbox 711 3964 795 4010; x_wconf 79' lang='lat' dir='ltr'>volunt</span> <span class='ocrx_word' id='word_1_381' title='bbox 810 3973 835 4010; x_wconf 85' lang='lat' dir='ltr'>et</span> <span class='ocrx_word' id='word_1_382' title='bbox 850 3967 931 4025; x_wconf 85' lang='lat' dir='ltr'>ipsum</span> <span class='ocrx_word' id='word_1_383' title='bbox 948 3967 972 4012; x_wconf 88' lang='lat' dir='ltr'>in</span> <span class='ocrx_word' id='word_1_384' title='bbox 986 3966 1083 4013; x_wconf 80' lang='lat' dir='ltr'>Etnrris</span> <span class='ocrx_word' id='word_1_385' title='bbox 1093 3967 1153 4014; x_wconf 82' lang='lat' dir='ltr'>fuis·</span> 
     </span>
     <span class='ocr_line' id='line_1_45' title="bbox 92 4027 1154 4092; baseline 0.001 -17"><span class='ocrx_word' id='word_1_386' title='bbox 92 4027 232 4092; x_wconf 74' lang='lat' dir='ltr'>interregem</span> <span class='ocrx_word' id='word_1_387' title='bbox 256 4032 398 4092; x_wconf 77' lang='lat' dir='ltr'>prodebant.</span> <span class='ocrx_word' id='word_1_388' title='bbox 439 4030 527 4089; x_wconf 77' lang='lat' dir='ltr'>itaque</span> <span class='ocrx_word' id='word_1_389' title='bbox 544 4039 607 4075; x_wconf 82' lang='lat' dir='ltr'>nore</span> <span class='ocrx_word' id='word_1_390' title='bbox 639 4040 672 4073; x_wconf 85' lang='lat' dir='ltr'>se.</span> <span class='ocrx_word' id='word_1_391' title='bbox 706 4027 744 4072; x_wconf 86' lang='lat' dir='ltr'>De</span> <span class='ocrx_word' id='word_1_392' title='bbox 761 4029 859 4075; x_wconf 82' lang='lat' dir='ltr'>nomine</span> <span class='ocrx_word' id='word_1_393' title='bbox 870 4031 992 4090; x_wconf 85' lang='lat' dir='ltr'>sequentis</span> <span class='ocrx_word' id='word_1_394' title='bbox 1009 4031 1085 4077; x_wconf 74' lang='lat' dir='ltr'>tribus</span> <span class='ocrx_word' id='word_1_395' title='bbox 1101 4043 1154 4076; x_wconf 82' lang='lat' dir='ltr'>um·</span> 
     </span>
     <span class='ocr_line' id='line_1_46' title="bbox 94 4091 1153 4155; baseline 0 -14"><span class='ocrx_word' id='word_1_396' title='bbox 94 4093 158 4150; x_wconf 75' lang='lat' dir='ltr'>ultus</span> <span class='ocrx_word' id='word_1_397' title='bbox 182 4103 254 4144; x_wconf 78' lang='lat' dir='ltr'>emut</span> <span class='ocrx_word' id='word_1_398' title='bbox 281 4093 389 4155; x_wconf 74' lang='lat' dir='ltr'>euspicio</span> <span class='ocrx_word' id='word_1_399' title='bbox 415 4094 557 4154; x_wconf 73' lang='lat' dir='ltr'>intenegist</span> <span class='ocrx_word' id='word_1_400' title='bbox 582 4098 607 4138; x_wconf 82' lang='lat' dir='ltr'>et</span> <span class='ocrx_word' id='word_1_401' title='bbox 639 4092 737 4152; x_wconf 87' lang='lat' dir='ltr'>bigitur.</span> <span class='ocrx_word' id='word_1_402' title='bbox 769 4091 926 4140; x_wconf 80' lang='lat' dir='ltr'>Nmieeeem</span> <span class='ocrx_word' id='word_1_403' title='bbox 936 4095 985 4150; x_wconf 81' lang='lat' dir='ltr'>eiii,</span> <span class='ocrx_word' id='word_1_404' title='bbox 996 4095 1038 4142; x_wconf 81' lang='lat' dir='ltr'>eiii</span> <span class='ocrx_word' id='word_1_405' title='bbox 1049 4095 1153 4142; x_wconf 82' lang='lat' dir='ltr'>Aros‘esr-</span> 
     </span>
     <span class='ocr_line' id='line_1_47' title="bbox 95 4156 1154 4222; baseline 0.006 -22"><span class='ocrx_word' id='word_1_406' title='bbox 95 4159 156 4206; x_wconf 80' lang='lat' dir='ltr'>nuile</span> <span class='ocrx_word' id='word_1_407' title='bbox 170 4174 202 4208; x_wconf 81' lang='lat' dir='ltr'>ex</span> <span class='ocrx_word' id='word_1_408' title='bbox 223 4167 293 4222; x_wconf 78' lang='lat' dir='ltr'>perte</span> <span class='ocrx_word' id='word_1_409' title='bbox 306 4161 443 4220; x_wconf 79' lang='lat' dir='ltr'>pendebunt</span> <span class='ocrx_word' id='word_1_410' title='bbox 452 4160 484 4205; x_wconf 84' lang='lat' dir='ltr'>eb</span> <span class='ocrx_word' id='word_1_411' title='bbox 494 4156 607 4218; x_wconf 77' lang='lat' dir='ltr'>auspiciis</span> <span class='ocrx_word' id='word_1_412' title='bbox 639 4157 854 4217; x_wconf 69' lang='lat' dir='ltr'>miegivoiunte</span> <span class='ocrx_word' id='word_1_413' title='bbox 872 4165 961 4204; x_wconf 79' lang='lat' dir='ltr'>etsem</span> <span class='ocrx_word' id='word_1_414' title='bbox 977 4160 1013 4206; x_wconf 83' lang='lat' dir='ltr'>ilii</span> <span class='ocrx_word' id='word_1_415' title='bbox 1029 4161 1154 4220; x_wconf 83' lang='lat' dir='ltr'>quideme</span> 
     </span>
     <span class='ocr_line' id='line_1_48' title="bbox 95 4219 1155 4282; baseline 0 -12"><span class='ocrx_word' id='word_1_416' title='bbox 95 4225 279 4282; x_wconf 67' lang='lat' dir='ltr'>magistratuum</span> <span class='ocrx_word' id='word_1_417' title='bbox 301 4224 359 4270; x_wconf 82' lang='lat' dir='ltr'>unni</span> <span class='ocrx_word' id='word_1_418' title='bbox 383 4223 557 4282; x_wconf 66' lang='lat' dir='ltr'>procedentiss</span> <span class='ocrx_word' id='word_1_419' title='bbox 582 4228 607 4266; x_wconf 84' lang='lat' dir='ltr'>et</span> <span class='ocrx_word' id='word_1_420' title='bbox 639 4220 731 4267; x_wconf 72' lang='lat' dir='ltr'>Narnia</span> <span class='ocrx_word' id='word_1_421' title='bbox 751 4219 858 4268; x_wconf 65' lang='lat' dir='ltr'>Umbria</span> <span class='ocrx_word' id='word_1_422' title='bbox 877 4223 974 4282; x_wconf 81' lang='lat' dir='ltr'>oppidu,</span> <span class='ocrx_word' id='word_1_423' title='bbox 995 4223 1155 4270; x_wconf 67' lang='lat' dir='ltr'>hinb1Amo</span> 
     </span>
     <span class='ocr_line' id='line_1_49' title="bbox 95 4283 1154 4346; baseline -0.005 -10"><span class='ocrx_word' id='word_1_424' title='bbox 95 4283 114 4330; x_wconf 76' lang='lat' dir='ltr'>&#39;l</span> <span class='ocrx_word' id='word_1_425' title='bbox 127 4289 182 4346; x_wconf 81' lang='lat' dir='ltr'>quid</span> <span class='ocrx_word' id='word_1_426' title='bbox 196 4289 222 4336; x_wconf 81' lang='lat' dir='ltr'>in</span> <span class='ocrx_word' id='word_1_427' title='bbox 235 4289 275 4336; x_wconf 83' lang='lat' dir='ltr'>lu&#39;s</span> <span class='ocrx_word' id='word_1_428' title='bbox 287 4289 341 4334; x_wconf 82' lang='lat' dir='ltr'>vitii</span> <span class='ocrx_word' id='word_1_429' title='bbox 351 4295 423 4340; x_wconf 83' lang='lat' dir='ltr'>esset,</span> <span class='ocrx_word' id='word_1_430' title='bbox 440 4287 501 4334; x_wconf 82' lang='lat' dir='ltr'>otim</span> <span class='ocrx_word' id='word_1_431' title='bbox 519 4288 550 4333; x_wconf 84' lang='lat' dir='ltr'>ed</span> <span class='ocrx_word' id='word_1_432' title='bbox 566 4285 607 4332; x_wconf 75' lang='grc'>1111</span> <span class='ocrx_word' id='word_1_433' title='bbox 640 4285 746 4334; x_wconf 67' lang='lat' dir='ltr'>Etruria</span> <span class='ocrx_word' id='word_1_434' title='bbox 758 4285 830 4331; x_wconf 84' lang='lat' dir='ltr'>iiuuio</span> <span class='ocrx_word' id='word_1_435' title='bbox 841 4285 932 4334; x_wconf 83' lang='lat' dir='ltr'>dictem</span> <span class='ocrx_word' id='word_1_436' title='bbox 943 4299 996 4334; x_wconf 83' lang='lat' dir='ltr'>esse</span> <span class='ocrx_word' id='word_1_437' title='bbox 1005 4289 1154 4336; x_wconf 77' lang='lat' dir='ltr'>existiment.</span> 
     </span>
     <span class='ocr_line' id='line_1_50' title="bbox 96 4345 1155 4414; baseline 0.004 -18"><span class='ocrx_word' id='word_1_438' title='bbox 96 4345 235 4401; x_wconf 75' lang='lat' dir='ltr'>hoeritium</span> <span class='ocrx_word' id='word_1_439' title='bbox 248 4353 368 4414; x_wconf 76' lang='lat' dir='ltr'>pertinere</span> <span class='ocrx_word' id='word_1_440' title='bbox 377 4357 478 4412; x_wconf 78' lang='lat' dir='ltr'>poteret.</span> <span class='ocrx_word' id='word_1_441' title='bbox 670 4347 701 4398; x_wconf 78' lang='lat'>81</span> <span class='ocrx_word' id='word_1_442' title='bbox 725 4349 816 4410; x_wconf 68' lang='lat' dir='ltr'>Viginti</span> <span class='ocrx_word' id='word_1_443' title='bbox 835 4352 934 4411; x_wconf 62' lang='lat' dir='ltr'>qumque</span> <span class='ocrx_word' id='word_1_444' title='bbox 960 4349 1074 4414; x_wconf 65' lang='lat' dir='ltr'>muers]</span> <span class='ocrx_word' id='word_1_445' title='bbox 1096 4351 1155 4400; x_wconf 80' lang='lat' dir='ltr'>vid.</span> 
     </span>
     <span class='ocr_line' id='line_1_51' title="bbox 125 4407 1260 4480; baseline -0.005 -18"><span class='ocrx_word' id='word_1_446' title='bbox 125 4411 154 4462; x_wconf 70' lang='lat'>8⁹</span> <span class='ocrx_word' id='word_1_447' title='bbox 171 4412 607 4480; x_wconf 44' lang='lat' dir='ltr'>bmffllviueuprsss</span> <span class='ocrx_word' id='word_1_448' title='bbox 640 4413 810 4474; x_wconf 71' lang='lat' dir='ltr'>euprsimi.</span> <span class='ocrx_word' id='word_1_449' title='bbox 1254 4407 1260 4422; x_wconf 91' lang='lat'><em>&#39;</em></span> 
     </span>
    </p>
   </div>
   <div class='ocr_carea' id='block_1_7' title="bbox 678 4483 768 4540">
    <p class='ocr_par' dir='ltr' id='par_1_12' title="bbox 678 4483 768 4540">
     <span class='ocr_line' id='line_1_52' title="bbox 678 4483 768 4540; baseline 0.011 -1"><span class='ocrx_word' id='word_1_450' title='bbox 678 4483 768 4540; x_wconf 71' lang='lat' dir='ltr'>eui</span> 
     </span>
    </p>
   </div>
   <div class='ocr_carea' id='block_1_8' title="bbox 0 0 1531 4924">
    <p class='ocr_par' dir='ltr' id='par_1_13' title="bbox 0 0 1531 4924">
     <span class='ocr_line' id='line_1_53' title="bbox 0 0 1531 4924; baseline 0 0"><span class='ocrx_word' id='word_1_451' title='bbox 0 0 1531 4924; x_wconf 95' lang='lat' dir='ltr'> </span> 
     </span>
    </p>
   </div>
  </div>
 </body>
</html>
