3032 4924
455 219 548 281 ΜΒ.
568 215 605 280 ν.
632 211 841 282 cAP.L111.
1124 223 1183 286 sss

114 383 202 452 bibus
216 381 350 450 Romam
364 385 410 450 ad
421 407 476 451 nos
489 385 656 472 transferri
673 405 764 450 sacra
784 381 1091 472 ”religiosumfuits
1113 389 1225 462 bincu.
1236 407 1264 460 c.
1274 405 1332 459 sss.

114 477 182 539 sine
191 473 323 556 picarlo
337 473 372 536 in
385 473 514 536 bostium
528 473 629 536 urbem
648 472 737 537 Veios
751 473 994 558 transferamus!
1027 473 1334 538 crearas-ow·
1424 532 1426 543 .

116 562 204 636 mini,
219 557 386 644 agitedum,
399 562 515 643 quoties
528 581 617 624 sacra
626 561 846 636 instaurentur,
859 561 933 644 quia
944 561 1068 644 aliquid
1077 584 1116 625 ea
1123 583 1187 645 pa-

118 649 180 711 trio
195 649 262 710 ritu
277 647 469 730 neglegentia
480 667 585 710 caueae
593 646 830 728 praetermissum
845 656 898 710 est.
936 647 1036 711 Modo
1050 669 1118 734 qua
1127 669 1186 726 res,

117 742 186 816 post
190 731 373 816 prodigium
382 732 500 796 Albani
508 735 601 809 lanes,
611 734 673 796 nisi
682 733 869 796 instauratio
876 736 1189 818 sacrammauspicio·

117 835 245 903 rumque
266 820 437 895 renouatio,
459 819 598 904 adfecta
615 818 737 884 Veienti
758 818 836 882 bello
858 819 1035 902 respublica
1054 822 1189 885 remedio

106 905 207 991 sultt
232 905 278 970 At
292 907 395 981 etiam,
411 915 564 988 tamquam
578 915 708 969 aeterum
725 906 906 988 religionum
923 911 1074 983 memores,
1090 917 1121 971 et
1128 929 1188 991 pe·

118 993 260 1076 regrinos
275 993 360 1056 Deos
374 993 583 1056 transtulimus
594 993 734 1066 Romam,
745 1001 775 1055 et
786 994 971 1058 instituimus
984 993 1084 1058 nouos,
1127 996 1188 1061 Ju-

119 1099 160 1142 no
175 1078 312 1162 Regino,
322 1087 495 1142 transuecta
509 1100 529 1140 a
545 1078 638 1153 Veiis,
650 1099 749 1160 nuper
760 1081 793 1140 in
803 1078 958 1143 Aventino
969 1101 1059 1164 quarn
1069 1081 1190 1166 insigni
1277 1093 1282 1109 ¹

118 1164 157 1228 ob
170 1166 319 1228 eccellens
333 1174 539 1228 matronarum
553 1167 683 1228 studium
702 1164 869 1250 celebrique
885 1167 1028 1230 dedicata
1050 1176 1093 1230 est
1108 1169 1186 1230 die?

119 1249 184 1315 Aia
201 1250 332 1314 lanitio
351 1252 503 1333 ternplum,
513 1262 645 1334 propter
666 1253 810 1315 calestem
834 1273 931 1314 uocem
953 1253 1129 1315 eaauditam
1152 1255 1188 1317 in

121 1335 214 1400 Nova
236 1340 299 1412 oia,
312 1335 570 1420 jussimusfieri:
595 1339 788 1419 Capitolinos
809 1339 895 1402 ludos
908 1339 1099 1402 sollemnibus
1113 1340 1189 1404 aliis

121 1423 299 1487 addidimus
304 1457 315 1494 ,·
339 1425 554 1507 collegiumque
568 1425 612 1486 ad
626 1425 661 1486 id
674 1441 790 1498 nonum,
806 1433 929 1488 erectore
942 1434 1060 1500 senatu,
1081 1427 1187 1490 candi·

121 1512 229 1574 dimus.
277 1508 364 1584 Quid
376 1510 481 1572 irarum
503 1530 577 1592 opus
587 1509 661 1594 suit
674 1511 797 1592 suscepi,
812 1512 842 1575 si
854 1532 917 1573 una
932 1533 995 1574 cum
1014 1509 1121 1574 Gallis
1133 1531 1187 1574 ur·

121 1595 182 1660 bem
197 1597 372 1660 Romanmn
395 1597 536 1660 relicturi
545 1597 693 1680 ficimus?
716 1598 746 1660 si
766 1617 827 1660 non
852 1599 1008 1660 voluntate
1025 1599 1189 1663 mansimus

122 1684 155 1746 in
171 1683 332 1765 Capitolio
341 1703 402 1764 per
415 1691 461 1746 tot
474 1704 586 1746 menses
596 1682 790 1746 obsidionis?
812 1683 840 1746 si
854 1683 894 1746 ab
902 1681 1035 1748 hostibus
1049 1693 1128 1747 metu
1137 1705 1187 1748 re·

122 1772 199 1833 tenti
212 1773 339 1832 scimus?
366 1769 416 1832 De
435 1769 532 1831 sacris
553 1769 704 1852 loquimur
717 1778 747 1832 et
762 1770 800 1832 de
812 1771 952 1853 templis.-
975 1773 1051 1854 quid
1063 1774 1186 1835 tandem

122 1857 159 1920 de
168 1855 399 1920 sacerdotibus?
422 1855 711 1918 Nonneinmentem
722 1857 814 1930 venit,
827 1854 1099 1940 quantumpiaculi
1108 1875 1187 1921 com-

122 1939 291 2008 mittatur?
318 1939 486 2009 Vestalibus
497 1963 601 2024 nempe
610 1963 673 2004 una
689 1943 746 2005 illa
757 1944 840 2010 sedes
850 1953 903 2018 est,
916 1965 954 2007 er
967 1963 1028 2027 qua
1043 1965 1095 2008 eas
1105 1946 1188 2010 niln'l

121 2050 271 2114 umquam,
282 2038 490 2114 preterquam
504 2028 575 2092 urbs
588 2035 691 2110 capta,
706 2030 807 2092 movit.
852 2031 992 2092 Flamini
1007 2031 1103 2094 Diali
1115 2051 1187 2094 noc·

121 2124 178 2178 tem
193 2136 288 2178 unam
303 2135 423 2178 manere
437 2124 525 2177 ertra
550 2114 652 2176 urbem
675 2114 762 2199 crisos
783 2124 839 2179 est.
884 2115 953 2179 Hos
971 2116 1108 2180 Veientes
1124 2137 1188 2200 pro

122 2202 277 2266 Romanis
288 2201 417 2286 facturi
436 2202 509 2264 estis
529 2201 707 2276 sacerdotes,
723 2209 753 2263 et
772 2200 906 2265 Vestales
920 2211 981 2265 tua
994 2212 1025 2264 tc
1038 2205 1185 2280 deserent,

126 2287 246 2354 Vesta?
268 2287 422 2374 otflamen
432 2307 562 2372 peregre
575 2287 746 2350 habitando
754 2288 788 2350 in
802 2288 940 2369 singulas
954 2297 1054 2351 noctes
1067 2296 1187 2352 tantum

122 2374 181 2439 sibi
194 2376 302 2458 reique
311 2373 445 2456 publica
458 2374 582 2456 piaculi
594 2371 779 2436 contrairet?
804 2371 892 2447 Quid
904 2373 982 2449 alia,
1000 2393 1068 2456 qrra
1080 2376 1187 2455 auspi·

122 2472 190 2526 cato
211 2463 333 2545 agimus
357 2461 460 2522 omnia
473 2460 550 2544 fere
572 2460 658 2521 intra
674 2459 865 2540 pomarium,
888 2461 938 2522 cui
958 2459 1115 2536 oblivioni,
1132 2471 1188 2525 out

121 2549 171 2612 cui
185 2546 387 2632 neglegentia
397 2547 528 2609 damus?
553 2545 826 2621 Comitiacnriata,
839 2544 1012 2629 ”quarem
1022 2547 1187 2610 militarem

121 2636 296 2705 continent,
320 2633 444 2695 comitia
457 2633 640 2706 centuriata,
656 2632 763 2714 quibus
775 2633 908 2694 consules
921 2631 1117 2717 tribunosque
1130 2635 1188 2696 mi·

119 2721 229 2784 bitures
243 2719 365 2793 creatis,
379 2717 433 2780 ubi
446 2720 615 2800 auspicato,
631 2719 695 2781 nisi
708 2717 760 2780 ubi
773 2719 921 2794 adsolent,
933 2718 1015 2800 fieri
1029 2723 1185 2802 possuntt

129 2803 577 2888 Veiosnelractransferemus?
600 2825 642 2866 an
653 2807 840 2868 comitiorum
849 2825 955 2868 caussa
964 2807 1189 2888 paprdustonto

123 2894 309 2957 incommodo
325 2893 359 2954 in
369 2891 516 2954 desertam
530 2891 609 2954 lanc
622 2889 662 2954 ab
677 2891 753 2955 Diis
766 2891 993 2976 hominibusque
1004 2891 1106 2956 urbem
1116 2913 1191 2959 con·,

121 2981 250 3043 ueniet?

166 3063 267 3129 L111.
289 3065 351 3130 Sed
370 3086 419 3128 res
434 3066 502 3148 ipsa
516 3066 596 3150 cogit
611 3075 727 3129 uastam
742 3067 894 3130 incendiis
913 3067 1071 3151 ruinisque
1090 3067 1187 3131 relin-

122 3173 216 3236 quere
227 3151 339 3229 urbem,
355 3161 385 3216 et
395 3153 440 3213 od
453 3153 573 3235 integra
588 3153 691 3214 omnia
710 3152 799 3216 Veios
812 3154 956 3237 migrare,
968 3154 1188 3235 necbicadifi·

120 3239 222 3302 cando
234 3238 353 3320 inopem
363 3237 479 3320 plebem
492 3259 611 3301 meare.
647 3237 745 3300 Hanc
755 3247 855 3302 autem
858 3237 984 3322 jactari
993 3242 1091 3324 magis
1100 3262 1187 3304 caus·

120 3347 197 3401 sam,
214 3345 306 3408 quam
321 3345 422 3388 veram
437 3345 507 3398 esse,
524 3332 557 3385 ut
570 3343 626 3406 ega
640 3345 700 3385 non
715 3325 826 3400 dicam,
837 3326 991 3407 adparere
1000 3325 1093 3402 nobis,
1108 3325 1188 3402 Qui·

122 3413 210 3487 rites,
226 3420 305 3493 pua
311 3444 323 3481 ,-
350 3411 404 3494 qui
426 3410 614 3485 meministis,
629 3418 702 3472 ante
719 3408 879 3473 Gallorum
899 3413 1070 3487 adventum,
1092 3413 1188 3477 salvis

121 3497 211 3564 tectis
224 3496 356 3574 publicis
369 3496 574 3578 priuatisque,
589 3505 691 3558 stante
708 3497 851 3558 incolumi
863 3495 946 3572 urbe,
961 3497 1040 3560 banc
1054 3499 1187 3562 eamdem

121 3602 185 3647 rem
200 3591 302 3646 actam
317 3603 388 3658 esse,
403 3591 437 3644 nt
458 3581 545 3644 Veios
565 3583 861 3664 transmigraremus.
904 3584 950 3646 Et
964 3585 1073 3659 uidete,
1089 3604 1188 3667 quan·

121 3679 184 3734 tum
200 3671 285 3733 inter
298 3689 393 3731 meam
406 3669 586 3731 sententiam
597 3677 783 3750 vestramque
794 3669 925 3744 intersit,
940 3669 1069 3732 tribuni.
1119 3670 1188 3751 Vos,

121 3757 246 3820 etiamsi
258 3754 514 3837 tuncsaciendum
528 3753 706 3836 transumit,
723 3775 801 3817 nunc
814 3755 918 3838 utique
927 3755 1110 3838 faciendum
1125 3777 1189 3838 pu·

122 3842 220 3906 tatis.-
242 3863 298 3926 ego
312 3849 431 3916 rantra,
449 3844 516 3924 (nec
530 3841 565 3903 id
578 3841 686 3902 mirati
706 3841 776 3904 sitis
791 3841 893 3922 prius,
914 3861 1016 3923 quam,
1031 3843 1121 3924 quide
1134 3844 1186 3917 sit,

4 3963 5 3970 κ
122 3927 302 4008 mcdieritis)
318 3927 440 3990 etiamsi
453 3937 524 3989 tunc
534 3926 725 4010 migrandum
727 3925 856 4010 ficisset,
873 3926 1016 3990 incolumi
1027 3936 1091 3990 tota
1102 3927 1186 4006 urbe,
1255 3953 1258 3967 ·

155 4133 186 4182 98
203 4131 353 4192 Religionem
371 4127 438 4191 suit]
456 4125 577 4190 Religioni
598 4129 641 4176 hn-
675 4137 721 4175 tur.
756 4131 793 4176 De
812 4129 951 4178 discrimine
965 4134 1086 4192 potestatis
1102 4141 1127 4180 et
1143 4135 1189 4182 inc·

124 4193 505 4253 brimunndweduximus·
669 4195 733 4254 pens
743 4195 791 4241 vso.
806 4201 856 4240 nou
869 4193 908 4242 sn
920 4197 951 4243 ao
963 4198 996 4243 11.
1008 4197 1048 4246 ss
1082 4197 1119 4245 oe
1136 4200 1189 4260 sege

156 4263 187 4310 90
204 4264 265 4319 Qua
287 4273 340 4305 rem
358 4257 482 4303 militarem
512 4257 641 4321 amoene]
673 4258 916 4308 iusiurandum.
933 4261 951 4310 l.
969 4261 1016 4309 IX.
1037 4271 1061 4310 et
1080 4264 1129 4311 cic.
1143 4263 1189 4327 Ep.

124 4325 269 4376 consumatis
280 4321 388 4372 comum
404 4327 528 4380 patmon
546 4323 644 4369 curtutto
676 4325 706 4370 ad
721 4322 788 4371 Fam.
802 4323 822 4370 1.
834 4324 857 4370 9.

123 4391 251 4452 troparium
277 4387 373 4450 proprie
398 4386 490 4431 dictum
514 4387 645 4434 mandabu-
