2978 4918
231 169 233 176 ’
337 211 394 274 ut
644 239 661 292 .·
745 201 855 266 τιτι
882 203 1018 290 urvrt

178 398 209 448 tl.
220 401 248 448 0·
259 399 315 450 297,

336 368 465 438 bunicie
478 365 607 435 comitio
630 371 683 452 (ne
703 365 737 432 id
756 389 884 454 quoque
931 381 980 434 ost
998 369 1127 448 bellum,
1151 379 1188 434 ut
1209 381 1324 444 cetera,
1336 387 1389 430 ra-

175 459 313 536 ,Μ-ὕᾰ
336 477 414 522 num
437 456 529 536 esset)
544 453 833 538 extemplobabite.
854 453 881 493 ¹⁶
921 455 1065 522 ricesimo
1084 467 1171 520 sexto
1185 477 1270 520 anuo
1286 476 1310 517 .a
1324 450 1390 538 pri-

172 1232 308 1284 licata

171 1299 202 1346 Α.
215 1298 240 1346 c·
253 1299 308 1350 let

170 1363 206 1409 tt.
222 1363 317 1412 Veierio

337 543 396 608 mie
421 539 557 606 tribunis
577 538 687 630 plebis,
710 539 819 604 decem
841 542 938 606 creati
954 557 1037 620 sunt,
1063 541 1165 606 ¹⁷bini
1190 563 1231 606 ex
1256 539 1389 628 singulis

336 626 497 693 classibus.
511 627 537 666 ²⁸
547 627 651 714 itaque
661 639 787 691 cautum
803 638 860 704 eat,
871 641 907 692 ut
919 621 1027 714 posteri
1040 639 1228 693 crearentur.
1272 625 1390 692 Delec-

335 727 371 780 tu
388 713 506 780 ‘deinde
519 712 640 793 habito,
660 711 832 790 Minucius,
849 727 960 780 eontra
976 715 1109 780 Sabinos
1130 711 1301 799 proiectus,
1323 733 1389 776 nou

334 799 456 864 invenit
468 799 599 864 hostem.
645 799 809 878 Horatius,
824 821 922 886 quum
942 802 1010 887 jetn
1029 799 1140 888 AEqui,
1158 798 1320 864 Corbione
1342 797 1390 862 iu·

335 883 465 952 terfecto
483 884 640 970 praesidio,
656 887 812 950 Ortonam
831 886 924 952 etiem
944 888 1108 974 cepissent,
1122 885 1155 950 in
1171 885 1329 974 Algidop
1375 921 1389 934 -

334 986 405 1038 nat:
429 971 543 1036 multos
565 971 712 1037 mortales
732 971 867 1037 occidit:
889 973 978 1062 fugat
992 968 1112 1038 hostem
1128 993 1192 1038 nou
1212 993 1253 1036 ex
1267 907 1390 1071 Algido

334 1057 442 1135 modo,
454 1057 509 1123 sed
524 1081 540 1122 a
559 1057 720 1123 Corbione
734 1057 928 1146 Ortonuque.
974 1059 1166 1125 Corbionem
1182 1057 1277 1124 etiam
1288 1056 1390 1124 diruit

334 1159 466 1232 propter
479 1145 639 1229 proditum
657 1143 849 1229 praesidiunr.

380 1229 514 1296 XXXI.
537 1225 664 1298 Deinde
679 1229 728 1295 M.
745 1229 899 1307 Valerius,
918 1231 972 1316 Sp.
984 1229 1150 1319 Virginius
1165 1227 1311 1296 consules
1324 1227 1389 1294 fac·

335 1318 370 1384 ti.
392 1316 529 1384 ”Domi
548 1316 686 1404 forisque
711 1317 811 1380 otium
835 1315 903 1381 fuit.
925 1339 1053 1382 annone
1077 1327 1207 1403 propter
1232 1337 1389 1402 uquarum

171 1405 550 1492 sp‚vngr„r0tntemperiem
564 1401 740 1470 laboratum
760 1416 818 1466 est.
845 1401 933 1468 ⁸⁰De
944 1403 1103 1468 Aventino
1114 1401 1311 1488 publicando
1326 1399 1391 1466 late

173 1491 240 1540 Coae.

171 1556 201 1603 tt.
213 1557 240 1604 C.
253 1557 307 1606 299.

169 1622 200 1669 Α.
213 1621 239 1668 C.
251 1621 307 1672 lta.

333 1491 387 1556 lex
405 1506 462 1554 est.
508 1487 644 1554 Tribuni
666 1489 766 1574 plebis
789 1488 886 1553 iidem
907 1487 1038 1554 reiecti¹¹
1062 1501 1212 1575 sequente
1231 1510 1330 1564 enno,
1347 1487 1388 1552 T.

334 1575 484 1651 Romilio,
502 1573 542 1641 C.
557 1575 689 1640 Veturio
709 1573 900 1651 consulibus,
915 1574 940 1614 ⁸¹
952 1574 1055 1664 legem
1065 1573 1213 1640 omnibus
1223 1573 1390 1638 concioni·

169 1685 200 1734 'n
209 1662 390 1749 ltomuto‚bua
401 1662 464 1726 suis
475 1659 687 1726 celebrabant.
719 1663 845 1726 Pudere
853 1683 884 1726 se
895 1663 1011 1727 numeri
1020 1661 1070 1728 sui
1079 1663 1281 1747 nequidquam
1291 1663 1387 1737 aucti,

169 1749 196 1796 G.
208 1751 307 1800 Veturio

169 1811 238 1865 Cen.

537 1795 654 1862 braeost.
686 1798 986 1858 Hieequcnte-teitirertt.
1019 1800 1095 1847 (iton.
1106 1797 1176 1845 Cres.

364 1911 396 1959 26
416 1911 540 1959 Tricorium
553 1917 616 1960 creto
632 1914 703 1977 enno]
721 1913 840 1967 Exeunte,
873 1921 985 1960 senatum
1003 1915 1106 1961 tribunis
1124 1925 1173 1960 nou
1192 1913 1341 1972 preberent,
1361 1919 1388 1960 ut

329 1979 351 2024 ai
362 1985 503 2024 numeretur
514 1978 603 2037 duplex
613 1979 673 2025 illud
694 1993 737 2039 per
755 1989 841 2025 conau-
873 1991 917 2038 pro
933 1991 1000 2024 more
1012 1977 1096 2025 Patres
1113 1979 1223 2028 auctores
1235 1975 1333 2036 flerent,
1345 1991 1390 2024 eu-

329 2043 392 2100 lttm,
404 2043 522 2090 omissum
533 2055 548 2088 a
559 2042 640 2101 Livio,
651 2045 682 2092 de
691 2053 739 2103 quo
753 2055 841 2092 montt·
873 2049 971 2102 tequatn
990 2045 1057 2103 plebe
1072 2045 1099 2090 iu
1116 2041 1260 2102 tudinium
1276 2043 1389 2093 mittete-

330 2107 437 2154 immed
453 2107 599 2154 c.39.1.11.
633 2109 658 2154 Si
676 2121 760 2154 eorum
780 2107 841 2152 retio
874 2115 929 2164 turt
947 2107 1328 2166 Iciliusnovoexempio,quum
1344 2121 1389 2156 eu·

329 2185 379 2226 nen
390 2171 527 2230 baberetur,
543 2171 582 2218 hie
599 2185 678 2222 eunus
697 2179 759 2218 esset
770 2171 840 2218 trice·
873 2177 913 2220 tea
928 2171 1019 2218 tribuni
1030 2169 1261 2232 semperdeienatu
1277 2173 1387 2232 cogendo

328 2235 407 2282 aluus
417 2237 517 2296 quintus
528 2235 654 2296 incipiens,
669 2243 696 2282 ut
707 2237 784 2282 cuivis
799 2247 842 2296 pa·
873 2239 1015 2296 potetatem
1036 2236 1155 2296 integram
1172 2235 1312 2282 consulibus
1332 2237 1388 2282 reli-

329 2301 391 2348 tebit
402 2301 539 2348 numeranti
550 2313 565 2346 a
576 2301 714 2356 consulibus
728 2301 771 2362 Sp·
784 2303 841 2353 (its-
873 2301 990 2360 quisunt,
1006 2301 1116 2358 consules
1134 2301 1166 2348 ed
1185 2299 1300 2349 subsellia
1310 2300 1388 2352 triur-

329 2365 364 2412 rio
384 2371 408 2411 et
428 2363 544 2412 Postumo
556 2366 676 2424 Cominio,
695 2379 799 2425 quorum
814 2366 840 2412 in
873 2378 960 2413 norum
972 2366 1053 2412 venire
1064 2371 1090 2411 et
1099 2370 1210 2412 acuatum
1228 2363 1275 2410 eibi
1293 2365 1388 2426 praebc·

328 2429 471 2489 magistratu
484 2429 555 2490 primi
566 2431 657 2478 tribuni
667 2431 740 2478 creati
752 2435 816 2478 aunt.
871 2439 898 2474 re
905 2425 987 2490 juuit.
1021 2429 1081 2477 iude
1099 2429 1141 2476 irta
1161 2434 1185 2473 ct
1196 2423 1286 2488 jurgia.
1322 2427 1388 2474 Tau·

361 2492 482 2542 worm
498 2509 529 2541 ce
549 2493 648 2556 singulis
664 2494 782 2558 eluredus]
809 2493 838 2540 in
871 2493 926 2538 dem
941 2493 1051 2540 tribunus
1062 2493 1137 2540 eicite
1154 2491 1194 2538 lex
1211 2491 1388 2540 eomitiiaeen·

329 2559 436 2620 quinque
453 2559 540 2611 classes
562 2559 703 2608 distributus
724 2568 776 2606 erat
797 2573 841 2619 pu·
871 2557 968 2604 turistla
983 2559 1077 2620 perlate
1093 2563 1144 2604 este
1172 2562 1287 2616 tmutque
1302 2557 1325 2602 ie
1344 2571 1388 2610 qu.

327 2623 401 2684 puina
415 2623 541 2671 universus
552 2636 567 2669 a
578 2623 627 2672 Ser.
639 2623 728 2669 Tullio.
740 2623 798 2670 Vici.
817 2625 839 2672 l.
871 2634 917 2671 utre
936 2621 961 2666 iu
978 2623 1118 2670 edificando
1127 2621 1251 2670 Aventino
1269 2622 1387 2682 absump-

328 2685 459 2746 tempu.
871 2691 918 2734 tua.
953 2685 1026 2732 Dion.
1039 2685 1099 2732 tx

358 2750 838 2814 ffl'iuqeelsstitetaeilieettleoem
902 2747 1386 2812 strugemmattumeuaeum

328 2814 780 2874 tribuni,biniexeinguliselaesibus.
870 2813 992 2876 edelrmtl
1021 2815 1092 2876 Legis
1122 2814 1244 2862 audeam
1279 2815 1386 2864 meutie-

360 2879 392 2925 29
408 2875 480 2924 Domi
491 2909 498 2922 .
510 2909 517 2924 .
529 2910 536 2924 .
547 2909 554 2923 .
566 2877 709 2940 oliumsuil]
725 2879 779 2929 ltno
789 2893 837 2928 non
870 2891 927 2927 uem
946 2879 1038 2926 facium
1059 2883 1085 2930 ln
1103 2878 1215 2928 omnibus
1232 2877 1329 2932 etrieud
1343 2891 1387 2938 po·

327 2943 461 2988 mediocres
471 2942 645 2996 contentiones,
657 2949 754 2988 auctore
765 2941 838 2996 Dion.
871 2941 956 3002 pulum
968 2943 1122 2994 orationibus.
1139 2939 1260 3004 ‘sutirum
1276 2943 1387 3001 proiecto

328 3007 359 3054 eb
376 3007 455 3066 legem
472 3019 551 3068 *quern
571 3007 602 3052 de
622 3007 743 3052 Aventino
762 3009 841 3068 publi·
872 3007 947 3052 videri
965 3007 1067 3054 debete
1086 3005 1206 3054 Liviohie
1217 3005 1321 3052 otuinus
1332 3019 1385 3052 ente

325 3072 404 3125 tiendo
415 3070 606 3118 Iciliuaierebal.
871 3077 982 3120 eruentus
1000 3086 1073 3132 prope
1090 3073 1311 3128 tribturertuuettm
1327 3083 1385 3122 telt-

360 3135 393 3181 80
408 3133 446 3179 De
463 3131 579 3194 Amatne
595 3134 743 3202 publicando]
769 3137 839 3186 Vidi.
872 3136 964 3182 solibus
982 3137 1157 3190 contentiones,
1179 3140 1204 3186 et
1223 3136 1384 3194 asperrimam

328 3211 385 3245 mua
396 3197 413 3245 1.
424 3199 445 3244 1.
457 3213 477 3245 e.
487 3197 527 3246 83.
561 3199 710 3246 Aventinum
730 3207 838 3251 montem
872 3197 942 3246 Siccii
961 3199 1060 3245 Dentati
1077 3201 1191 3246 adversm
1208 3200 1306 3249 eoadem
1326 3213 1386 3244 con·

329 3263 399 3312 aevia
425 3263 518 3309 civibus
537 3277 553 3310 e
578 3264 698 3320 mitono,
721 3265 836 3324 Tellenis,
870 3265 934 3308 eules
968 3265 1089 3310 oetloeetn
1121 3275 1164 3324 pro
1198 3263 1251 3322 lege
1278 3264 1384 3322 muts,

329 3325 466 3390 Ficanaque
486 3329 581 3384 dnum,
604 3335 632 3375 ut
653 3329 678 3374 in
698 3342 727 3376 eo
747 3331 838 3378 seilicet
870 3339 943 3388 quern
958 3328 1048 3376 tribuni
1058 3329 1211 3376 nvooebaut.
1243 3327 1305 3377 Vide
1317 3330 1384 3388 apud

328 3389 471 3438 babitarent.
516 3393 563 3452 Sed
590 3394 706 3440 nimirum
733 3395 768 3440 illi
795 3403 838 3444 aut
870 3393 941 3440 Dion·
959 3393 977 3438 l.
997 3393 1032 3438 X.
1053 3394 1201 3442 luculentam
1221 3387 1274 3451 ejus
1290 3393 1384 3447 oratio·

327 3453 385 3501 eum
403 3471 450 3502 non
471 3461 550 3503 totum
562 3463 748 3518 occupaverunt,
758 3465 801 3505 aut
811 3459 837 3506 in
870 3471 936 3510 nem,
958 3457 984 3502 in
1009 3471 1057 3516 que
1082 3469 1107 3502 ee
1134 3455 1185 3515 ipse
1207 3456 1384 3502 commendans

321 3520 376 3570 elie
386 3521 472 3568 deiude
486 3523 541 3568 ioca
551 3523 787 3582 commigraveruntr
804 3525 836 3570 ei·
870 3526 953 3567 namt
962 3533 989 3566 ae
999 3521 1211 3582 quadragesimum
1218 3515 1273 3579 jatu
1288 3525 1384 3566 annum

327 3585 426 3643 quidem
444 3597 500 3632 eutn
519 3587 563 3634 boc
586 3594 693 3646 tempore
713 3587 836 3646 pubiicum
869 3586 1024 3640 militantem,
1051 3593 1150 3631 centum
1178 3584 1264 3644 viginti
1292 3585 1384 3644 pugnis

327 3649 410 3708 populi
431 3649 536 3697 Romani
557 3651 640 3704 ruse.
669 3656 741 3710 utque
761 3652 836 3698 etlam
868 3649 1020 3696 interfuisse:
1038 3650 1137 3695 vulnere
1157 3649 1264 3708 quinque
1284 3653 1309 3694 et
1324 3661 1385 3708 qua·

326 3713 468 3776 magnaffex
490 3721 557 3776 parte
580 3715 705 3762 arboribus
731 3716 836 3762 obsitum
870 3713 989 3774 draginta,
1008 3715 1107 3760 adversa
1127 3714 1219 3772 omnis,
1241 3713 1382 3772 excepisses

327 3785 446 3824 memorat
466 3777 538 3827 Dion.
557 3780 573 3825 l.
595 3777 627 3826 X.
661 3777 698 3824 De
714 3792 744 3825 eo
763 3779 838 3839 igilur
870 3777 966 3824 virtutis
977 3791 1034 3838 ergo
1045 3777 1161 3824 donatum
1177 3775 1250 3824 luisse
1267 3785 1386 3840 quatuor·

328 3840 410 3888 icilius
421 3843 533 3898 tribunus
550 3842 625 3902 plebia
643 3844 722 3902 legem
736 3843 836 3900 terebat,
869 3841 948 3888 decim
968 3841 1061 3888 coronis
1078 3841 1169 3898 civicis,
1187 3843 1265 3888 tribus
1281 3841 1384 3888 murali-

326 3911 363 3960 ut,
385 3919 441 3966 que
460 3907 547 3968 privati
565 3903 620 3970 jure
643 3911 711 3966 perte
732 3909 837 3968 posside·
869 3905 923 3959 bus,
943 3914 997 3954 octo
1015 3905 1172 3964 prelieribus,
1193 3907 1321 3966 torquibus
1340 3917 1384 3952 eu-

326 3975 390 4024 rent,
414 3983 442 4016 ee
463 3983 537 4032 penes
560 3971 671 4016 dominos
695 3978 834 4018 manerent:
868 3971 915 4016 reia
934 3973 1011 4019 tribus
1033 3983 1107 4030 supra
1131 3969 1262 4028 octoginta,
1281 3969 1385 4020 armillis

327 4047 383 4092 que
401 4047 445 4094 per
463 4035 513 4081 vim
532 4041 575 4081 aut
593 4035 703 4082 iteudem
723 4048 836 4096 occupas·
868 4036 947 4080 aureis
966 4034 1098 4094 sexaginta,
1117 4035 1192 4082 itastis
1210 4036 1294 4084 decem
1306 4041 1331 4080 et
1342 4047 1384 4082 oe·

326 4097 391 4154 tent,
404 4111 440 4156 ee,
452 4099 570 4146 restitutis
585 4113 614 4146 ex
626 4100 770 4146 arbitrorum
783 4113 836 4146 ren·
869 4104 904 4153 to,
922 4099 1026 4160 pluteis
1044 4097 1150 4158 quinque
1169 4105 1193 4143 et
1209 4099 1306 4160 viginti.
1339 4099 1384 4146 Ce-

323 4161 538 4223 tenlittimpeusie,
555 4165 644 4224 populo
660 4164 836 4220 addicerentur,
869 4167 920 4208 tera
934 4169 988 4222 pete
1007 4175 1037 4209 ex
1056 4163 1127 4208 Bion.
1160 4158 1266 4210 Siccium
1282 4163 1383 4209 laudant

326 4229 351 4270 el
370 4237 427 4271 eum
445 4229 540 4286 ceteris,
558 4241 613 4288 que
627 4229 723 4286 publice
733 4229 837 4274 mansis-
886 4239 963 4288 troque
975 4227 1027 4274 Val.
1040 4227 1108 4288 Mer.
1120 4225 1168 4275 iii.
1179 4228 1238 4278 tet
1249 4225 1384 4286 Plin.¹ii1.

326 4295 388 4342 sent,
409 4290 460 4358 eine
480 4293 557 4352 pretio
575 4293 638 4352 plebi
660 4295 690 4342 ed
718 4293 836 4344 uidean-
868 4239 908 4338 ie

323 4353 385 4400 tiurn
410 4355 580 4408 dinderentur.
621 4355 703 4409 Quum
725 4357 836 4404 consuet
