3056 4928
346 223 403 276 in
740 216 1016 276 r1n1u1v11
1115 187 1116 190 ‘

182 393 249 443 uc.
262 393 318 444 418.
344 378 428 442 nime
448 377 539 442 inviti
560 376 672 442 domos
686 377 875 443 revisebant.
919 377 1092 465 Postquam
1108 399 1210 464 nequa
1225 378 1341 442 reverti
1356 377 1395 442 ad

181 459 248 506 Μ·
260 461 317 510 ³3⁰·
341 465 431 550 signa
446 465 575 549 primos,
589 487 646 529 nec
660 464 758 529 ferme
772 466 881 544 ulium,
904 487 999 550 quam
1024 468 1076 552 qui
1100 467 1132 528 in
1156 465 1331 550 Campania
1349 463 1394 526 bi·

341 551 534 626 bernassent,
564 548 788 637 precipueque
816 574 855 615 ex
884 551 922 614 iis
951 548 1114 616 'seditionis
1143 563 1286 616 auctores
1313 550 1395 635 mitti

342 636 505 713 viderunt3
527 638 664 720 primum
682 639 859 714 admiratio,
875 637 990 702 deinde
1002 637 1088 702 haud
1108 637 1223 702 dubius
1238 638 1333 700 timor
1348 637 1394 700 in«

340 722 432 786 cessit
454 722 588 804 animos,
605 724 734 788 consilia
750 747 806 788 sua
821 747 996 788 emanasse:
1021 723 1117 808 ⁸⁴jani
1133 725 1317 808 questiones,
1325 723 1396 806 jain

339 809 557 893 imntccjam
573 812 686 874 occultu
699 811 883 894 siragulornnt
897 811 1050 891 supplicia,
1067 812 1255 906 inpotensque
1276 820 1307 871 et
1328 831 1395 872 cru·

340 896 407 960 dele
424 897 574 960 mirantum
594 899 770 961 ocPatram
793 899 823 959 in
844 919 877 960 se
896 919 1021 980 regnum
1035 917 1188 978 passuros.
1229 895 1324 970 Haec,
1340 895 1396 980 qui

340 982 373 1044 in
385 983 494 1046 castris
505 996 604 1062 erant,
617 983 745 1048 occultis
761 983 959 1046 sermonibus
970 998 1078 1047 serunt
1086 997 1107 1059 l,
1124 982 1148 1022 ⁸⁵
1159 1003 1269 1046 nervos
1284 983 1396 1066 conju-2

340 1069 470 1132 rationis
484 1070 598 1154 ejectos
613 1082 680 1133 arte
691 1069 827 1133 consulis
842 1083 1014 1132 cernentes.
1061 1069 1185 1133 Cohors
1207 1090 1280 1142 una,
1297 1089 1397 1144 (tuum

339 1152 423 1219 haud
445 1154 556 1241 procul
581 1157 714 1219 Anxure
735 1169 825 1232 esset,
841 1155 881 1219 ad
903 1155 1054 1220 Lautulas
1069 1155 1149 1219 saltu
1164 1168 1300 1241 angusto
1314 1155 1398 1217 inter

340 1263 427 1306 mare
440 1264 478 1305 ac
498 1255 620 1306 montes
641 1243 793 1318 consedit,
808 1241 848 1305 ad
871 1241 1081 1326 excipiendos,
1098 1264 1175 1327 quoe
1196 1239 1306 1305 consul
1327 1239 1399 1304 aliie

180 1355 308 1403 &dmm
340 1328 517 1414 atquealiis
535 1335 581 1407 (ut
604 1328 810 1393 antedictum
827 1334 884 1408 cst)
902 1329 1018 1392 caussis
1033 1327 1185 1393 mittebat.
1230 1328 1301 1390 Jam
1319 1328 1398 1390 rali-

178 1413 380 1498 :anexeo-dn
395 1414 566 1479 admodum
587 1437 720 1478 numero
742 1435 854 1478 manus
874 1427 959 1488 erat3
984 1435 1042 1478 nec
1065 1413 1236 1501 quidquam
1258 1413 1300 1477 ad
1317 1415 1398 1498 justi

179 1493 219 1533 ²¹¹⁸
230 1486 321 1548 “⁰¹¹¹st
339 1503 495 1564 exercitus
509 1498 655 1578 formam,
671 1513 787 1585 prater
802 1501 925 1578 ducem,
939 1501 1056 1564 decrat.
1079 1500 1277 1584 incompositi
1289 1501 1400 1584 itaqua

178 1557 226 1598 ω’
338 1587 517 1672 praedantes
531 1588 565 1650 in
579 1609 689 1673 agrum
707 1586 866 1651 Albanum
883 1588 1080 1670 perveniunt,
1095 1601 1128 1650 et
1141 1587 1288 1673 subjugo
1301 1585 1398 1650 Alboe

337 1673 444 1760 longae
459 1685 561 1738 castra
575 1673 657 1737 vallo
671 1673 826 1760 cingunt·
859 1673 1001 1737 Perfecto
1023 1673 1098 1738 inde
1118 1695 1221 1758 opere,
1237 1672 1398 1822 reliquum

337 1759 401 1823 diei
426 1760 466 1822 de
491 1760 681 1843 imperatore
702 1759 855 1824 sumendo
875 1759 1035 1822 sententiis
1060 1760 1233 1834 decertant,
1249 1760 1330 1822 nuli
1355 1779 1397 1822 cx

336 1844 547 1930 praesentibus
563 1846 636 1910 satis
651 1845 792 1908 fidentes.
840 1845 933 1922 Quem
954 1857 1052 1910 uatem
1068 1847 1107 1908 ab
1121 1847 1221 1908 Roma
1242 1865 1331 1926 posse
1345 1867 1399 1908 aa·

336 1934 398 1995 ciri
406 1929 423 1992 9
445 1953 528 2015 quem
543 1935 674 1996 Pataram
689 1941 744 1994 nat
761 1931 862 2013 plebis
882 1955 951 2008 csse,
972 1935 1026 2016 qni
1039 1943 1094 1994 ant
1106 1955 1138 1994 se
1151 1941 1238 1995 toruo
1253 1934 1399 2013 periculo

336 2021 432 2082 sciens
450 2018 580 2100 obserat,
595 2027 650 2080 nat
663 2019 714 2080 cai
734 2017 772 2080 ea
794 2017 911 2100 irp'aria
927 2020 1109 2082 insanientis
1128 2019 1275 2081 canaitus
1288 2039 1399 2082 caussa

336 2114 417 2168 recte
439 2107 669 2168 committatur?
705 2102 837 2168 Postero
858 2103 920 2180 die,
947 2125 1043 2190 quum
1073 2104 1182 2168 eadem
1208 2102 1400 2168 deliberatio

336 2202 467 2266 teneret,
488 2213 528 2254 cx
544 2190 774 2274 praedatoribus
797 2191 881 2274 ragis
904 2191 1032 2274 quidam
1057 2201 1252 2274 compertum
1273 2190 1399 2255 adtule-

338 2289 421 2352 runt,
440 2277 481 2342 T.
494 2276 682 2353 Quinctium
698 2275 729 2339 in
743 2269 926 2341 Tusculano
940 2299 1052 2362 agrum
1069 2277 1180 2353 colere,
1195 2277 1283 2340 urbis
1296 2277 1399 2340 bono-

337 2383 472 2452 rumque
500 2364 715 2426 inmemorem.
762 2363 908 2427 Patriciae
937 2363 989 2426 hic
1015 2365 1063 2426 vir
1091 2364 1195 2451 gentis
1221 2375 1312 2426 erat:
1346 2365 1399 2427 cui

336 2471 435 2536 quum
452 2449 584 2526 militiae,
601 2471 717 2535 magna
736 2471 808 2513 cum
830 2449 932 2534 gloria
954 2450 1154 2525 narranaam
1177 2471 1233 2533 pes
1256 2448 1341 2513 alter
1356 2471 1398 2514 ex

337 2536 466 2602 vulnere
481 2536 611 2600 claudus
624 2535 758 2610 fecisset,
776 2535 841 2599 ruri
864 2557 956 2624 agere
977 2538 1071 2619 vitam
1095 2535 1207 2620 procul
1221 2535 1400 2599 ambitione

174 2643 376 2704 mnenon-ac
403 2622 473 2687 foro
501 2623 675 2688 constituit.
731 2621 870 2686 Nomina
897 2622 1015 2699 audito,
1045 2621 1207 2707 extemplo
1235 2643 1400 2708 agnovere

174 2722 229 2784 ⁰⁰¹¹}
239 2708 271 2784 Τς
337 2710 459 2774 virum:
483 2709 621 2795 etquod
635 2711 867 2785 beneventeret,
879 2708 977 2772 adciti
987 2709 1158 2794 jusserunt.
1204 2707 1267 2772 Sed
1280 2729 1397 2790 parum

173 2771 323 2828 uenenum
338 2796 404 2880 spei
430 2807 508 2871 erat,
534 2794 696 2858 voluntate
721 2793 893 2880 quidquam
918 2794 1086 2859 facturum.
1109 2796 1172 2857 vim
1198 2793 1344 2858 adbiberi
1360 2816 1398 2857 ac

293 2909 295 2914 ¹
337 2895 455 2946 metum
471 2879 600 2964 placuit.
645 2881 895 2966 Itaquesilentio
916 2881 1017 2946 noctis
1036 2903 1134 2966 quum
1159 2891 1278 2944 tectum
1301 2881 1398 2957 villoe,

336 2967 391 3068 qui
414 2966 454 3030 ad
476 2966 509 3030 id
532 2966 618 3031 missi
639 2979 739 3044 erant,
755 2967 940 3042 intrassent;
964 2989 1076 3032 somno
1100 2979 1248 3055 gravemr
1270 2966 1398 3042 Quinc·

336 3067 414 3118 tium
430 3051 625 3138 obpressum,
645 3051 725 3116 nibil
750 3053 901 3132 madium,
917 3069 972 3118 aut
991 3055 1158 3138 imperium
1181 3068 1277 3140 atque
1292 3054 1398 3122 hono-

334 3159 413 3216 rem,
429 3149 493 3215 aut,
510 3139 536 3178 ⁸⁶
547 3138 599 3203 ubi
612 3139 775 3218 restitaret,
787 3155 931 3218 mortem,
944 3162 984 3204 ne
995 3153 1186 3226 sequeretur,
1197 3138 1398 3205 denuncian-

334 3237 390 3302 tes,
407 3226 439 3288 in
455 3239 556 3290 castra
572 3238 803 3309 pertraxerunt.
848 3226 1025 3311 imperator
1047 3227 1205 3308 extemplo
1224 3225 1398 3291 adveniens

333 3311 526 3462 adpellatus:
551 3313 746 3400 insigniaque
766 3312 898 3376 bonoria
919 3312 1071 3378 exterrito
1091 3312 1205 3377 subitae
1225 3313 1272 3377 rei
1298 3314 1397 3377 mira·

333 3421 372 3464 cu
386 3421 407 3464 o
420 3397 575 3477 deferunt,
592 3399 673 3464 etad
691 3399 800 3463 urbem
816 3398 934 3464 ducere
951 3399 1075 3484 jubent.
1122 3401 1187 3464 Suo
1201 3399 1305 3484 magis
1319 3399 1396 3464 inde

333 3486 453 3572 inpetu,
470 3508 565 3572 quam
588 3486 720 3550 consilio
741 3485 841 3563 ducis,
858 3488 1014 3550 convulsis
1036 3485 1142 3574 signis,
1157 3484 1270 3549 infesto
1293 3487 1397 3574 agmi-

431 3639 541 3702 »judicto
549 3642 624 3688 Gran.
743 3640 845 3702 lfarant
855 3639 929 3685 Gran.
941 3639 1009 3685 (ἴτον.
1129 3643 1138 3669 ¹
1146 3639 1295 3699 gravilioed.

364 3790 397 3838 et
412 3790 471 3837 Jcm
497 3791 641 3850 questiones,
663 3791 716 3850 jam
748 3787 846 3850 indicta]
878 3787 977 3845 conscii,
989 3788 1034 3834 fide
1051 3787 1147 3846 publica
1163 3788 1229 3840 data,
1249 3786 1310 3832 alios
1331 3787 1394 3834 indl-

333 3851 434 3912 Qiioertto
444 3859 481 3900 eat
497 3853 583 3914 capitis
596 3850 726 3914 judicium.
761 3852 847 3912 ltaque
878 3857 968 3898 carent.

330 3919 447 3967 malehic
465 3919 524 3965 ollm
543 3920 667 3976 edebatur,
678 3919 732 3978 jam
741 3917 842 3979 judicia.
908 3917 939 3963 85
956 3915 1050 3962 Neroua
1057 3916 1319 3980 conjurationinjeetas]
1330 3915 1395 3962 ntal-

332 3985 421 4031 Monlti
441 3997 455 4030 a
480 3983 611 4041 Gronovio,
633 3984 675 4043 qui
696 3983 722 4028 in
744 3981 843 4041 optimis
876 3981 911 4026 let
929 3980 1060 4026 Pareamus
1079 3983 1183 4026 erardus.
1204 3981 1264 4050 'Sed
1288 3983 1393 4040 vulgans

330 4049 465 4110 quibusque
486 4047 580 4107 scriptia
599 4049 647 4108 legi
667 4053 770 4092 testatur
785 4045 846 4092 tadi·
877 4045 1171 4090 sensuscommoduseate
1189 4051 1279 4104 ejectoe
1287 4059 1337 4102 eon,
1349 4045 1395 4104 qui

329 4115 375 4170 cta,
392 4112 576 4158 mandentibus
595 4113 672 4158 tribua
688 4111 769 4172 regiis,
782 4111 844 4156 hane
876 4110 953 4182 nerei,
976 4109 991 4154 i.
1014 4123 1035 4152 a.
1055 4111 1128 4154 robur
1154 4123 1182 4155 ac
1208 4110 1393 4156 firmamentum

329 4176 845 4294 fflaidlllballsslildlliss
876 4179 1233 4285 &samnitium
1247 4240 1393 4303 aaa,

330 4307 373 4366 qui
397 4305 489 4366 utquid
515 4305 698 4364 comperissent,
720 4311 746 4350 et
766 4303 845 4364 magia
876 4302 1028 4350 Alterutrum
1039 4316 1069 4349 cx
1080 4303 1118 4348 hia
1129 4309 1204 4350 vacat.

330 4372 426 4433 proprie
447 4368 544 4416 illorum
567 4369 609 4429 qui
634 4365 743 4429 ejsudem
766 4369 844 4427 culp·
