3008 4908
454 191 547 256 Lus.
568 191 619 250 lV.
647 192 749 250 CAP.
770 191 837 251 XL.
1107 195 1167 263 269

112 373 174 432 πω,
199 373 312 436 quum,
335 353 422 438 quod
446 367 592 443 tegumen
618 355 715 420 modo
742 357 846 420 omnis
870 355 1023 422 exercitus
1055 355 1310 436 suessanus-32.

113 461 271 526 nusquam
286 439 437 518 viderent,
461 464 502 506 ne
523 453 570 507 tot
595 441 778 509 fortissimos
798 444 880 507 viros
903 442 1087 507 interclusos
1111 435 1310 507 ob-ssffl'l’·

113 526 263 610 primeret
287 525 398 604 hostis,
422 527 557 592 tendunt
576 527 606 592 iu
629 551 860 617 quemcumque
880 551 996 594 casum.
1040 529 1169 595 Diversi

113 611 231 692 Volsci,
255 613 329 676 bino
356 613 515 680 consulem
541 637 577 678 no
600 614 738 716 legiones
760 613 921 693 sustinere,
948 615 1046 680 altera
1066 615 1170 680 fronte

111 699 229 762 instare
257 698 438 782 Tempanio
461 713 554 788 atque
575 701 745 786 equitibus.
767 703 820 788 qui
835 723 932 789 quum
954 723 1039 786 saepe
1064 701 1170 767 conati

110 786 294 871 nequissent
316 807 522 871 perrumpere
543 786 584 852 ad
606 809 688 866 suos,
711 788 835 854 tumulo
849 788 985 874 quodum
1002 801 1167 873 occupato,

8 885 9 956 J
111 871 142 934 in
153 871 267 936 orbem
285 895 319 936 se
331 872 526 950 tutabantur,
542 895 741 960 nequaquam
754 875 856 939 inulti.
892 875 959 940 Nee
970 897 1087 974 pugnae
1096 874 1170 939 finis

110 973 183 1022 ente
215 971 346 1023 noctem
373 957 440 1024 luit.
462 958 572 1024 consul
597 981 732 1045 quoque,
760 983 913 1048 nusquam
947 983 1074 1026 remisso
1102 982 1170 1026 cer-

109 1043 240 1122 tamine,
258 1047 336 1108 dum
352 1045 522 1132 quidquam
546 1046 699 1132 superfuit
713 1045 802 1126 lucis,
821 1049 941 1112 bostem
965 1049 1081 1112 tenuit:
1105 1068 1169 1112 nox

110 1130 249 1195 incertos
265 1131 409 1196 diremit:
433 1145 600 1218 tantusque
619 1133 660 1198 sb
675 1133 880 1218 inprudentia
894 1146 1022 1198 eventus
1038 1149 1171 1220 utruque
1278 1159 1282 1168 ·

109 1231 210 1281 castro
223 1219 329 1282 tenuit
344 1239 451 1302 pavor,
468 1231 511 1294 ut,
529 1219 642 1284 relictis
657 1221 770 1284 sauciis
792 1231 823 1284 et
842 1243 959 1307 magna
975 1233 1062 1304 parte
1081 1220 1169 1305 inpe-
1178 1241 1285 1302 uterque

110 1304 339 1378 umentorum,
356 1305 450 1368 ambb
461 1327 521 1389 pro
533 1305 621 1370 victis
635 1307 791 1370 exercitus
810 1329 842 1370 se
861 1307 894 1370 in
919 1319 1040 1370 montes
1061 1306 1298 1390 proxi-0¹²&

107 1411 173 1453 mos
186 1391 380 1474 reciperent.
404 1389 562 1456 Tumulus
577 1405 682 1456 tamen
698 1394 916 1458 circumsessus
930 1391 1014 1457 ultra
1034 1372 1331 1481 mediamffgffl*

108 1489 237 1540 noctem
255 1492 313 1541 est.
336 1475 457 1563 ⁷⁷quo¹
478 1499 575 1564 quum
596 1478 896 1544 circumsedentibus
918 1479 1101 1544 nunciatum
1123 1501 1170 1544 es-

108 1575 162 1642 set,
177 1575 291 1628 castra
305 1561 430 1628 deserta
451 1585 527 1639 esse,
542 1564 641 1628 victos
662 1564 722 1630 rati
741 1587 823 1641 suos,
845 1581 874 1630 et
895 1565 964 1651 ipsi,
980 1586 1043 1651 qun
1058 1587 1169 1652 quem-

109 1650 221 1749 quein
237 1649 377 1714 tenebris
391 1671 489 1734 pavor
502 1649 583 1730 tulit,
594 1649 753 1736 fugerunt.
798 1651 994 1737 Tempanius
1015 1665 1100 1716 metu
1109 1733 1112 1739 Ι
1122 1654 1170 1717 in·

109 1736 264 1800 mdiorum
282 1758 356 1800 suos
375 1735 415 1800 od
436 1735 537 1800 lucent
552 1737 663 1802 tenuit.
685 1737 877 1818 ⁷³digressus
887 1737 1003 1802 deinde
1013 1741 1081 1823 ipse
1095 1761 1169 1804 oum

109 1823 221 1906 patrois
246 1823 456 1906 speculatum,
483 1843 580 1908 quum
606 1827 647 1888 ob
676 1824 790 1888 sauciis
816 1825 958 1890 hostibus
983 1824 1170 1890 sciscitando

67 1957 71 1964 .
109 1909 328 1994 comperisset,
343 1923 445 1972 cestro
457 1907 645 1974 Volscorum
661 1909 783 1976 deserta
794 1933 874 1988 esse,
887 1910 978 1976 laetus
991 1911 1032 1976 ab
1046 1910 1170 1976 tumulo

109 2017 178 2060 suos
195 1994 344 2070 devocat,
360 1997 439 2058 etin
454 2009 558 2059 castra
570 1995 716 2061 Romana
731 2011 882 2080 penetrat.
903 1997 958 2062 ubi
970 2020 1068 2084 quum
1082 2011 1173 2064 vasta

110 2083 301 2166 desertaque
316 2081 432 2156 omnia,
443 2094 537 2167 atque
548 2081 702 2159 eamdem,
715 2104 810 2169 quam
821 2083 905 2168 opud
918 2084 1033 2161 hostes,
1044 2082 1171 2150 fredita-

110 2167 372 2244 tem-invenisset,
388 2168 572 2252 priusquam
592 2167 720 2234 Volscos
734 2171 879 2258 cognitus
893 2193 981 2234 error
995 2171 1169 2249 reduceret,

109 2255 263 2342 ⁷⁹quibus
278 2267 403 2340 poterat
424 2253 536 2318 sauciis
551 2255 654 2320 ductis
676 2277 794 2335 secum,
806 2256 935 2344 ignarus
946 2278 1041 2342 quam
1067 2257 1188 2342 regio·

110 2365 184 2406 nern
200 2338 314 2406 consul
329 2340 466 2424 petisset,
481 2339 521 2404 ad
537 2341 647 2404 urbem
664 2341 816 2424 proximis
832 2341 997 2406 itineribus
1012 2363 1070 2426 per
1093 2342 1128 2406 ἰ.

149 2427 235 2492 XL.
258 2427 331 2492 Jam
348 2449 385 2491 eo
404 2425 487 2490 lama
506 2447 622 2513 pugnae
645 2426 786 2491 adversm
807 2442 1044 2514 castrorumque
1088 2449 1170 2492 eser-

110 2528 219 2580 torum
243 2513 363 2596 perlata
377 2527 460 2577 erat:
483 2528 514 2576 et
536 2527 608 2578 unte
628 2514 735 2577 omnia
750 2513 905 2598 deplorati
926 2526 1016 2578 erent
1040 2514 1169 2600 equites,

110 2623 176 2665 uon
194 2599 320 2684 privato
337 2599 446 2686 magis,
462 2620 557 2685 quam
572 2598 714 2683 publico,
728 2597 832 2664 luctu:
858 2599 1035 2686 Fabiusque
1049 2604 1169 2678 consul,

112 2701 235 2752 terrore
258 2685 331 2750 urbi
350 2707 480 2772 quoque
498 2685 625 2771 injecto,
637 2687 803 2750 stationem
823 2699 897 2750 ante
915 2686 1169 2774 portasngebatr

111 2795 212 2860 quum
235 2772 366 2857 equites,
381 2769 495 2856 procul
510 2771 567 2838 visi
590 2793 653 2836 non
677 2773 743 2836 sine
765 2787 884 2837 terrore
906 2773 946 2838 ab
969 2772 1086 2850 dubiis,
1101 2773 1172 2860 qui·

8 2877 9 2910 t
111 2881 185 2924 nam
209 2869 323 2936 esseut,
346 2879 422 2923 mox
442 2859 573 2946 cogniti,
589 2871 709 2924 tantum
732 2880 771 2924 ex
795 2871 880 2925 metu
901 2854 1044 2924 lotitiam
1060 2859 1171 2937 fecere,

8 2987 9 2992 κ
114 2960 151 3012 ut
164 2946 288 3012 clamor
303 2943 415 3009 urbem
436 2944 621 3030 pervaderet
639 2945 879 3032 gratulantium,
901 2945 1002 3010 salvos
1021 2947 1172 3012 victores-

114 3055 177 3120 que
205 3031 325 3096 redisse
350 3030 486 3116 equites:
509 3043 541 3096 et
565 3053 606 3096 ex
632 3031 750 3098 moestis
778 3031 886 3117 paullo
915 3045 989 3098 ante
1013 3032 1172 3112 domibus,

8 3185 9 3188 ,
114 3141 187 3206 quae
202 3118 511 3183 ”conclamaverant
525 3139 606 3194 suos,
627 3133 868 3203 procurreretur
882 3119 915 3183 in
932 3119 1014 3196 vias3
1036 3120 1173 3206 pavidae-

112 3228 173 3290 que
186 3217 303 3271 matres
318 3225 355 3268 ac
376 3204 535 3291 conjuges,
550 3203 661 3270 oblitae
677 3227 743 3288 prm
764 3205 884 3293 gaudio
898 3205 1031 3283 decoris,
1046 3206 1172 3271 obviarn

8 3297 9 3342 f
115 3291 236 3379 agmini
258 3293 475 3368 obcurrerent,
498 3290 532 3354 iu
553 3313 624 3356 suos
649 3313 671 3378 q
745 3315 794 3367 ue,
810 3292 904 3356 simul
925 3314 1059 3378 corpore
1079 3307 1173 3378 atque

116 3379 223 3444 auimo
238 3377 293 3442 vix
307 3397 375 3462 praa
389 3376 508 3462 gaudio
522 3392 693 3463 compotes,
752 3400 826 3444 usoe.
872 3378 1035 3444 Tribunos
1053 3377 1139 3462 plebi
1150 3384 1172 3456 ¹¹,

136 3465 169 3529 ui
188 3463 238 3528 M.
252 3462 419 3528 Postumio
440 3477 471 3528 et
492 3462 532 3527 T.
549 3463 703 3539 Quinctio
717 3463 801 3530 diem
821 3464 978 3543 dixerunt,
994 3463 1113 3550 ⁸¹quod
1128 3465 1171 3528 sd

114 3487 209 3616 leion
224 3571 336 3616 eorum
360 3571 458 3635 opera
478 3548 561 3614 male
584 3563 761 3638 pugnaturn
784 3565 875 3628 esset,
896 3551 1019 3616 occasio
1041 3551 1107 3614 viso
1126 3561 1178 3615 est

384 3705 398 3747 Ι
412 3717 456 3765 quo
466 3705 512 3752 del.
525 3705 599 3752 Gron.
730 3703 744 3742 ΙΙ
755 3703 827 3768 plebis
839 3707 907 3753 Creu.

148 3835 179 3882 il
205 3833 259 3890 Quo
293 3847 365 3894 quam
402 3832 628 3899 drmrnaedmtuo]
662 3849 690 3882 ae
707 3836 839 3898 desperatis
857 3838 1000 3886 habuerant.
1032 3835 1109 3882 Moris
1122 3843 1175 3883 erat

117 3898 155 3946 Sic
166 3899 238 3946 MSS.
250 3911 337 3944 ornnes
351 3905 375 3944 et
387 3904 479 3946 veteres
490 3899 557 3954 editi,
569 3905 630 3948 teste
662 3901 779 3962 antiquis,
791 3909 920 3962 antequam
938 3909 1046 3950 mortuos
1064 3901 1175 3962 seprdcro

117 3963 247 4012 Gronorio.
265 3963 427 4010 Consentiunt
446 3967 495 4009 tres
510 3963 630 4011 anostris.
662 3965 803 4024 conderent,
822 3973 858 4012 ter
875 3979 959 4014 eorum
970 3967 1070 4012 nomina
1085 3979 1180 4026 magne.

118 4019 146 4074 ln
158 4029 265 4090 vulgatis
276 4027 344 4073 deest
356 4041 407 4088 quo.
662 4027 721 4075 ioca
740 4029 877 4079 inclamare.
906 4031 992 4091 virgil.
1010 4029 1057 4076 vt.
1077 4027 1133 4077 AEn.
1150 4044 1174 4076 r.

147 4093 179 4140 78
194 4089 338 4156 Qum]
355 4091 561 4153 Sigoniusmerito
569 4093 631 4142 mal·
663 4091 719 4140 606.
736 4093 771 4140 Et
790 4109 875 4156 mogrro
893 4094 979 4141 Merra
994 4099 1029 4141 ter
1043 4107 1095 4142 uoce
1109 4107 1174 4140 voco-

118 4151 286 4218 letdegresrnr.
601 4153 604 4160 ’
663 4155 696 4204 o'l.
730 4156 790 4205 lodo
808 4158 945 4205 wncbnmri
961 4159 1076 4206 dicuntur
1093 4146 1120 4214 li,
1132 4159 1175 4219 qni

149 4221 179 4268 '1⁹
197 4219 287 4276 Οιιίὸικ
296 4219 401 4284 poma]
419 4220 476 4268 Vid-
489 4223 540 4272 not.
552 4221 587 4268 lb.
600 4223 630 4269 ad
663 4222 752 4268 mortui
763 4223 903 4271 eredumur.

119 4287 187 4352 929.
199 4289 217 4332 1.
230 4287 252 4351 l.
694 4285 724 4334 st
744 4284 811 4354 Quod
831 4286 863 4332 od
885 4285 970 4398 Veios}
996 4285 1088 4342 Quinto
1118 4291 1175 4342 aute

148 4349 180 4398 bt)
197 4349 416 4413 concumberent]
437 4351 482 4398 Pro
501 4351 631 4411 deploratis
663 4364 734 4398 anno.
767 4351 827 4400 vid.
838 4364 910 4411 supra
921 4365 941 4398 c.
971 4349 992 4397 1.
