3032 4924
331 237 389 304 390
713 227 825 288 rrrt
858 227 998 288 L1v11

170 415 237 465 mc.
249 415 306 465 aar.
331 393 502 460 Terrorem
525 394 686 482 ingentem
700 393 875 458 incusserat
888 392 974 479 plebi
982 416 992 469 3
1014 391 1149 458 dacibus
1163 383 1264 477 plebis
1278 409 1387 456 accen

169 481 306 530 A·⁰·³⁶⁵·
331 482 379 546 dit
403 483 502 566 magis
525 481 696 545 certamine
717 481 852 556 animos,
869 501 964 566 quam
987 480 1113 544 minuit.
1136 478 1201 555 sed,
1217 499 1252 542 re
1272 489 1388 542 neutro

331 568 493 648 inclinata,
517 569 700 658 magistratu
724 587 757 630 se
782 566 958 643 abdicavit3
981 589 1035 630 seu
1061 569 1137 654 quia
1162 566 1238 629 ritio
1267 577 1388 629 creatus

331 667 408 732 erat,
428 667 461 719 ut
481 655 633 740 scripsere
647 652 791 740 quidam:
814 675 869 717 seu
890 654 965 738 quia
986 652 1106 730 tribuni
1128 651 1227 736 plebis
1247 651 1389 716 tolerunt

331 743 370 805 ad
394 739 526 827 plebem,
543 741 639 826 idque
661 740 768 824 plebs⁸
790 741 888 818 scivit,
906 753 950 814 ut,
967 739 993 803 si
1009 738 1060 804 M.
1077 738 1193 803 Furius
1213 760 1275 824 pro
1291 739 1389 802 dicta·

331 841 400 892 tore
414 827 491 911 quid
506 828 630 912 egisset,
644 825 670 866 ⁵⁴
681 825 889 914 quingentum
904 826 1036 890 millium
1052 826 1081 889 ei
1094 826 1195 890 multa
1207 839 1300 890 esset.
1326 823 1388 889 Sed

330 914 479 998 auspiciis
500 916 609 1036 magis,
633 935 729 1000 quam
750 913 824 978 nori
846 913 983 998 exempli
1006 913 1178 999 rogatione,
1200 911 1390 976 deterritum

330 1017 366 1064 ut
377 1001 482 1085 potius
497 1021 635 1078 credam,
651 1021 748 1086 quum
763 1000 862 1085 ipsius
873 999 933 1062 riri
947 997 1020 1064 facit
1034 999 1208 1085 ingenium,
1224 1011 1293 1062 tum
1302 997 1388 1084 quod

169 1097 194 1172 ¹²:
206 1095 314 1142 uranum
330 1087 359 1150 ei
382 1085 540 1151 subfectus
565 1101 612 1151 est
632 1086 779 1171 exemplo
805 1087 841 1152 P.
859 1085 1001 1150 Manlius
1025 1084 1177 1163 dictator:
1200 1105 1296 1172 quem
1311 1081 1389 1170 quid

168 1161 278 1208 dmm*
330 1174 431 1237 creari
446 1172 607 1238 adtinebat
622 1175 659 1238 ad
675 1172 708 1237 id
723 1186 890 1250 certamen,
907 1195 971 1258 quo
984 1171 1033 1236 M.
1048 1172 1163 1236 Furius
1173 1171 1277 1236 rictus
1288 1167 1390 1234 esset?

330 1259 461 1345 etquod
483 1262 626 1324 eumdem
655 1259 705 1325 Μ.
723 1259 856 1324 Furium
881 1259 1068 1324 dictatorem
1094 1259 1259 1346 insequens
1286 1277 1389 1326 annus

329 1345 451 1424 habuit,
467 1339 552 1411 haud
568 1349 633 1410 sine
647 1348 768 1431 pudore
790 1355 876 1410 certe
898 1349 1033 1410 tractum
1058 1345 1164 1435 priore
1186 1365 1272 1408 anno
1298 1347 1331 1407 in
1358 1367 1390 1408 se

329 1433 497 1519 imperium
525 1434 750 1518 repetiturum:
774 1431 867 1496 simul
892 1432 977 1518 quod
1000 1453 1039 1496 eo
1062 1443 1213 1517 tempore,
1230 1451 1296 1514 quo
1315 1449 1391 1516 pro-

329 1519 506 1608 mulgatum
521 1520 562 1584 de
576 1519 675 1583 multa
689 1521 755 1604 ejus
769 1517 915 1595 traditur,
931 1533 986 1583 aut
1004 1529 1037 1582 et
1050 1516 1124 1582 huic
1144 1516 1315 1604 rogationi,
1328 1537 1392 1604 qua

330 1629 363 1670 se
376 1605 446 1670 ⁶⁵in
461 1607 605 1671 ordinem
620 1606 692 1692 cogi
711 1603 847 1680 ridebat,
863 1605 1013 1670 obsistere
1035 1596 1156 1690 potuit3
1178 1619 1233 1668 aut
1257 1625 1299 1667 ne
1322 1603 1391 1668 illas

330 1693 468 1779 quidem,
486 1705 616 1778 propter
635 1713 712 1778 quae
726 1705 758 1757 et
781 1691 850 1755 haec
871 1689 937 1756 lata
951 1705 1028 1767 erat,
1046 1692 1200 1776 inpedire:
1225 1701 1267 1768 et,
1284 1691 1391 1776 quord

330 1801 430 1865 usque
452 1779 493 1843 ad
519 1779 704 1844 memoriam
733 1790 871 1841 nostram
903 1777 1080 1842 tribuniciis
1107 1777 1392 1864 consularibusque

330 1878 485 2013 pertarum
515 1865 633 1950 viribus
662 1879 719 1942 est,
753 1864 917 1930 dictaturae
950 1885 1073 1950 semper
1101 1863 1193 1928 altius
1229 1863 1391 1949 fastigium

344 1951 399 2015 uit.

374 2035 550 2100 XXXIX.
575 2035 662 2100 inter
685 2037 823 2121 priorem
847 2036 1033 2101 dictaturam
1060 2035 1236 2100 abdicatam
1259 2057 1392 2102 novam·

331 2145 392 2208 que
414 2145 435 2186 a
461 2121 583 2187 Manlio
609 2124 731 2201 initam,
756 2123 797 2186 ab
821 2121 956 2188 tribunis
981 2123 1065 2187 velut
1090 2145 1148 2208 per
1173 2123 1390 2210 interregnum

330 2208 467 2274 concilio
486 2209 587 2294 plebis
602 2208 724 2290 habito,
740 2210 898 2294 adparuit,
920 2231 993 2297 quae
1008 2231 1046 2272 ex
1062 2208 1271 2296 promulgatis
1292 2212 1391 2295 plebi,

330 2318 401 2382 quae
423 2295 575 2360 latoribus
639 2297 740 2360 atiora
754 2309 866 2360 essent.
889 2317 964 2360 nam
989 2295 1030 2360 de
1054 2295 1176 2360 foenore
1196 2308 1294 2382 atque
1315 2319 1394 2384 agro

328 2383 509 2469 rogationes
526 2317 691 2470 jubeblmt,
706 2383 784 2447 ⁶⁶de
805 2381 930 2468 plebeio
950 2382 1115 2446 consulatu
1137 2381 1391 2468 ⁵⁷antiquabaot.

328 2481 360 2532 et
374 2468 513 2554 perfecta
535 2483 669 2558 utraque
695 2491 744 2533 res
769 2483 858 2547 esset,
883 2470 915 2533 ni
931 2469 1049 2532 tribuni
1073 2491 1106 2533 se
1128 2469 1160 2532 in
1173 2473 1285 2533 omnia
1299 2466 1393 2536 simul

329 2555 491 2620 consulere
519 2555 646 2641 plebem
672 2556 835 2620 dixissent.
881 2553 919 2621 P.
946 2554 1088 2620 Manlius
1114 2555 1229 2620 deinde
1253 2555 1394 2622 dictator

168 2647 315 2714 c.1.ieintos
330 2663 396 2706 rern
419 2643 452 2706 in
468 2665 611 2706 caussam
627 2640 726 2736 plebis
742 2643 912 2719 inclinavit,
927 2641 953 2682 ⁶⁸
966 2641 1003 2706 C.
1023 2641 1157 2718 Licinio,
1174 2643 1228 2728 qui
1245 2643 1393 2708 tribunus

166 2728 464 2804 summme-militum
479 2727 591 2806 fuerat,
607 2730 760 2828 magistro
775 2729 916 2816 equitum
931 2729 972 2793 de
986 2728 1079 2814 plebe
1100 2729 1195 2794 dicto.
1242 2728 1284 2794 Id
1308 2752 1393 2818 aegre

166 2798 320 2902 affigetur·
332 2815 442 2878 Patres
471 2835 580 2902 passos
610 2815 748 2898 scerpi03
779 2814 965 2879 dictatorem
994 2815 1175 2916 propinqua
1200 2819 1393 2904 cognatione

167 2922 245 2980 prebe.
331 2899 447 2964 Licinii
472 2921 506 2963 se
527 2899 613 2984 apud
639 2900 749 2964 Patres
771 2923 922 2966 excusare
943 2901 1083 2980 solitum,
1106 2901 1201 2966 simul
1223 2917 1392 2986 negantem

330 2985 470 3071 magistri
493 2987 634 3072 equitum
656 2988 767 3071 majus,
784 3009 878 3074 quom
891 2988 1010 3052 tribuni
1024 2988 1208 3066 consularis,
1222 2988 1392 3074 imperium

169 3081 281 3129 Sexnter
329 3094 406 3136 esse.
452 3071 594 3136 Licinius
615 3073 814 3159 Sextiusque,
835 3095 932 3162 quum
956 3073 1156 3139 tribunorum
1172 3075 1260 3160 plebi
1283 3097 1393 3141 crean-

167 3145 299 3258 ffi'ffn
330 3158 444 3222 dorum
460 3158 581 3222 indicta
595 3159 722 3223 comitia
737 3176 849 3238 essent,
863 3159 906 3224 ita
921 3182 1082 3248 regerere,
1105 3175 1141 3226 ut
1161 3163 1392 3316 ”egandfflff

1349 3271 1359 3312 ¹
1382 3293 1391 3324 r

167 3277 244 3322 mu,
255 3277 285 3324 d,
330 3245 390 3308 sibi
405 3245 484 3309 velle
505 3245 683 3310 continuari
704 3245 868 3326 honorem,
885 3251 1036 3312 acerrime
1051 3247 1280 3313 accenderent‘

166 3336 316 3418 conjunctim
331 3330 416 3418 quod
428 3332 656 3400 dissimulando
671 3334 830 3418 petebant,
846 3333 980 3419 plebem.
1020 3333 1141 3398 Nonum
1152 3357 1184 3399 se
1201 3336 1392 3420 annumjora

166 3404 432 3530 ffiffi'oelnt‘
446 3422 480 3484 in
492 3419 607 3483 ercr‘era'¹
621 3422 765 3485 adversus
774 3423 935 3504 optimates
946 3423 1077 3485 marimo
1081 3423 1233 3502 privatim
1240 3425 1392 3506 periculo,

169 3535 227 3582 ,ug
277 3487 292 3520 ²¹
328 3505 581 3589 60rarrlloprrblr'ee
595 3509 789 3570 cruciamento
802 3519 895 3572 stare.
917 3506 1178 3590 consenuissejam
1193 3529 1290 3572 secum
1303 3519 1393 3574 etro-
1456 3559 1458 3566 .

328 3649 373 3756 Ge
385 3644 461 3756 fleg:
469 3645 543 3690 Gron,
556 3644 625 3696 crea.
722 3637 875 3694 succederent
887 3649 961 3694 Gran.
1061 3646 1155 3693 tertull
1168 3645 1237 3693 Crer.
1322 3643 1393 3694 hacie

352 3723 402 3756 ron.
463 3725 484 3755 v.

361 3820 393 3868 st
418 3821 578 3883 Qotngratum
608 3823 721 3885 millium]
751 3823 841 3883 Supple
873 3825 1023 3884 significabat
1047 3837 1073 3870 ae
1101 3837 1148 3869 non
1172 3823 1281 3882 accipere
1305 3823 1391 3884 legem.

328 3888 391 3934 reris.
424 3889 496 3933 Aeser
515 3885 618 3934 500000.
631 3888 766 3933 aestimandi
784 3895 841 3934 sunt
874 3888 985 3948 Antiqua,
996 3890 1013 3935 i.
1023 3903 1044 3934 e.
1056 3887 1156 3948 antiqua
1168 3888 1252 3946 probo,
1262 3888 1323 3933 nihil
1335 3888 1390 3932 nori

328 3953 415 3997 marcis
432 3952 525 4012 argenti
546 3953 692 3998 nostratibus
708 3951 764 3999 ret.
784 3966 840 3998 cum
873 3953 946 3999 statui
959 3955 1021 3999 volo.
1040 3952 1119 3998 'viu
1131 3957 1180 3996 not.
1191 3947 1230 3997 22.
1242 3953 1273 3997 ad
1287 3953 1317 3998 V.
1328 3951 1367 3998 30.

326 4017 420 4062 duabus
431 4017 516 4062 unciis
904 4017 936 4063 58
954 4018 981 4065 C.
993 4017 1093 4071 Licinio,
1110 4017 1149 4076 pai
1169 4015 1278 4061 tribunae
1287 4015 1389 4062 militam

359 4077 781 4146 55¹1nordrnancagrlviu.noc
801 4080 839 4128 52.
863 4079 960 4145 saerot]
984 4081 1117 4127 Undecimo
1134 4086 1190 4126 ante
1208 4093 1281 4126 anno.
1315 4081 1390 4126 Hunc

326 4144 356 4205 ad
369 4143 417 4188 111.
429 4143 469 4191 85.
873 4145 901 4193 0.
913 4145 1034 4191 Licinium
1046 4159 1104 4192 cave
1122 4157 1178 4190 curn
1197 4143 1389 4190 Plutarchocre·

358 4205 389 4252 56
414 4208 452 4253 Dr
482 4209 568 4270 plebeio
596 4209 725 4272 consulatu]
756 4209 839 4256 Plures
873 4210 915 4255 dns
926 4211 1040 4256 eumdem
1052 4223 1103 4255 ease
1119 4222 1176 4256 eum
1188 4209 1216 4255 C.
1228 4209 1324 4254 Licinio
1336 4209 1389 4255 Sto·

324 4271 408 4330 scripti
421 4273 509 4318 habent
521 4271 640 4334 reperero
651 4274 746 4320 rorrnrlc.
873 4274 937 4331 lone,
951 4275 1048 4320 tribuno
1068 4275 1153 4334 plebis,
1166 4274 1250 4334 legum
1270 4285 1390 4319 novarum

357 4333 389 4381 57
406 4335 574 4399 Arrttqrralrunt]
592 4336 723 4395 Antiquom
738 4339 838 4384 verbum
872 4339 956 4384 latore.

224 4449 228 4458 ,
325 4401 424 4446 solenne
446 4407 491 4458 eat,
514 4414 562 4460 quo
583 4402 686 4462 populus
714 4402 838 4450 Romanus
905 4403 936 4450 09
953 4399 1386 4464 Nalloputtr'cecrrwlumeatoltleu·
