3032 4924
311 151 392 280 ’396
519 201 624 262 TlTl
651 199 778 260 LlVll
805 199 971 258 Ltttvt.
998 199 1094 260 CAP.
1116 201 1216 263 xutt.

168 381 302 438 memo.
319 369 486 432 'decretus
521 362 670 430 vixdum
697 361 897 448 perfunctum
927 385 1000 427 suut
1025 363 1109 428 bsllo
1133 364 1273 428 atrocior
1301 366 1395 432 domi

166 456 200 500 ⁸¹
210 450 302 502 ΟΜ
313 448 316 456 ’
329 454 442 519 seditio
456 453 582 535 excepit
593 479 599 514 :
610 497 614 504 -
624 465 656 514 et
669 472 727 536 per
741 450 882 536 ingentia
907 451 1080 514 certamina
1101 451 1237 516 dictator
1251 469 1391 517 senatus-

165 567 312 626 nogariam
329 563 391 628 que
404 541 510 614 rictus,
529 551 564 602 ut
577 537 757 626 rogationes
770 536 948 600 tribuniuiae
961 537 1196 622 accipiemutum
1217 551 1250 602 et
1264 537 1390 602 comitis

165 631 320 678 tribunorum
330 625 494 692 consulum
520 624 649 688 adversa
676 623 840 686 nobilitate
862 621 979 699 habita,
1004 624 1118 708 quibus
1143 623 1182 687 L.
1198 623 1331 688 Sextius
1351 623 1392 688 de

165 701 277 756 napta.
330 712 423 798 plebe
444 712 565 794 primur
586 709 697 774 consul
711 708 821 774 fantus.
866 708 909 774 Et
923 731 963 772 ne
975 713 1001 774 is
1014 709 1142 796 quidem
1158 710 1230 774 finis
1244 711 1391 774 oenant-

330 819 406 866 num
438 798 506 862 tuit.
535 797 610 884 quia
637 796 761 880 patricii
785 795 853 858 ⁸¹se
881 812 1025 860 auctores
1059 794 1184 861 futuros
1219 795 1390 882 negabant,

329 905 430 970 prope
449 885 654 948 secessionem
678 881 776 966 plebis
800 903 849 946 res
874 881 1089 968 terribilesque
1111 883 1187 946 alius
1202 882 1303 946 minas
1317 883 1392 945 ciri·

328 971 406 1036 lium
420 969 627 1051 certaminum
642 970 744 1032 venit:
768 989 867 1053 quum
888 980 993 1032 tamen
1008 990 1066 1052 per
1079 969 1267 1034 dictatorem
1282 967 1392 1032 condi·

329 1057 467 1122 tionibus
490 1057 607 1120 sstlutoe
627 1053 797 1120 disonrdioe
810 1067 894 1134 sunt,
910 1075 1156 1140 oouoessumqua
1169 1055 1211 1120 ab
1223 1055 1393 1120 nobilitata

328 1144 414 1230 plebi
428 1142 469 1208 de
483 1142 611 1206 consule
626 1141 763 1227 plebeio;
783 1163 807 1203 a
820 1140 915 1222 plebe
933 1141 1091 1206 nobilitati
1105 1141 1149 1206 da
1162 1155 1301 1225 pretore
1315 1162 1391 1220 uuo,

329 1233 382 1317 qui
393 1235 446 1316 jus
461 1231 492 1292 in
509 1229 588 1294 urbe
602 1229 730 1301 diceret,
742 1249 783 1290 nx
799 1226 948 1290 Patribus
958 1227 1108 1292 creando,
1144 1227 1203 1292 ‘lut
1216 1228 1258 1291 ab
1268 1226 1392 1294 diutius

328 1317 376 1380 ira
390 1314 518 1382 tandem
540 1313 572 1378 in
596 1313 797 1378 concordiam
810 1312 956 1377 *redactis
979 1311 1155 1389 ordinibus,
1171 1313 1197 1352 ⁸²
1206 1336 1305 1399 quum
1322 1313 1354 1378 di

328 1399 483 1468 num'eam
500 1417 707 1466 rementiatur
722 1399 951 1476 consererem,
968 1401 1145 1484 meritoque
1158 1399 1202 1476 id,
1219 1403 1245 1466 si
1261 1338 1392 1486 quantit:

329 1511 477 1576 umquam
495 1489 580 1566 alias,
597 1488 704 1551 Delim
720 1484 936 1550 inmortalium
960 1507 1072 1550 caussa
1093 1485 1228 1552 libenter
1251 1485 1391 1552 facturos

329 1575 405 1652 lore,
424 1589 459 1639 ut
482 1574 584 1638 ⁸³ludi
610 1573 740 1636 maximi
765 1571 889 1648 tierent,
903 1586 935 1635 et
956 1572 1021 1636 dies
1046 1593 1128 1636 unus
1152 1573 1192 1636 ad
1214 1571 1390 1640 84ιιίόιιιιιιι

328 1662 537 1748 adjiceretur;
559 1659 810 1724 8⁵recusantibus
832 1658 864 1720 id
887 1679 1003 1722 munus
1017 1658 1163 1724 aedilibus
1185 1658 1298 1742 plebis,
1314 1681 1391 1724 con·

329 1749 500 1813 clamatum
527 1769 546 1810 a
570 1746 710 1832 patriciis
738 1759 784 1808 est
808 1743 987 1828 juvenibus,
1013 1767 1046 1808 se
1071 1744 1260 1810 id.honoris
1283 1745 1391 1812 Derim

329 1833 544 1897 inmortalium
575 1853 684 1895 caussa
711 1831 845 1894 libenter
874 1844 1010 1905 acturos,
1033 1831 1107 1894 “ut
1130 1831 1238 1896 tudiles
1267 1831 1390 1896 fiemnt.

312 1919 458 1995 ,Quibus
486 1919 583 2004 quum
613 1917 654 1981 ab
680 1916 835 1980 universis
870 1920 983 2001 gratim
1020 1929 1100 1982 actm
1128 1929 1240 1993 essent,
1270 1916 1388 1983 fautum

329 2007 644 2079 senatusconsultum,
661 2017 696 2067 ut
717 2005 878 2067 duoviros
901 2003 1007 2068 radiles
1021 2025 1062 2068 ex
1080 2003 1227 2069 Patribus
1250 2003 1388 2069 dictator

225 2143 229 2151 .
328 2091 482 2241 popplum
497 2102 641 2177 rogaret:
668 2089 776 2154 Patres
797 2101 942 2154 unctores
956 2089 1105 2154 omnibus
1119 2091 1186 2182 ejus
1199 2091 1389 2156 suuioomi·

270 2205 274 2214 ’
330 2192 381 2243 tus
418 2192 517 2241 erent.

314 2378 317 2388 ,
362 2330 453 2380 st's'e
470 2336 572 2380 anemo
586 2329 699 2394 futuros]
715 2329 773 2376 vid.
791 2337 841 2376 not.
874 2331 1029 2390 egubinus,
1043 2345 1090 2376 non
1111 2331 1241 2376 aliudesse
1256 2345 1332 2391 quum
1349 2332 1388 2376 tri·

330 2395 485 2444 tumult.
874 2397 950 2441 duum
971 2395 1122 2448 Latinarum,
1142 2407 1172 2441 ax
1193 2394 1389 2456 Plutarchopro·

359 2461 392 2510 st
410 2459 488 2516 Ουιιηι
505 2460 613 2523 diguam]
639 2459 721 2514 Quum
742 2460 842 2520 dignum
874 2461 955 2514 batur,
975 2461 1017 2517 qui
1039 2460 1065 2505 lu
1085 2460 1135 2505 vita
1156 2460 1223 2506 Cam·
1246 2465 1332 2506 ututur
1353 2467 1389 2507 stt

328 2539 381 2574 usur
400 2539 452 2574 rsm
478 2533 576 2574 senatus
600 2529 709 2575 censent
726 2537 788 2583 esse,
809 2526 840 2570 oh
873 2525 1026 2572 unumdiem
1041 2525 1087 2570 hoe
1099 2531 1205 2584 tempore
1217 2524 1387 2586 mistaque

327 2603 401 2650 quum
426 2591 478 2638 ludi
502 2591 604 2638 maximi
627 2591 720 2642 fierent,
742 2590 841 2650 diesque
873 2589 953 2635 triduo
969 2598 1041 2635 notra
1058 2589 1255 2645 conficiebantur,
1266 2585 1386 2650 adjectum

327 2667 391 2700 unus
402 2656 432 2700 ud
443 2656 552 2700 triduum
568 2653 710 2700 Latinarum
727 2651 840 2715 adjicere·
873 2665 932 2699 esse.
950 2653 988 2698 De
1000 2653 1092 2699 Latinis
1108 2653 1174 2698 feriis
1185 2653 1232 2698 sid.
1245 2659 1296 2698 not.
1309 2653 1347 2698 62.
1358 2653 1387 2700 ad

327 2723 385 2774 ture
408 2719 634 2778 meritoqusitl...
651 2717 696 2763 sibi
715 2718 841 2764 assimi-
872 2717 1029 2766 slutv..

325 2785 425 2834 sudum.
905 2782 937 2830 85
965 2781 1142 2844 Remulus]
1177 2779 1258 2828 terto
1288 2781 1386 2829 Latinas

357 2845 390 2892 83
408 2845 469 2892 Luat
485 2845 594 2908 maximi]
613 2845 675 2892 Ludi
687 2860 760 2906 quam
772 2860 840 2908 mag·
873 2847 924 2892 ludi
935 2847 1044 2892 comitari
1057 2847 1173 2901 solebant.
1195 2859 1299 2906 quorum
1320 2861 1388 2900 aura-

325 2911 508 2958 ntfieenmsimt
544 2910 581 2956 De
598 2911 839 2970 bisludisacoiplen-
873 2911 907 2956 tio
926 2923 999 2970 penes
1021 2911 1103 2956 aediles
1125 2909 1201 2969 plebis
1227 2911 1309 2970 primo
1330 2913 1384 2966 mit,

324 2974 788 3034 tradenturquntegtmurtvtlae.
801 2975 838 3020 lb.
872 2981 933 3021 teste
955 2975 1028 3021 Dion.
1051 2976 1067 3021 Ι.
1086 2974 1131 3020 vt.
1153 2981 1270 3022 ummo.
1304 2975 1385 3026 uuum

324 3037 388 3086 tart
405 3038 486 3090 votivi,
507 3051 561 3098 quor
580 3038 618 3084 Μ.
632 3039 724 3085 Fartus
739 3038 840 3084 dututor
871 3053 966 3100 quoque
977 3051 992 3084 ι
1004 3039 1106 3086 camillo
1123 3045 1192 3086 votos
1210 3039 1242 3086 ab
1257 3039 1345 3086 iisdem
1356 3055 1385 3088 s·

323 3105 425 3159 wveral,
435 3101 507 3164 saell.
543 3101 629 3161 Itaque
651 3102 780 3150 verisimile
802 3112 838 3148 sat
870 3103 959 3149 dilibus
982 3103 1032 3149 lieri
1049 3109 1146 3148 senatus
1159 3099 1269 3165 jubebat.
1302 3101 1383 3157 Quium

323 3169 369 3213 hor
380 3165 450 3212 ludos
461 3173 518 3213 unte
532 3167 683 3214 concordiam
699 3167 838 3214 restitutam
869 3167 945 3226 igitur
955 3175 980 3214 et
996 3167 1059 3214 ludis
1079 3167 1175 3222 votivis,
1192 3177 1218 3213 et
1237 3163 1333 3229 adjecto
1344 3169 1384 3215 illo

323 3231 455 3278 canutum
474 3231 583 3286 mutuas
607 3235 666 3292 (quo
681 3232 756 3278 atium
773 3239 835 3279 tem·
868 3232 894 3276 iu
911 3232 1020 3292 ampulas
1036 3243 1112 3278 annos
1123 3233 1154 3278 ud
1166 3231 1265 3280 Latinas
1276 3232 1326 3290 dis,
1343 3247 1384 3280 no·

322 3309 388 3356 pore,
452 3296 579 3342 Plutarcho
601 3297 730 3350 credimus,
758 3299 836 3342 adem
869 3309 956 3342 vorum
991 3297 1037 3342 ribi
1071 3296 1298 3356 successoribusque
1335 3299 1383 3344 suis

322 3359 460 3410 concordio
471 3357 547 3420 vovit)
559 3357 612 3422 ejus
628 3370 723 3418 votum,
734 3361 836 3407 redactis
869 3365 1012 3419 sumptuum
1023 3359 1190 3406 necessitatem
1201 3356 1298 3421 injungi
1315 3361 1384 3410 intel·

321 3425 507 3472 inconcordism
519 3425 744 3479 ordinibus.Patrer
754 3431 835 3472 rutum
868 3424 970 3484 ligarent
992 3424 1084 3481 ediles,
1105 3431 1248 3470 reeusamnt
1268 3438 1383 3486 aggrava-

321 3490 440 3538 bsbuisus.
472 3489 551 3536 Aliter
560 3491 835 3549 osusetGronov.quaru
867 3494 921 3535 tum
930 3501 1027 3536 munus·
1056 3487 1382 3547 Deluquuttatmoum

267 3584 270 3592 ·
321 3555 369 3600 vid.
381 3553 642 3602 1.1v.0brerv.c.to.
867 3553 952 3599 diebus
969 3553 1019 3600 llari
1038 3551 1217 3610 solebant,vid.
1235 3560 1285 3602 not.
1302 3555 1382 3604 tzod

353 3617 386 3665 84
416 3617 544 3679 Triduum]
581 3618 742 3670 Latinarumr
779 3631 835 3677 qun
867 3615 952 3664 v.19.

321 3697 369 3730 vox
385 3684 486 3730 sortasse
497 3683 590 3729 incuria
605 3683 758 3729 librariomm
770 3682 835 3726 euri-
899 3680 931 3728 86
951 3681 985 3728 Ut
994 3679 1082 3744 educe]
1094 3681 1130 3728 Es
1141 3681 1202 3742 legs,
1215 3687 1250 3728 ut.

320 3747 364 3794 tllt.
411 3747 524 3794 Ceterum
546 3747 654 3794 triduum
676 3747 706 3792 de
724 3759 772 3807 quo
795 3745 835 3794 bic
