3056 4928
462 196 556 258 Llll.
575 194 647 256 Vll.
677 196 780 258 cti.
801 197 867 257 XV.
1117 203 1176 259 stt

123 357 219 434 duces
245 359 425 438 Gallomm,
453 381 519 426 non
547 360 751 434 detrusurus
777 360 812 424 in
842 381 968 447 coquum
994 360 1317 440 Rommos;u.c.m.

124 445 250 524 tonde,
268 449 320 512 ubi
335 445 392 512 ⁸⁵d¹
448 469 532 513 essee
556 461 685 532 repente
707 447 865 526 viderunt,
879 461 912 513 et
931 447 990 534 ipsi
1004 446 1087 512 avidi
1108 445 1318 513 ees-*0⁸⁵⁵-

124 533 252 630 teminia
280 535 312 598 in
335 555 484 634 puerum
513 549 627 599 ruunt:
649 535 801 620 priusque
821 555 931 622 pugna
951 535 1057 620 ooepit,
1080 555 1176 622 quum

125 639 249 774 ⁸¹gllultm
264 619 636 808 lbbcgllglllllylasdirrefgblli
657 706 803 808 dextmm
817 727 937 807 cornu:
959 727 1064 820 neque
1084 707 1176 772 austi-

123 791 1337 966 rpem

123 971 167 1028 tes
176 967 413 1048 spopondisset?
435 967 487 1030 ubi
501 967 551 1030 illi
563 968 706 1030 clamores
716 953 779 1030 sini
792 987 880 1030 arma
888 970 1102 1049 motam?
1124 939 1305 1032 ubim'ffi‘

711 1183 721 1215 2

121 1223 222 1306 sigum
237 1225 340 1308 ecquis
353 1234 525 1308 seqroeretur
538 1247 650 1301 eunus,
665 1227 720 1308 qui
739 1227 828 1288 modo.
844 1227 965 1288 duduri
974 1226 1119 1309 fierint·
1144 1227 1178 1288 in

121 1311 367 1394 coomsfiroces,
381 1311 414 1372 in
428 1313 497 1376 acie
504 1312 646 1393 pavidi?
672 1310 755 1374 Vera
766 1309 946 1379 audiebant.
958 1311 1064 1396 itsque
1073 1322 1179 1375 tantos

121 1393 223 1477 pudor
238 1394 382 1460 stimulos
396 1395 544 1473 admovit,
560 1407 594 1460 ut
607 1409 735 1460 ruerent
749 1397 782 1460 in
796 1395 934 1460 hostium
948 1397 1020 1475 tela,
1036 1396 1179 1462 alienatis

120 1501 140 1542 a
152 1481 309 1546 memorie
324 1482 456 1565 periculi
470 1482 593 1546 animis.
633 1481 700 1546 Hic
710 1485 814 1568 primo
823 1484 947 1566 inpetus
957 1503 1057 1568 prope
1069 1503 1179 1548 vecors
1287 1487 1289 1490 ’

123 1567 264 1632 turbevit
274 1567 398 1632 hostes:
420 1591 515 1654 eques
528 1567 642 1632 deinde
655 1569 785 1632 emissus
795 1568 936 1634 turbatos
950 1570 1072 1634 evertit.
1107 1569 1180 1653 lpse

121 1651 267 1731 dictator,
283 1654 484 1740 ⁸⁴postquem
498 1653 659 1718 lebentem
678 1675 742 1719 una
761 1670 851 1740 purte
864 1654 942 1719 vidit
956 1656 1067 1734 aciem,
1081 1653 1179 1742 “sig-

121 1759 161 1803 na
175 1741 207 1804 in
225 1741 344 1804 hrum
359 1762 459 1804 cornu
473 1739 604 1819 confert,
620 1763 685 1828 quo
699 1741 824 1806 turbam
838 1740 978 1806 boetium
992 1741 1178 1829 congregari

119 1827 289 1901 cernebam
311 1839 343 1890 et
356 1827 405 1904 iis,
419 1827 474 1913 qui
488 1827 521 1894 in
537 1840 642 1892 moute
656 1840 754 1904 erant,
771 1829 906 1914 signum,
922 1827 1010 1914 quod
1024 1847 1180 1892 convene-

120 1925 176 1988 rat,
191 1913 297 1978 dedit.
341 1912 407 1978 Ubi
423 1912 547 2000 indequ
593 1913 879 1979 uenoruselumor
893 1927 990 1992 ortus,
1006 1927 1037 1979 et
1051 1913 1181 1979 tendere
1230 1977 1232 1982 .

120 1998 254 2086 obliquo
267 2011 376 2064 monte
393 1998 435 2064 ad
452 2011 556 2066 castro
609 1999 742 2064 ullorum
759 2001 816 2063 risi
831 2013 920 2076 eunt3
943 2013 1010 2065 tum
1026 2013 1123 2078 metu,
1139 2021 1182 2064 ne

121 2085 379 2162 excluderentur,
394 2086 509 2150 omissa
532 2107 638 2171 pugna
659 2099 715 2163 est,
731 2107 888 2170 cursuque
908 2086 1007 2152 effuso
1023 2085 1063 2149 ad
1077 2098 1181 2151 eostre

122 2169 316 2238 ferebantur.
340 2171 395 2235 ubi
408 2193 507 2258 quum
521 2171 710 2236 obcurrisset
730 2173 774 2235 eis
796 2171 844 2236 M.
861 2171 1015 2248 Valerius,
1031 2172 1180 2259 magister

122 2259 276 2344 equitum,
293 2258 372 2344 (qui,
387 2257 589 2345 “profligato
613 2256 728 2322 dextro
753 2279 862 2336 cornu,
884 2257 1087 2343 obequitabat
1107 2256 1181 2320 bos·

122 2345 200 2408 aum
215 2343 432 2425 mmrimeutis)
447 2344 488 2408 ad
502 2355 624 2417 montet
635 2343 789 2429 silvasque
799 2342 1059 2431 vertuntfugams
1080 2341 1182 2428 pluri·

122 2430 231 2516 mique
254 2429 298 2494 ibi
312 2453 331 2494 a
345 2429 445 2495 fallaci
472 2431 612 2516 equitum
634 2431 737 2514 specie
750 2428 777 2474 ⁸⁷
784 2429 1037 2514 agasonibusque
1056 2449 1133 2493 exue
1156 2430 1181 2494 ti

120 2531 213 2582 sant:
236 2529 403 2594 eteorum,
419 2539 497 2602 quos
511 2537 610 2602 paror
623 2515 795 2602 pertulerat
808 2516 841 2578 in
856 2515 957 2592 silvas,
972 2529 1065 2581 amox
1148 2537 1182 2580 es

121 2617 194 2686 post
216 2603 360 2668 telletum
386 2603 537 2686 proelium
561 2602 630 2667 luit.
675 2601 744 2666 Nec
766 2601 845 2666 alius
870 2614 943 2688 post
962 2600 1012 2666 M.
1035 2599 1179 2678 Furium,

7 2753 8 2760 ,
122 2709 221 2775 quam
246 2687 286 2754 C.
309 2689 478 2774 Sulpicius,
499 2690 663 2775 justiorem
692 2689 733 2753 de
756 2687 858 2754 Gallis
881 2689 946 2777 egit
969 2688 1179 2774 triumphum.
1188 2703 1308 2766 septem

7 2783 8 2820 l
123 2777 193 2844 auri
217 2797 344 2862 quoque
358 2797 398 2840 ex
415 2775 546 2852 Gallicis
567 2775 675 2860 spoliis
696 2777 770 2840 satis
789 2795 939 2864 magnum
954 2777 1089 2858 pondus,
1104 2770 1329 2840 mosrtumpho.

123 2861 281 2947 quadrato
303 2877 437 2946 septum,
460 2861 494 2926 in
519 2861 677 2948 Capitolio
701 2862 842 2927 secrevit.
888 2861 1010 2926 Eodem
1039 2883 1125 2926 enno
1149 2872 1183 2926 et-

123 2969 142 3010 s
156 2947 341 3012 consulibus
353 2949 439 3012 vario
454 2960 565 3012 eventu
581 2947 742 3013 bellatum.
757 2971 830 3013 nem
848 2947 983 3013 Hernici
997 2971 1016 3012 a
1032 2947 1071 3013 C.
1089 2947 1291 3014 Plau-neue
1407 2973 1412 2980 ·

125 3033 169 3100 tio
195 3033 311 3098 deuicti
334 3033 517 3121 subactique
544 3047 626 3100 sunt.
672 3035 789 3100 Fabius
813 3034 935 3123 collega
962 3035 1028 3120 ejus
1057 3035 1182 3102 incaute
1190 3026 1254 3074 ’Μ

124 3134 222 3208 atque
250 3120 425 3185 inconsulte
457 3119 605 3185 aduersus
634 3120 880 3206 Tarquinienses
915 3121 1085 3210 pugnavit:
1123 3134 1342 3185 accentuare·

124 3207 156 3272 ib
182 3207 251 3272 acie
279 3219 401 3270 tantum
432 3206 475 3270 ibi
505 3206 602 3271 cladis
627 3219 803 3291 acceptum,
827 3229 921 3294 quom
947 3208 1032 3294 quod
1057 3200 1324 3272 trecen-‘1uilicum

124 3303 175 3358 tos
199 3305 318 3378 septem
340 3292 455 3358 milites
472 3293 633 3358 Romanos
653 3305 763 3376 captos
784 3292 1029 3380 Tarquinienses
1050 3265 1300 3392 inmota-3¹22&

125 3391 213 3444 runt.
236 3402 298 3465 qua
312 3377 457 3443 ioeditate
467 3378 613 3464 supplicii
626 3378 787 3466 aliquanto
801 3379 976 3466 ignominis
990 3378 1102 3466 pupuli
1115 3379 1182 3443 Ro-
1262 3391 1265 3402 '

7 3539 8 3542 Ἴ
125 3466 213 3532 muni
228 3465 407 3553 insignitior
420 3464 487 3534 tuit
533 3465 672 3531 Accessit
694 3464 736 3528 ad
756 3487 826 3530 eom
847 3465 968 3532 cladem
995 3479 1025 3530 et
1050 3465 1184 3530 vastatio

158 3653 192 3701 88
208 3651 245 3700 Dr
298 3653 359 3764 mli
380 3653 418 3701 Sic
442 3655 504 3701 bene
526 3653 638 3714 Sigonius
670 3655 799 3714 exercitus,
821 3656 935 3702 advenas
959 3657 1023 3716 quod
1044 3654 1184 3718 congregor-l

128 3717 300 3779 mulgeant.
358 3719 501 3766 tonet-80.
513 3720 543 3765 ad
555 3718 604 3767 111.
614 3720 638 3766 8.
670 3721 840 3782 etcongloberl
851 3720 1044 3766 videbetbostes.

127 3797 209 3844 supra
703 3783 735 3830 86
752 3783 882 3846 Pmfiigaio
891 3783 971 3829 dextro
985 3782 1068 3845 coroa]
1084 3781 1132 3836 Qui
1149 3784 1185 3828 le·

159 3847 192 3894 84
208 3847 335 3908 Postquam
356 3847 467 3894 &mutem
496 3860 543 3894 eno
572 3851 640 3907 parte
671 3849 838 3908 getatoentim
853 3844 926 3910 hujus
940 3861 1029 3908 pugnae
1045 3847 1184 3908 descriptio·

7 3947 8 3950 ,
128 3911 185 3958 uidit
199 3911 284 3974 odem]
302 3911 413 3972 intellige
430 3913 507 3966 ιιι-ῖοιιι
522 3911 638 3966 bostium,
670 3925 737 3964 nem.
758 3913 828 3959 tuelle
844 3919 958 3973 agnoscet
980 3913 1019 3960 hic
1041 3925 1085 3972 pro
1103 3911 1184 3959 &atro

129 3973 203 4036 'quse
219 3976 300 4023 labare
319 3977 404 4036 incipit
421 3977 451 4023 ab
467 3989 516 4023 una
527 3982 602 4036 parte,
614 3976 640 4022 id
670 3989 740 4023 cornu
751 3979 916 4036 reponendum
926 3977 1086 4024 minem.

130 4047 174 4096 ut,
196 4054 212 4086 ιι
234 4041 333 4087 sinistro
358 4053 434 4087 cornu
461 4054 515 4096 suo,
534 4053 582 4100 quo
603 4041 640 4086 in·
703 4040 735 4087 81
751 4039 950 4104 Agmonibutque]
974 4041 1086 4102 Sigonius
1108 4047 1183 4088 teate·

130 4111 239 4152 veteram
269 4106 383 4152 dextrum
415 4117 489 4152 cornu
519 4105 640 4152 nomme·
672 4112 713 4152 tur
729 4105 777 4164 legi
795 4106 821 4150 in
839 4111 898 4152 vett.
908 4105 966 4151 libb.
978 4107 1114 4168 «μανιῶν
1132 4107 1184 4152 eine

131 4181 192 4218 rum.
674 4169 700 4217 et
715 4181 772 4229 que.-
788 4175 813 4216 et
829 4171 852 4216 ei
867 4169 1032 4218 metiuntur
1045 4171 1094 4218 duo
1105 4186 1119 4218 e
1129 4183 1184 4218 noo

160 4233 297 4294 tt't'tgm
315 4235 341 4280 ln
358 4234 441 4280 mam
454 4248 525 4281 mrsu
542 4233 642 4296 senfin]
674 4234 724 4280 tris.
759 4233 854 4294 Nempe
873 4233 948 4280 tutu
958 4231 1000 4282 illa
1010 4235 1120 4296 equitum
1132 4247 1185 4295 epe·

132 4295 205 4344 Venit
223 4311 281 4344 cum
297 4299 326 4344 iis
344 4299 420 4359 signia
439 4299 561 4358 captisque
581 4311 642 4358 quea
673 4299 723 4346 des
735 4298 795 4344 nibil
811 4299 877 4344 aliud
896 4304 956 4356 mat,
976 4311 1053 4362 quam
1069 4309 1186 4364 quocun

132 4361 191 4410 cuca
207 4375 234 4410 ee
252 4363 356 4412 babebat
366 4364 397 4410 ad
409 4363 500 4411 levum
516 4375 591 4410 cornu
603 4362 643 4409 sui
674 4363 747 4412 mulir
755 4363 869 4422 irripusltt.
