3008 4908
378 485 655 570 EPITOME
680 485 852 568 LIBRI
881 481 932 566 V.

555 687 748 730 *-

125 823 354 909 lucustarum
372 832 508 910 Veiorum
524 847 711 911 hibernacula
728 845 868 912 militibus
879 845 1063 930 factasunt.
1079 865 1115 908 ea
1137 865 1185 908 res

124 951 212 1012 quum
227 941 304 994 esset
318 953 408 1010 nooo,
423 934 664 1019 indignationem
680 935 862 999 tribunorum
883 935 976 1015 plebis
993 933 1094 1009 mouit,
1111 953 1183 1016 que-

123 1017 246 1080 rentium
263 1040 325 1081 non
340 1020 411 1083 dori
422 1021 504 1100 plebi
517 1043 569 1084 nec
582 1043 638 1102 per
653 1021 776 1083 hiemem
787 1021 904 1084 militia
913 1019 1054 1105 requiem.
1088 1019 1184 1102 Equi-

121 1110 241 1166 testum
262 1105 394 1185 primum
410 1107 491 1190 equis
504 1108 566 1170 suis
585 1129 696 1170 merere
710 1117 867 1188 «eperunt.
914 1105 1013 1181 Quum
1027 1104 1184 1168 inundatio

122 1188 241 1252 selaeu
258 1189 381 1254 Albano
387 1189 481 1273 sacta
496 1204 580 1269 esset,
595 1203 692 1269 vates,
707 1195 756 1278 qui
770 1215 837 1256 earn
852 1214 914 1256 rem
928 1180 1182 1272 interpretaretur,

122 1275 158 1335 de
171 1275 306 1340 hostibus
322 1287 427 1360 captus
441 1288 494 1342 est.
539 1279 651 1342 Furius
668 1279 814 1344 Camillus
828 1279 957 1341 dictator
971 1279 1072 1340 decem
1087 1297 1184 1340 annos
1198 1273 1201 1280 ’

120 1360 248 1426 obsessos
272 1363 364 1427 Veios
386 1365 477 1446 cepit:
498 1365 688 1428 simulacrum
709 1365 836 1431 Junonu's
858 1365 991 1427 Romam
1012 1363 1181 1426 transtulit.-

121 1446 267 1511 decimam
289 1459 409 1531 pnrtem
429 1453 541 1534 prada
556 1451 691 1532 Delphos
704 1450 839 1532 Apollini
852 1451 942 1514 misit.
987 1450 1072 1513 Idem
1088 1449 1181 1512 tribu·

120 1553 172 1596 nus
185 1535 329 1612 militurn,
344 1557 432 1620 qucum
446 1537 585 1601 Faliscos
605 1536 764 1611 obsideret,
781 1536 934 1618 ¹proditos
956 1536 1081 1599 bostium
1093 1535 1182 1615 filios
1287 1574 1292 1582 ·

116 1623 293 1698 parentibus
306 1623 435 1686 remisit.-
458 1624 619 1705 statimque
639 1624 786 1686 deditione
798 1621 902 1704 foeta,
919 1622 1107 1686 Faliscorum
1121 1622 1180 1685 uio

121 1707 222 1770 teriam
238 1707 371 1792 justitia
389 1719 555 1773 consecutus
569 1719 620 1772 est.
667 1709 768 1784 Qucum
790 1709 866 1772 alter
888 1729 926 1772 en
951 1709 1120 1774 censoribus
1144 1707 1179 1773 C.

118 1789 216 1858 Julius
241 1796 428 1870 decessisset,
454 1796 486 1858 in
510 1795 600 1858 loerrm
623 1793 684 1879 ejus
706 1795 757 1863 M.
782 1795 936 1858 Cornelius
956 1793 1105 1877 subfectus
1126 1804 1180 1858 est.

119 1899 168 1942 uec
188 1880 222 1944 id
244 1891 356 1964 postea
374 1879 495 1962 facturn
519 1893 577 1943 est.-
599 1883 736 1966 quoniam
759 1904 793 1944 eo
815 1881 906 1945 lustro
928 1903 948 1945 a
967 1881 1064 1945 Gallis
1077 1883 1180 1944 Romo

119 1977 205 2046 capta
221 1979 280 2030 est.
325 1969 436 2031 Furrius
453 1967 608 2044 Camillus,
624 1989 715 2052 quum
737 1969 765 2029 ei
786 1969 850 2031 dies
865 1989 885 2030 o
899 1967 941 2031 L.
957 1968 1106 2050 Appuleio
1128 1968 1180 2030 tri-

119 2051 190 2116 buno
202 2053 301 2136 plebis
315 2052 396 2116 dicta
412 2065 494 2130 esset,
510 2055 541 2117 in
556 2055 690 2117 exsilium
708 2055 792 2117 abiit.
832 2053 933 2128 Quum
947 2055 1078 2120 Senones
1094 2054 1183 2118 Galli

120 2137 247 2203 Clusium
264 2141 443 2220 obsiderent,
458 2151 488 2204 et
504 2140 607 2226 legati,
624 2150 763 2204 oseuutu
784 2141 864 2203 missi
885 2141 927 2204 od
948 2143 1181 2222 componendam

117 2223 191 2288 inter
204 2247 258 2290 eos
277 2237 304 2288 et
322 2227 457 2290 Clusinos
478 2247 595 2309 pacem,
619 2237 790 2311 pugnantes
811 2235 916 2289 eontra
934 2225 1044 2290 Gallos
1064 2227 1095 2288 iu
1117 2227 1182 2289 acie

119 2311 306 2376 Clusinorum
321 2313 467 2375 stetissent
472 2349 484 2386 ,·
502 2315 557 2375 lure
563 2311 651 2392 sacto
666 2333 765 2374 eorum
779 2312 922 2374 concitati
931 2311 1064 2376 'Senones
1078 2313 1181 2374 urbem

115 2394 219 2478 infesto
242 2399 375 2462 exercitu
387 2399 546 2480 petierunt,
550 2399 695 2482 fusisque
710 2402 751 2460 od
766 2397 878 2460 Alliam
885 2398 1005 2482 strumen
1016 2399 1179 2476 Romanis,

115 2505 210 2564 cepere
240 2486 340 2548 urbem
358 2496 467 2566 prater
483 2485 677 2566 Capitolium,
698 2484 730 2545 in
744 2485 823 2568 qrcod
843 2506 874 2546 se
889 2481 1034 2568 juventus
1049 2484 1180 2547 corrtule-

114 2580 177 2632 rat.-
199 2567 337 2656 majores
350 2581 434 2646 notu,
450 2593 514 2635 cnm
530 2570 693 2656 insignibus
708 2571 860 2645 horrorum,
877 2591 952 2653 quos
965 2571 1091 2654 quisque
1108 2591 1180 2654 ges-

115 2667 199 2732 serat,
212 2658 252 2719 in
262 2657 416 2720 uestibulis
426 2659 533 2721 adium
546 2659 691 2732 sedentes,
704 2657 884 2719 occiderunt.
896 2665 924 2718 et
934 2678 1022 2740 qucum
1031 2677 1084 2738 per
1094 2678 1180 2720 ooer-

115 2763 176 2807 sam
187 2753 315 2828 partem
332 2745 476 2824 Capitolii
478 2744 551 2828 jorn
565 2744 596 2806 in
610 2763 759 2806 summum
773 2743 946 2820 evasissent,
966 2743 1079 2828 proditi
1096 2741 1180 2806 clan-

114 2851 184 2912 gore
197 2851 351 2906 anserum,
369 2829 419 2894 M.
436 2830 553 2893 Manlii
570 2831 719 2912 precipue
739 2850 831 2911 opera
853 2826 958 2913 dejecti
978 2841 1055 2892 sunt.
1070 2828 1180 2893 'coac-

115 2916 151 2978 tis
164 2918 278 2980 deinde
294 2925 421 2999 propter
437 2914 556 2998 samem
570 2916 720 2980 manis
733 2917 916 2990 descendere,
933 2925 965 2978 ut
982 2915 1063 2978 mille
1081 2917 1182 2998 pondo

117 3003 180 3064 auri
194 3005 317 3078 dormit,
334 3012 363 3065 et
378 3003 431 3066 boc
440 3003 538 3086 pretio
543 3001 639 3082 finem
654 3003 812 3066 obsidionis
822 3013 969 3078 emerent‚·
993 3004 1103 3066 Furius
1119 3003 1182 3067 Ca·
1282 3053 1284 3056 -

12 3149 13 3152 ,
117 3089 224 3166 millus,
241 3090 371 3152 dictator
382 3089 487 3152 absens
496 3099 624 3166 creatus,
641 3093 718 3152 inter
730 3091 919 3170 pendendum
931 3111 1037 3152 oncrum
1050 3111 1116 3152 cum
1128 3111 1182 3154 eu·

117 3176 208 3239 ercitu
223 3177 316 3254 uenit,
332 3184 360 3238 et
377 3173 485 3239 Gallos
497 3185 562 3257 post
577 3186 691 3238 sentum
700 3197 826 3238 mercsem
838 3178 909 3239 urbe
919 3175 1046 3256 cmrrrlit,
1061 3176 1182 3240 cecidit·

116 3282 180 3344 que.
230 3259 353 3325 AEdes³
366 3261 426 3325 Aio
439 3261 701 3346 loqrrutiosacta,
718 3284 774 3347 quo
790 3262 850 3324 loco
862 3271 934 3324 ante
946 3263 1044 3324 urbem
1060 3273 1182 3344 coptam

117 3367 174 3411 oon
188 3349 300 3412 audita
316 3357 392 3426 erat,
407 3345 577 3411 adventare
591 3347 712 3412 Gallos.
759 3349 884 3412 Dictum
899 3359 950 3424 ert,
967 3351 1008 3410 ad
1027 3347 1113 3411 Veios
1124 3349 1182 3410 mi-

115 3436 271 3516 grandum
287 3455 350 3498 esse
369 3444 492 3516 propter
505 3435 654 3497 incensam
670 3444 701 3497 et
714 3433 845 3497 dirutam
860 3435 969 3497 urbem.
990 3436 1068 3516 quod
1087 3434 1182 3498 consi-

118 3517 186 3584 lium
203 3519 337 3586 Camillo
351 3530 474 3584 auctore
487 3521 648 3584 discussum
664 3530 717 3583 est.
736 3521 838 3584 Movit
859 3521 998 3602 populum
1016 3519 1093 3583 uocis
1107 3541 1181 3603 quo-

118 3625 172 3688 que
185 3629 273 3671 ornen
294 3629 334 3670 en
355 3608 525 3670 ceruturione
547 3609 673 3683 audita,
689 3608 751 3690 qui,
766 3628 858 3690 quum
879 3607 911 3670 in
925 3605 1032 3688 forum
1045 3607 1183 3687 venisset,

116 3693 325 3776 manipulariis
346 3693 407 3756 stris
429 3693 557 3770 diumat,
585 3693 641 3757 Sta
666 3692 772 3768 miles3
801 3692 854 3756 hic
889 3693 1010 3776 optime
1039 3690 1181 3756 manebi-

12 3775 14 3802 '
119 3797 196 3843 mus.
262 3813 264 3818 v

151 3947 292 3996 lPraditas
313 3949 414 3996 bostium
428 3951 505 4014 pillos]
535 3952 633 3998 Delu-ins
665 3963 733 3998 mam
745 3951 807 3998 hane
819 3953 984 3999 conditionem
996 3951 1087 4006 subire,
1098 3956 1144 3996 ut.
1158 3979 1184 3995 ..

118 4024 168 4059 ue
184 4015 210 4060 iu
230 4019 286 4060 ocio
307 4013 375 4060 libri·
393 4015 509 4074 reperim
531 4023 633 4064 tutatur
697 4015 777 4064 snio
788 4015 916 4080 Munatio]
934 4017 1032 4064 Liviani
1047 4015 1103 4061 libri
1118 4019 1184 4061 vete·

115 4075 216 4134 miror
242 4091 258 4123 a
282 4079 413 4138 magistris.
461 4081 548 4140 Itaque
575 4081 634 4142 legit
666 4095 704 4126 res
724 4082 845 4129 habebunt
866 4079 1012 4142 Alloquutio,
1033 4087 1094 4126 teste
1120 4079 1190 4138 sigo-

12 4127 14 4202 l
117 4141 366 4204 proditorumogr'rtro
375 4141 473 4190 turtum
477 4145 550 4206 filios.
667 4145 715 4191 nio.
752 4147 904 4193 destitutum
914 4155 951 4192 eut
960 4146 1019 4194 huic
1034 4157 1096 4192 nouo
1108 4143 1190 4191 nomi·

151 4204 165 4250 ²
181 4206 275 4254 Coactis
290 4237 355 4253 ω·
371 4205 484 4254 Romanis
494 4207 633 4264 descendere,
667 4209 692 4255 ni
704 4223 777 4258 suurn
799 4221 886 4258 nomen
905 4225 937 4257 ex
953 4227 974 4258 c.
988 4208 1027 4257 ⁵0.
1043 4206 1117 4270 hujus
1128 4207 1190 4255 libri.

121 4263 158 4330 ¹¹¹]
170 4269 245 4318 Recte
264 4271 360 4318 videtur
377 4272 514 4319 Gronovius
530 4269 634 4336 adjicere
667 4275 808 4324 vocaturn
829 4276 945 4322 Cicerone
968 4274 1032 4322 elim
1051 4273 1150 4333 loquens,
1174 4273 1192 4317 l.

12 4362 13 4375 r
122 4337 227 4382 voculam
249 4350 275 4382 eo
291 4343 349 4382 unte
373 4337 472 4383 verbum
496 4337 634 4388 immadem.
669 4339 702 4387 11.
713 4343 745 4388 de
756 4341 840 4388 Diria.
851 4353 874 4384 n.
887 4337 927 4384 69.

123 4393 156 4438 En
166 4399 295 4446 rmum
311 4404 347 4456 ul,
359 4401 424 4448 idem
439 4409 475 4448 eut
487 4416 523 4457 ne,
535 4403 634 4450 duris-i·

725 4491 748 4534 u
763 4479 782 4534 ‘2
