3008 4908
462 222 556 314 nro.
579 223 629 282 tv.
658 225 761 286 ese.
786 225 850 286 nx.
1121 229 1180 298 seo

100 385 301 472 principum
333 387 366 451 in
394 387 630 454 multitudinem
657 409 800 468 munere,
826 401 863 454 ut
890 401 963 456 tote
986 393 1217 457 mentionem.
1228 407 1255 454 c.
1266 405 1322 454 ste.

103 471 203 538 ullum
231 473 345 559 plebis
366 473 604 538 tribunorumue
624 473 807 540 decerneret
825 487 962 552 senetur,
977 477 1003 516 ⁴⁹
1013 492 1047 540 ut
1061 470 1216 563 rupen-A·
1228 470 1255 516 e„
1267 468 1323 518 ⁴⁰⁸·

106 559 196 624 dium
215 560 316 626 miles
329 560 373 624 de
387 559 514 643 publico
533 561 702 644 adriperet,
717 583 816 648 quum
839 578 914 628 unte
937 565 969 628 id
992 577 1116 650 tempus
1139 535 1317 646 demi?

110 667 168 711 soo
183 648 328 734 quisquc
343 646 468 711 functus
483 645 522 709 eb
538 667 667 710 munero
681 662 772 712 esset.
1184 664 1341 724 stipendium.

152 732 235 799 Lx.
260 732 355 798 Nibil
369 746 534 812 acceptum
551 755 699 818 umquem
716 733 841 818 aplebe
861 746 952 799 tento
971 735 1092 824 gaudio
1112 749 1178 801 tre·

113 819 207 884 ditur.
268 819 472 885 Concursum
498 820 604 906 itaque
629 818 669 884 nd
699 821 817 884 curium
848 843 927 898 esse,
953 837 1179 910 prensatasque

114 905 298 972 exeuntium
315 927 440 982 munus,
456 921 487 969 et
503 905 614 970 Patres
638 927 710 970 rere
730 906 922 989 adpellotos3
945 909 1090 974 effectum
1112 933 1179 977 esse

114 991 298 1068 fetentibus,
319 1005 355 1056 ut
378 1013 472 1055 nomo
494 1013 553 1076 pro
576 1007 639 1055 tum
661 993 812 1058 munifice
835 995 946 1078 patrie,
963 996 1065 1062 donec
1087 997 1178 1082 quid·

115 1101 211 1164 qoem
226 1080 346 1144 virium
367 1091 552 1164 superesset,
569 1079 694 1163 corpori
709 1092 766 1144 eut
791 1081 1009 1180 sanguinium
1024 1096 1176 1166 parceret.

114 1165 265 1243 ”Quum
284 1165 496 1230 commoditas
514 1167 650 1250 juvaret,
677 1187 741 1229 rem
770 1165 956 1231 familiarem
981 1169 1089 1232 saltem
1120 1169 1177 1236 ud·

114 1254 276 1340 quiescere
289 1273 330 1316 eo
344 1265 496 1336 temporo,
513 1272 577 1338 quo
595 1271 710 1336 corpus
723 1251 885 1316 addictum
902 1267 995 1339 etque
1009 1266 1175 1339 operatum

115 1338 302 1424 reipublicae
317 1351 415 1413 essen
437 1351 516 1414 tum,
534 1338 618 1424 quod
639 1337 724 1401 ultro
742 1337 800 1402 sibi
816 1338 955 1404 oblatum
971 1357 1059 1418 esset,
1075 1341 1100 1380 ⁵¹
1111 1361 1176 1406 non

114 1449 133 1491 u
153 1425 293 1491 tribunis
318 1423 419 1509 piebis
444 1443 494 1486 um
520 1446 592 1488 uum
619 1424 781 1510 agitatum,
802 1447 867 1488 non
890 1428 953 1488 suis
977 1428 1176 1493 sermonibus

114 1511 335 1601 efflagitetum,
351 1510 384 1574 id
407 1447 560 1574 efficieiat
586 1510 753 1594 multiplex
776 1511 927 1598 goudium
950 1512 1173 1579 ”cumulatio-

113 1619 245 1700 remque
266 1598 402 1686 grutium
428 1597 484 1660 rei.
505 1596 667 1660 ..Tribuni
692 1598 801 1680 plebis,
824 1601 1001 1662 communis
1025 1601 1171 1666 ordinum
1183 1611 1318 1667 triumuiri

113 1685 235 1751 laetitrre
258 1683 501 1770 concordiaeque
523 1680 580 1746 soli
602 1697 760 1768 expertes,
781 1705 910 1772 negare,
924 1685 1040 1750 ⁶‘Tum
1066 1689 1100 1752 id
1122 1684 1291 1752 munuum.

115 1782 182 1837 tum
194 1773 344 1838 Patribus
358 1771 500 1835 ruriuersie
520 1791 574 1833 nec
596 1789 770 1852 prosperum
781 1771 866 1855 fine,
884 1793 975 1856 qrtom
995 1774 1056 1855 ipsi
1072 1777 1172 1839 crede·
1181 1762 1246 1797 ‘¹¹¹⁰'

114 1869 193 1925 rent.
215 1857 368 1924 ooruilium
382 1857 478 1938 specie
490 1855 707 1938 pronomelius
714 1855 825 1937 firisre,
841 1879 932 1942 quum
945 1881 999 1923 usu
1014 1862 1175 1944 adpositu·

114 1965 192 2010 ntur.
241 1945 330 2010 Unde
342 1943 420 2007 enim
434 1963 502 2006 eunt
514 1943 668 2024 pecunioso
680 1941 785 2024 conjici
802 1965 898 2025 posse,
917 1947 977 2010 nisi
999 1948 1110 2012 tributo
1121 1969 1175 2032 po-

110 2032 185 2114 pulo
204 2030 344 2096 indicio?
368 2051 407 2093 en
427 2029 525 2094 otuu
538 2030 631 2114 igitur
644 2030 712 2094 utin
735 2029 867 2114 largitos.
890 2053 992 2116 neqrae,
1008 2035 1041 2096 id
1061 2036 1177 2100 etiamsi

114 2113 331 2198 missiserant,
346 2135 487 2196 parsuros
501 2136 559 2192 eor,
574 2113 754 2200 quidusjum
771 2119 893 2181 emente
907 2121 1056 2199 stipendio
1071 2133 1174 2198 essent,

112 2203 236 2269 meliore
254 2204 418 2268 conditiore
440 2203 516 2266 ulios
537 2201 677 2279 mititare,
698 2223 788 2286 quum
808 2203 869 2287 ipsi
889 2205 1086 2282 militassent5
1107 2205 1176 2272 “et

111 2291 232 2355 eosdem
253 2290 286 2353 in
306 2309 364 2352 suo
377 2284 677 2371 stipendiu‘inpeosos
686 2286 809 2368 sense,
825 2299 855 2352 et
868 2290 898 2353 in
913 2289 1041 2354 oliorum
1055 2292 1174 2372 soem

114 2376 181 2442 His
203 2376 336 2440 vocibus
361 2387 529 2441 moverunt
555 2389 677 2459 purtem
714 2374 823 2458 plebis
854 2390 1025 2460 postremo,
1052 2379 1175 2442 indicto
1223 2383 1229 2392 '

105 2461 330 2550 jumentum,
346 2459 514 2525 edixerunt
534 2460 629 2524 etism
651 2459 781 2538 tribuni,
804 2461 923 2524 auxilio
945 2485 976 2524 se
998 2463 1132 2539 tuturos,
1149 2466 1313 2528 sisebutum
1351 2533 1355 2542 ¹

111 2550 184 2637 quis
207 2550 240 2612 in
264 2547 404 2612 militare
417 2543 608 2632 stipendium
623 2545 776 2610 tributum
792 2567 857 2611 non
872 2547 1065 2614 eontulisset.
1112 2543 1308 2614 Pe·¹'¹‘³³⁰²¹¹¹¹‘·

110 2649 174 2702 tres
198 2635 282 2700 bene
304 2647 441 2734 creptum
467 2655 535 2698 rem
561 2647 794 2718 perseveranter
820 2635 917 2697 tueri:
942 2635 1084 2700 conferre
1115 2638 1172 2722 ipsi
1181 2607 1265 2718 {iffi}
1275 2619 1335 2732 {if

110 2723 227 2808 primi:
252 2734 293 2800 ct,
310 2741 385 2808 qum
399 2719 541 2784 nondum
558 2732 724 2808 argeutum
740 2722 898 2805 signatum
916 2733 992 2794 eret,
1009 2721 1034 2761 ⁵⁵
1047 2745 1089 2786 ses
1100 2737 1224 2811 gre-mr.

110 2831 150 2874 ve
171 2808 322 2895 plaustris
344 2807 472 2893 quidum
493 2808 547 2869 sd·
561 2806 709 2872 serarium
730 2806 950 2885 convehentes,
965 2807 1173 2894 ⁵⁶speciosum

110 2897 208 2961 etism
233 2893 445 2960 conlationem
468 2891 634 2958 feriebant.
678 2891 790 2968 Quum
816 2907 942 2959 senatus
963 2915 1088 2960 summe
1112 2897 1177 2962 fide

143 3099 177 3146 49
196 3097 230 3145 Ut
240 3095 380 3158 stipendium
397 3095 463 3143 mdes
494 3095 542 3142 llic
558 3095 629 3141 milet
661 3101 710 3140 tres
730 3109 744 3142 e
769 3098 857 3143 nostris
879 3096 1042 3157 antiquissimi
1057 3099 1176 3149 omittunt

110 3162 374 3224 nmiturproperlits.
407 3161 461 3222 un
472 3161 491 3206 ti
502 3160 567 3207 erum
579 3173 628 3206 uon
661 3160 772 3207 ultimum
785 3173 876 3208 rocem.

110 3229 264 3290 &gnatum
274 3233 313 3274 est
330 3226 490 3288 stipendium,
500 3225 545 3272 nisi
557 3237 628 3284 quur·
692 3223 724 3270 53
743 3224 802 3272 Tam
821 3226 846 3272 ui
862 3227 942 3272 letum
953 3225 1066 3274 Patribus
1082 3228 1175 3274 uuiver-

111 3299 137 3339 to
148 3303 203 3353 post
215 3293 281 3340 hunc
293 3305 364 3337 anno.
383 3291 436 3337 vid.
448 3289 465 3338 l.
477 3288 509 3334 V.
522 3303 542 3335 c.
555 3289 577 3335 i.
659 3283 703 3350 sir]
720 3288 901 3349 Superi-scena
919 3291 957 3336 bic
969 3297 1005 3336 est
1024 3305 1070 3337 vox
1082 3293 1176 3338 siniser-

143 3350 527 3416 wommmmtuujuvam]
544 3353 627 3408 Quum
659 3354 698 3398 sir·
729 3353 817 3401 Melius
829 3356 930 3401 fortusse
940 3355 1176 3415 trmsserrcturpost

109 3423 154 3469 uh
178 3420 342 3469 mmmcditu
369 3420 476 3468 multum
508 3416 626 3478 placebat.
658 3417 801 3476 purtlurlem
823 3434 870 3466 erec.
907 3418 966 3465 Tum
985 3419 1010 3464 ni
1026 3419 1105 3464 iurum
1125 3419 1175 3466 Po·

108 3487 176 3548 quod
197 3499 237 3533 res
259 3484 387 3532 ftmssiuris
408 3483 627 3544 acquiesceret...
658 3481 740 3536 triow,
763 3497 804 3530 nee
829 3485 955 3542 uniuersis,
977 3485 993 3531 l.
1010 3495 1031 3528 e.
1054 3483 1175 3532 universe

109 3556 165 3598 tum
185 3565 214 3598 eo
232 3549 381 3595 struebatur
391 3547 529 3608 multiplex,
541 3549 565 3594 id
580 3555 627 3610 est,
658 3547 962 3610 civitatiprosperumsore.

108 3617 190 3662 multo
208 3609 290 3676 mujus
307 3613 434 3672 gaudium,
452 3613 517 3674 quud
536 3625 626 3657 munus
691 3607 1174 3675 54'Eleusden11Etsimulinsussti·
1209 3647 1211 3652 .

109 3679 156 3727 boc
177 3681 244 3726 ulrro
274 3677 321 3724 ribi
349 3677 457 3724 oblatum
480 3682 549 3724 esset.
588 3675 626 3722 De
658 3677 746 3735 pennis
765 3677 885 3738 imperim
905 3677 997 3726 iecisse.
1018 3691 1094 3736 quum
1113 3675 1174 3724 nihil

109 3744 236 3804 ponticulis
246 3757 319 3805 quum
334 3747 386 3788 mm
403 3741 451 3788 sid.
469 3749 519 3788 not.
536 3739 576 3788 tu.
594 3742 625 3788 od
657 3754 671 3786 e
694 3741 790 3800 publico
814 3741 946 3788 militantes
967 3743 1117 3802 acceperint3
1142 3743 1174 3786 si-

111 3821 132 3855 c.
145 3807 185 3856 il.
197 3807 213 3854 l.
226 3809 247 3855 1.
658 3805 709 3851 mul
735 3805 760 3850 in
783 3807 885 3850 eliorum
909 3807 1028 3864 stipendis
1053 3804 1175 3866 impensus

142 3873 172 3920 tt
192 3871 252 3920 Nou
271 3887 286 3918 a
309 3869 410 3918 iniretis
432 3869 504 3931 piebis
524 3883 624 3930 sappum
659 3871 746 3921 fucere.
779 3883 856 3929 quum
891 3871 1009 3916 tributum
1041 3872 1175 3926 coniurant,

109 3938 239 4002 Μ]
265 3937 362 3985 mensio
385 3931 439 3996 jum
460 3936 542 3996 ulique
563 3935 627 3981 iectu
660 3935 724 3982 unde
735 3933 783 3980 illis
794 3935 941 3994 stipendium
954 3935 1110 3993 persolvatur.

110 4011 162 4049 erut
178 4003 294 4065 stipendil
313 4001 434 4046 militibus
456 3999 633 4048 constituendi.v
691 3997 723 4044 55
738 3997 879 4060 AEsgruve]
892 3999 1176 4058 vinsontionensi

24 4072 27 4108 't
111 4063 168 4114 viu.
180 4065 338 4128 rupmessd.
357 4065 405 4110 Sed
415 4063 624 4112 leviterscsemel
659 4079 681 4111 c.
691 4063 731 4111 tl.

112 4128 356 4194 uotumjrcutrrer
367 4129 392 4174 in
403 4129 550 4176 oblivionem
561 4129 625 4174 ubie-
691 4127 723 4174 56
740 4125 870 4187 Speciosam
889 4127 959 4172 elium
976 4125 1117 4175 mintionem
1132 4128 1175 4192 su·

113 4201 156 4242 m,
657 4191 756 4254 τίώαηί]
776 4191 919 4237 Efficiebunt
938 4197 965 4236 ut
984 4191 1079 4239 collatio
1090 4195 1175 4241 tributi

143 4261 173 4310 d!
196 4260 423 4318 (lemurumque
446 4259 553 4318 gretiam
579 4251 626 4320 rel]
658 4257 731 4303 etium
750 4256 864 4316 speciem.
883 4253 908 4300 id
927 4261 974 4313 cst,
987 4259 1176 4320 pompam,dtg.

113 4321 323 4378 Qum-amodum
343 4322 442 4384 plurimi
461 4329 486 4368 et
507 4321 589 4384 scripti
600 4331 625 4368 et
658 4322 760 4368 niestein
780 4319 887 4380 sliquem
908 4321 1015 4375 heberet,
1038 4335 1094 4381 que
1118 4335 1176 4371 con-

113 4395 167 4438 vett.
177 4392 235 4442 editi
252 4405 269 4438 ι
286 4387 413 4438 Grounrio
429 4387 542 4446 inspecti,
553 4387 586 4433 iu
601 4394 626 4432 et
657 4391 761 4433 verteret
772 4385 855 4432 oculor
867 4383 940 4445 vulgi.

149 4473 220 4522 ros.
237 4476 263 4522 ι.
649 4453 661 4486 “
710 4467 732 4510 U
