<?xml version="1.0" encoding="UTF-8"?>
<!DOCTYPE html PUBLIC "-//W3C//DTD XHTML 1.0 Transitional//EN"
    "http://www.w3.org/TR/xhtml1/DTD/xhtml1-transitional.dtd">
<html xmlns="http://www.w3.org/1999/xhtml" xml:lang="en" lang="en">
 <head>
  <title>
</title>
<meta http-equiv="Content-Type" content="text/html;charset=utf-8" />
  <meta name='ocr-system' content='tesseract 3.04.00' />
  <meta name='ocr-capabilities' content='ocr_page ocr_carea ocr_par ocr_line ocrx_word'/>
</head>
<body>
  <div class='ocr_page' id='page_1' title='image "./tliviipatavinih02crevgoog_0499.png"; bbox 0 0 3056 4928; ppageno 0'>
   <div class='ocr_carea' id='block_1_1' title="bbox 341 157 1060 262">
    <p class='ocr_par' dir='ltr' id='par_1_1' title="bbox 341 157 1060 262">
     <span class='ocr_line' id='line_1_1' title="bbox 341 157 1060 262; baseline 0.008 -14"><span class='ocrx_word' id='word_1_1' title='bbox 341 195 398 262; x_wconf 74' lang='grc' dir='ltr'>ιρι</span> <span class='ocrx_word' id='word_1_2' title='bbox 455 157 483 232; x_wconf 73' lang='lat'>.‘</span> <span class='ocrx_word' id='word_1_3' title='bbox 556 209 560 217; x_wconf 77' lang='lat'>,</span> <span class='ocrx_word' id='word_1_4' title='bbox 735 173 1060 254; x_wconf 68' lang='lat' dir='ltr'>u‘rrtarvrt.</span> 
     </span>
    </p>
   </div>
   <div class='ocr_carea' id='block_1_2' title="bbox 174 345 1416 3278">
    <p class='ocr_par' dir='ltr' id='par_1_2' title="bbox 174 345 1395 692">
     <span class='ocr_line' id='line_1_2' title="bbox 176 345 1394 434; baseline -0.007 -16"><span class='ocrx_word' id='word_1_5' title='bbox 176 371 205 421; x_wconf 85' lang='grc' dir='ltr'>ιι.</span> <span class='ocrx_word' id='word_1_6' title='bbox 214 373 243 420; x_wconf 86' lang='lat' dir='ltr'>c.</span> <span class='ocrx_word' id='word_1_7' title='bbox 255 371 310 426; x_wconf 81' lang='lat' dir='ltr'>tsi.</span> <span class='ocrx_word' id='word_1_8' title='bbox 336 349 535 413; x_wconf 82' lang='lat' dir='ltr'>Tusculanos</span> <span class='ocrx_word' id='word_1_9' title='bbox 545 345 864 424; x_wconf 73' lang='lat' dir='ltr'>animadverteretur3</span> <span class='ocrx_word' id='word_1_10' title='bbox 888 369 1022 434; x_wconf 89' lang='lat' dir='ltr'>quorum</span> <span class='ocrx_word' id='word_1_11' title='bbox 1038 369 1148 412; x_wconf 88' lang='lat' dir='ltr'>eorum</span> <span class='ocrx_word' id='word_1_12' title='bbox 1164 367 1226 432; x_wconf 90' lang='lat' dir='ltr'>ope</span> <span class='ocrx_word' id='word_1_13' title='bbox 1241 367 1278 411; x_wconf 84' lang='lat' dir='ltr'>ac</span> <span class='ocrx_word' id='word_1_14' title='bbox 1292 347 1394 411; x_wconf 89' lang='lat' dir='ltr'>consi·</span> 
     </span>
     <span class='ocr_line' id='line_1_3' title="bbox 174 432 1394 520; baseline 0 -22"><span class='ocrx_word' id='word_1_15' title='bbox 174 438 311 487; x_wconf 59' lang='grc' dir='ltr'>ΜΗ·</span> <span class='ocrx_word' id='word_1_16' title='bbox 336 435 380 500; x_wconf 92' lang='lat' dir='ltr'>lio</span> <span class='ocrx_word' id='word_1_17' title='bbox 396 434 548 499; x_wconf 85' lang='lat' dir='ltr'>Veliterni</span> <span class='ocrx_word' id='word_1_18' title='bbox 565 433 825 520; x_wconf 82' lang='lat' dir='ltr'>Privernatesque</span> <span class='ocrx_word' id='word_1_19' title='bbox 846 434 966 519; x_wconf 90' lang='lat' dir='ltr'>populo</span> <span class='ocrx_word' id='word_1_20' title='bbox 994 435 1139 500; x_wconf 85' lang='lat' dir='ltr'>Romano</span> <span class='ocrx_word' id='word_1_21' title='bbox 1165 432 1282 498; x_wconf 90' lang='lat' dir='ltr'>bellum</span> <span class='ocrx_word' id='word_1_22' title='bbox 1306 432 1394 498; x_wconf 83' lang='lat' dir='ltr'>fecis-</span> 
     </span>
     <span class='ocr_line' id='line_1_4' title="bbox 274 518 1394 608; baseline -0.005 -21"><span class='ocrx_word' id='word_1_23' title='bbox 274 579 279 588; x_wconf 87' lang='lat'>.</span> <span class='ocrx_word' id='word_1_24' title='bbox 337 535 417 587; x_wconf 88' lang='lat' dir='ltr'>sent.</span> <span class='ocrx_word' id='word_1_25' title='bbox 462 519 605 604; x_wconf 87' lang='lat' dir='ltr'>Populus</span> <span class='ocrx_word' id='word_1_26' title='bbox 621 518 822 584; x_wconf 88' lang='lat' dir='ltr'>Tusculanus</span> <span class='ocrx_word' id='word_1_27' title='bbox 843 540 916 584; x_wconf 91' lang='lat' dir='ltr'>cum</span> <span class='ocrx_word' id='word_1_28' title='bbox 940 520 1129 608; x_wconf 87' lang='lat' dir='ltr'>conjugibus</span> <span class='ocrx_word' id='word_1_29' title='bbox 1149 543 1186 584; x_wconf 89' lang='lat' dir='ltr'>so</span> <span class='ocrx_word' id='word_1_30' title='bbox 1207 519 1313 584; x_wconf 89' lang='lat' dir='ltr'>liberis</span> <span class='ocrx_word' id='word_1_31' title='bbox 1330 520 1394 582; x_wconf 87' lang='lat' dir='ltr'>Ro-</span> 
     </span>
     <span class='ocr_line' id='line_1_5' title="bbox 336 605 1395 692; baseline -0.004 -21"><span class='ocrx_word' id='word_1_32' title='bbox 336 629 421 672; x_wconf 91' lang='lat' dir='ltr'>mam</span> <span class='ocrx_word' id='word_1_33' title='bbox 439 605 533 670; x_wconf 85' lang='lat' dir='ltr'>venit.</span> <span class='ocrx_word' id='word_1_34' title='bbox 548 629 585 669; x_wconf 88' lang='lat' dir='ltr'>eo</span> <span class='ocrx_word' id='word_1_35' title='bbox 601 605 781 682; x_wconf 86' lang='lat' dir='ltr'>multitudo,</span> <span class='ocrx_word' id='word_1_36' title='bbox 800 619 884 670; x_wconf 85' lang='lat' dir='ltr'>reate</span> <span class='ocrx_word' id='word_1_37' title='bbox 906 619 1037 683; x_wconf 85' lang='lat' dir='ltr'>mutata,</span> <span class='ocrx_word' id='word_1_38' title='bbox 1053 619 1086 671; x_wconf 90' lang='lat' dir='ltr'>et</span> <span class='ocrx_word' id='word_1_39' title='bbox 1100 606 1240 692; x_wconf 74' lang='lat' dir='ltr'>”specie</span> <span class='ocrx_word' id='word_1_40' title='bbox 1257 625 1395 682; x_wconf 83' lang='lat' dir='ltr'>reorum,</span> 
     </span>
    </p>

    <p class='ocr_par' dir='ltr' id='par_1_3' title="bbox 337 691 1416 1052">
     <span class='ocr_line' id='line_1_6' title="bbox 338 691 1395 779; baseline -0.002 -23"><span class='ocrx_word' id='word_1_41' title='bbox 338 694 438 758; x_wconf 87' lang='lat' dir='ltr'>tribus</span> <span class='ocrx_word' id='word_1_42' title='bbox 463 691 585 767; x_wconf 84' lang='lat' dir='ltr'>circuit,</span> <span class='ocrx_word' id='word_1_43' title='bbox 609 692 743 779; x_wconf 82' lang='lat' dir='ltr'>genibus</span> <span class='ocrx_word' id='word_1_44' title='bbox 765 715 798 756; x_wconf 90' lang='lat' dir='ltr'>se</span> <span class='ocrx_word' id='word_1_45' title='bbox 820 692 962 757; x_wconf 88' lang='lat' dir='ltr'>omnium</span> <span class='ocrx_word' id='word_1_46' title='bbox 985 691 1163 756; x_wconf 82' lang='lat' dir='ltr'>advolvens</span> <span class='ocrx_word' id='word_1_47' title='bbox 1192 691 1267 777; x_wconf 89' lang='lat' dir='ltr'>plus</span> <span class='ocrx_word' id='word_1_48' title='bbox 1291 693 1395 777; x_wconf 88' lang='lat' dir='ltr'>itaque</span> 
     </span>
     <span class='ocr_line' id='line_1_7' title="bbox 338 775 1394 864; baseline -0.002 -22"><span class='ocrx_word' id='word_1_49' title='bbox 338 775 553 844; x_wconf 74' lang='lat' dir='ltr'>misericordia</span> <span class='ocrx_word' id='word_1_50' title='bbox 564 777 604 842; x_wconf 83' lang='lat' dir='ltr'>ad</span> <span class='ocrx_word' id='word_1_51' title='bbox 620 799 725 862; x_wconf 82' lang='lat' dir='ltr'>poenoe</span> <span class='ocrx_word' id='word_1_52' title='bbox 736 778 857 842; x_wconf 82' lang='lat' dir='ltr'>veniam</span> <span class='ocrx_word' id='word_1_53' title='bbox 875 779 1107 862; x_wconf 70' lang='lat' dir='ltr'>inpetrandam,</span> <span class='ocrx_word' id='word_1_54' title='bbox 1122 799 1216 864; x_wconf 90' lang='lat' dir='ltr'>quam</span> <span class='ocrx_word' id='word_1_55' title='bbox 1233 799 1343 842; x_wconf 86' lang='lat' dir='ltr'>caussa</span> <span class='ocrx_word' id='word_1_56' title='bbox 1354 775 1394 840; x_wconf 86' lang='lat' dir='ltr'>ad</span> 
     </span>
     <span class='ocr_line' id='line_1_8' title="bbox 337 862 1416 951; baseline -0.003 -21"><span class='ocrx_word' id='word_1_57' title='bbox 337 867 455 930; x_wconf 88' lang='lat' dir='ltr'>crimen</span> <span class='ocrx_word' id='word_1_58' title='bbox 472 863 675 951; x_wconf 86' lang='lat' dir='ltr'>purgandum</span> <span class='ocrx_word' id='word_1_59' title='bbox 690 862 800 929; x_wconf 87' lang='lat' dir='ltr'>valuit.</span> <span class='ocrx_word' id='word_1_60' title='bbox 843 865 959 930; x_wconf 84' lang='lat' dir='ltr'>Tribus</span> <span class='ocrx_word' id='word_1_61' title='bbox 979 887 1098 944; x_wconf 87' lang='lat' dir='ltr'>omnes,</span> <span class='ocrx_word' id='word_1_62' title='bbox 1115 877 1231 950; x_wconf 79' lang='lat' dir='ltr'>praeter</span> <span class='ocrx_word' id='word_1_63' title='bbox 1250 862 1392 939; x_wconf 83' lang='lat' dir='ltr'>Polliam,</span> <span class='ocrx_word' id='word_1_64' title='bbox 1412 885 1416 896; x_wconf 91' lang='lat'><strong>·</strong></span> 
     </span>
     <span class='ocr_line' id='line_1_9' title="bbox 338 948 1395 1052; baseline -0.004 -36"><span class='ocrx_word' id='word_1_65' title='bbox 338 952 544 1036; x_wconf 73' lang='lat' dir='ltr'>antiquarunt</span> <span class='ocrx_word' id='word_1_66' title='bbox 561 948 673 1052; x_wconf 87' lang='lat' dir='ltr'>legem.</span> <span class='ocrx_word' id='word_1_67' title='bbox 717 949 830 1014; x_wconf 86' lang='lat' dir='ltr'>Polliae</span> <span class='ocrx_word' id='word_1_68' title='bbox 845 952 998 1015; x_wconf 86' lang='lat' dir='ltr'>sententia</span> <span class='ocrx_word' id='word_1_69' title='bbox 1013 949 1083 1026; x_wconf 89' lang='lat' dir='ltr'>fuit,</span> <span class='ocrx_word' id='word_1_70' title='bbox 1096 951 1230 1036; x_wconf 90' lang='lat' dir='ltr'>puberes</span> <span class='ocrx_word' id='word_1_71' title='bbox 1251 949 1395 1013; x_wconf 87' lang='lat' dir='ltr'>verbera·</span> 
     </span>
    </p>

    <p class='ocr_par' dir='ltr' id='par_1_4' title="bbox 337 1035 1394 1294">
     <span class='ocr_line' id='line_1_10' title="bbox 337 1035 1394 1124; baseline -0.004 -22"><span class='ocrx_word' id='word_1_72' title='bbox 337 1049 387 1102; x_wconf 84' lang='lat' dir='ltr'>tos</span> <span class='ocrx_word' id='word_1_73' title='bbox 401 1039 518 1114; x_wconf 67' lang='lat' dir='ltr'>necui,</span> <span class='ocrx_word' id='word_1_74' title='bbox 534 1057 683 1123; x_wconf 72' lang='lat' dir='ltr'>conjuges</span> <span class='ocrx_word' id='word_1_75' title='bbox 698 1035 877 1122; x_wconf 87' lang='lat' dir='ltr'>liberosque</span> <span class='ocrx_word' id='word_1_76' title='bbox 890 1037 949 1100; x_wconf 90' lang='lat' dir='ltr'>sub</span> <span class='ocrx_word' id='word_1_77' title='bbox 964 1059 1083 1101; x_wconf 89' lang='lat' dir='ltr'>corona</span> <span class='ocrx_word' id='word_1_78' title='bbox 1098 1039 1167 1124; x_wconf 93' lang='lat' dir='ltr'>lege</span> <span class='ocrx_word' id='word_1_79' title='bbox 1182 1035 1253 1100; x_wconf 82' lang='lat' dir='ltr'>belli</span> <span class='ocrx_word' id='word_1_80' title='bbox 1272 1037 1394 1100; x_wconf 81' lang='lat' dir='ltr'>venire:</span> 
     </span>
     <span class='ocr_line' id='line_1_11' title="bbox 337 1121 1394 1208; baseline -0.005 -20"><span class='ocrx_word' id='word_1_81' title='bbox 337 1123 587 1208; x_wconf 81' lang='lat' dir='ltr'>memoriamque</span> <span class='ocrx_word' id='word_1_82' title='bbox 612 1123 678 1208; x_wconf 83' lang='lat' dir='ltr'>ejus</span> <span class='ocrx_word' id='word_1_83' title='bbox 704 1125 761 1186; x_wconf 84' lang='lat' dir='ltr'>irre</span> <span class='ocrx_word' id='word_1_84' title='bbox 782 1123 973 1187; x_wconf 79' lang='lat' dir='ltr'>Tusculanis</span> <span class='ocrx_word' id='word_1_85' title='bbox 999 1123 1032 1186; x_wconf 86' lang='lat' dir='ltr'>in</span> <span class='ocrx_word' id='word_1_86' title='bbox 1054 1143 1163 1207; x_wconf 83' lang='lat' dir='ltr'>poenae</span> <span class='ocrx_word' id='word_1_87' title='bbox 1189 1137 1252 1187; x_wconf 83' lang='lat' dir='ltr'>tam</span> <span class='ocrx_word' id='word_1_88' title='bbox 1280 1121 1394 1185; x_wconf 84' lang='lat' dir='ltr'>atrocis</span> 
     </span>
     <span class='ocr_line' id='line_1_12' title="bbox 338 1207 1394 1294; baseline -0.005 -20"><span class='ocrx_word' id='word_1_89' title='bbox 338 1224 483 1276; x_wconf 78' lang='lat' dir='ltr'>auctores</span> <span class='ocrx_word' id='word_1_90' title='bbox 498 1207 646 1272; x_wconf 86' lang='lat' dir='ltr'>mansisse</span> <span class='ocrx_word' id='word_1_91' title='bbox 660 1207 722 1272; x_wconf 75' lang='lat' dir='ltr'>adl</span> <span class='ocrx_word' id='word_1_92' title='bbox 737 1221 861 1291; x_wconf 88' lang='lat' dir='ltr'>patrum</span> <span class='ocrx_word' id='word_1_93' title='bbox 888 1219 1014 1272; x_wconf 88' lang='lat' dir='ltr'>aetatem</span> <span class='ocrx_word' id='word_1_94' title='bbox 1038 1221 1171 1283; x_wconf 88' lang='lat' dir='ltr'>constat,</span> <span class='ocrx_word' id='word_1_95' title='bbox 1198 1229 1258 1271; x_wconf 89' lang='lat' dir='ltr'>nec</span> <span class='ocrx_word' id='word_1_96' title='bbox 1284 1229 1394 1294; x_wconf 90' lang='lat' dir='ltr'>quem·</span> 
     </span>
    </p>

    <p class='ocr_par' dir='ltr' id='par_1_5' title="bbox 338 1292 1395 1446">
     <span class='ocr_line' id='line_1_13' title="bbox 338 1292 1395 1446; baseline -0.003 -86"><span class='ocrx_word' id='word_1_97' title='bbox 338 1313 434 1446; x_wconf 70' lang='lat' dir='ltr'>qulam</span> <span class='ocrx_word' id='word_1_98' title='bbox 461 1294 560 1360; x_wconf 83' lang='lat' dir='ltr'>ferme</span> <span class='ocrx_word' id='word_1_99' title='bbox 578 1315 618 1358; x_wconf 84' lang='lat' dir='ltr'>ex</span> <span class='ocrx_word' id='word_1_100' title='bbox 642 1293 743 1359; x_wconf 86' lang='lat' dir='ltr'>Pollis</span> <span class='ocrx_word' id='word_1_101' title='bbox 763 1295 847 1360; x_wconf 87' lang='lat' dir='ltr'>tribu</span> <span class='ocrx_word' id='word_1_102' title='bbox 870 1293 1073 1360; x_wconf 80' lang='lat' dir='ltr'>candidatam</span> <span class='ocrx_word' id='word_1_103' title='bbox 1094 1293 1292 1380; x_wconf 71' lang='lat' dir='ltr'>⁹⁸Papiriam</span> <span class='ocrx_word' id='word_1_104' title='bbox 1314 1292 1395 1357; x_wconf 83' lang='lat' dir='ltr'>ferre</span> 
     </span>
    </p>

    <p class='ocr_par' dir='ltr' id='par_1_6' title="bbox 337 1383 479 1446">
     <span class='ocr_line' id='line_1_14' title="bbox 337 1383 479 1446; baseline 0.007 -1"><span class='ocrx_word' id='word_1_105' title='bbox 337 1403 375 1446; x_wconf 91' lang='lat' dir='ltr'>so</span> <span class='ocrx_word' id='word_1_106' title='bbox 388 1383 479 1446; x_wconf 91' lang='lat' dir='ltr'>itum.</span> 
     </span>
    </p>

    <p class='ocr_par' dir='ltr' id='par_1_7' title="bbox 177 1465 1395 2069">
     <span class='ocr_line' id='line_1_15' title="bbox 178 1465 1393 1554; baseline -0.007 -18"><span class='ocrx_word' id='word_1_107' title='bbox 178 1489 208 1535; x_wconf 83' lang='lat' dir='ltr'>tt.</span> <span class='ocrx_word' id='word_1_108' title='bbox 221 1488 248 1535; x_wconf 91' lang='lat' dir='ltr'>c.</span> <span class='ocrx_word' id='word_1_109' title='bbox 257 1487 313 1536; x_wconf 70' lang='lat' dir='ltr'>aaa.</span> <span class='ocrx_word' id='word_1_110' title='bbox 383 1465 588 1533; x_wconf 81' lang='lat' dir='ltr'>XXXVIII.</span> <span class='ocrx_word' id='word_1_111' title='bbox 614 1466 792 1554; x_wconf 80' lang='lat' dir='ltr'>Insequenti</span> <span class='ocrx_word' id='word_1_112' title='bbox 808 1487 903 1544; x_wconf 87' lang='lat' dir='ltr'>anno,</span> <span class='ocrx_word' id='word_1_113' title='bbox 921 1467 964 1544; x_wconf 89' lang='lat' dir='ltr'>Q.</span> <span class='ocrx_word' id='word_1_114' title='bbox 978 1469 1088 1545; x_wconf 85' lang='lat' dir='ltr'>Fabio,</span> <span class='ocrx_word' id='word_1_115' title='bbox 1103 1469 1130 1510; x_wconf 81' lang='lat'>⁹⁴</span> <span class='ocrx_word' id='word_1_116' title='bbox 1143 1470 1176 1532; x_wconf 68' lang='lat' dir='ltr'>t.</span> <span class='ocrx_word' id='word_1_117' title='bbox 1190 1467 1304 1532; x_wconf 82' lang='lat' dir='ltr'>Fulvio</span> <span class='ocrx_word' id='word_1_118' title='bbox 1319 1487 1393 1529; x_wconf 91' lang='lat' dir='ltr'>con·</span> 
     </span>
     <span class='ocr_line' id='line_1_16' title="bbox 178 1552 1394 1664; baseline -0.002 -46"><span class='ocrx_word' id='word_1_119' title='bbox 178 1557 209 1602; x_wconf 55' lang='lat' dir='ltr'>b</span> <span class='ocrx_word' id='word_1_120' title='bbox 220 1553 314 1664; x_wconf 40' lang='lat' dir='ltr'>fvi-ff·</span> <span class='ocrx_word' id='word_1_121' title='bbox 338 1553 470 1632; x_wconf 85' lang='lat' dir='ltr'>solibus,</span> <span class='ocrx_word' id='word_1_122' title='bbox 487 1558 528 1620; x_wconf 87' lang='lat' dir='ltr'>A.</span> <span class='ocrx_word' id='word_1_123' title='bbox 542 1554 709 1620; x_wconf 87' lang='lat' dir='ltr'>Cornelius</span> <span class='ocrx_word' id='word_1_124' title='bbox 724 1554 845 1618; x_wconf 83' lang='lat' dir='ltr'>Arvina</span> <span class='ocrx_word' id='word_1_125' title='bbox 855 1554 993 1618; x_wconf 87' lang='lat' dir='ltr'>dictator</span> <span class='ocrx_word' id='word_1_126' title='bbox 1007 1571 1039 1620; x_wconf 86' lang='lat' dir='ltr'>et</span> <span class='ocrx_word' id='word_1_127' title='bbox 1056 1555 1104 1620; x_wconf 93' lang='lat' dir='ltr'>M.</span> <span class='ocrx_word' id='word_1_128' title='bbox 1122 1553 1239 1620; x_wconf 84' lang='lat' dir='ltr'>Fabius</span> <span class='ocrx_word' id='word_1_129' title='bbox 1255 1552 1394 1617; x_wconf 81' lang='lat' dir='ltr'>Ambus·</span> 
     </span>
     <span class='ocr_line' id='line_1_17' title="bbox 177 1617 1394 1730; baseline -0.003 -24"><span class='ocrx_word' id='word_1_130' title='bbox 177 1617 306 1730; x_wconf 51' lang='lat' dir='ltr'>fffflvqg</span> <span class='ocrx_word' id='word_1_131' title='bbox 339 1653 390 1706; x_wconf 91' lang='lat' dir='ltr'>tus</span> <span class='ocrx_word' id='word_1_132' title='bbox 406 1642 554 1728; x_wconf 89' lang='lat' dir='ltr'>magister</span> <span class='ocrx_word' id='word_1_133' title='bbox 567 1641 720 1726; x_wconf 86' lang='lat' dir='ltr'>equitum,</span> <span class='ocrx_word' id='word_1_134' title='bbox 741 1653 826 1703; x_wconf 89' lang='lat' dir='ltr'>metu</span> <span class='ocrx_word' id='word_1_135' title='bbox 848 1641 1001 1724; x_wconf 85' lang='lat' dir='ltr'>gravioris</span> <span class='ocrx_word' id='word_1_136' title='bbox 1016 1643 1047 1704; x_wconf 91' lang='lat' dir='ltr'>in</span> <span class='ocrx_word' id='word_1_137' title='bbox 1065 1643 1196 1706; x_wconf 88' lang='lat' dir='ltr'>Sanmio</span> <span class='ocrx_word' id='word_1_138' title='bbox 1215 1639 1288 1704; x_wconf 89' lang='lat' dir='ltr'>belli</span> <span class='ocrx_word' id='word_1_139' title='bbox 1305 1645 1394 1724; x_wconf 88' lang='lat' dir='ltr'>(eon-</span> 
     </span>
     <span class='ocr_line' id='line_1_18' title="bbox 178 1725 1395 1812; baseline -0.007 -16"><span class='ocrx_word' id='word_1_140' title='bbox 178 1747 245 1796; x_wconf 80' lang='lat' dir='ltr'>coss</span> <span class='ocrx_word' id='word_1_141' title='bbox 315 1747 319 1758; x_wconf 83' lang='grc'><strong>’</strong></span> <span class='ocrx_word' id='word_1_142' title='bbox 340 1727 435 1792; x_wconf 85' lang='lat' dir='ltr'>ducta</span> <span class='ocrx_word' id='word_1_143' title='bbox 448 1727 533 1791; x_wconf 90' lang='lat' dir='ltr'>enim</span> <span class='ocrx_word' id='word_1_144' title='bbox 558 1727 660 1809; x_wconf 88' lang='lat' dir='ltr'>pretio</span> <span class='ocrx_word' id='word_1_145' title='bbox 674 1749 694 1790; x_wconf 97' lang='lat' dir='ltr'>a</span> <span class='ocrx_word' id='word_1_146' title='bbox 707 1725 848 1790; x_wconf 88' lang='lat' dir='ltr'>finitimis</span> <span class='ocrx_word' id='word_1_147' title='bbox 864 1727 1013 1812; x_wconf 89' lang='lat' dir='ltr'>juventus</span> <span class='ocrx_word' id='word_1_148' title='bbox 1034 1727 1211 1806; x_wconf 79' lang='lat' dir='ltr'>dicebatur)</span> <span class='ocrx_word' id='word_1_149' title='bbox 1226 1725 1395 1790; x_wconf 86' lang='lat' dir='ltr'>intentiore</span> 
     </span>
     <span class='ocr_line' id='line_1_19' title="bbox 178 1810 1395 1924; baseline -0.002 -46"><span class='ocrx_word' id='word_1_150' title='bbox 178 1811 311 1924; x_wconf 49' lang='lat' dir='ltr'>ffcgffi·</span> <span class='ocrx_word' id='word_1_151' title='bbox 340 1813 463 1878; x_wconf 89' lang='lat' dir='ltr'>delectu</span> <span class='ocrx_word' id='word_1_152' title='bbox 478 1812 688 1912; x_wconf 82' lang='lat' dir='ltr'>habito,.egre</span> <span class='ocrx_word' id='word_1_153' title='bbox 711 1811 774 1875; x_wconf 80' lang='lat' dir='ltr'>‘um</span> <span class='ocrx_word' id='word_1_154' title='bbox 790 1813 962 1876; x_wconf 85' lang='lat' dir='ltr'>exercitum</span> <span class='ocrx_word' id='word_1_155' title='bbox 979 1813 1128 1878; x_wconf 54' lang='lat' dir='ltr'>&amp;versus</span> <span class='ocrx_word' id='word_1_156' title='bbox 1145 1813 1301 1878; x_wconf 85' lang='lat' dir='ltr'>Samnites</span> <span class='ocrx_word' id='word_1_157' title='bbox 1315 1810 1395 1876; x_wconf 83' lang='lat' dir='ltr'>dux·</span> 
     </span>
     <span class='ocr_line' id='line_1_20' title="bbox 177 1892 1394 1988; baseline -0.003 -24"><span class='ocrx_word' id='word_1_158' title='bbox 177 1892 227 1988; x_wconf 57' lang='lat' dir='ltr'>,ossf</span> <span class='ocrx_word' id='word_1_159' title='bbox 298 1898 311 1912; x_wconf 86' lang='lat'>&#39;</span> <span class='ocrx_word' id='word_1_160' title='bbox 341 1913 445 1964; x_wconf 89' lang='lat' dir='ltr'>erunt.</span> <span class='ocrx_word' id='word_1_161' title='bbox 490 1899 603 1964; x_wconf 87' lang='lat' dir='ltr'>Castra</span> <span class='ocrx_word' id='word_1_162' title='bbox 631 1919 664 1962; x_wconf 91' lang='grc' dir='ltr'>ιιι</span> <span class='ocrx_word' id='word_1_163' title='bbox 713 1897 812 1961; x_wconf 90' lang='lat' dir='ltr'>ostico</span> <span class='ocrx_word' id='word_1_164' title='bbox 840 1898 995 1962; x_wconf 87' lang='lat' dir='ltr'>incuriose</span> <span class='ocrx_word' id='word_1_165' title='bbox 1023 1899 1068 1965; x_wconf 91' lang='lat' dir='ltr'>ita</span> <span class='ocrx_word' id='word_1_166' title='bbox 1096 1898 1205 1984; x_wconf 85' lang='lat' dir='ltr'>posita,</span> <span class='ocrx_word' id='word_1_167' title='bbox 1233 1911 1394 1982; x_wconf 88' lang='lat' dir='ltr'>tamquam</span> 
     </span>
     <span class='ocr_line' id='line_1_21' title="bbox 366 1983 1394 2069; baseline 0 -21"><span class='ocrx_word' id='word_1_168' title='bbox 366 1984 454 2050; x_wconf 87' lang='lat' dir='ltr'>rocol</span> <span class='ocrx_word' id='word_1_169' title='bbox 479 1985 598 2049; x_wconf 84' lang='lat' dir='ltr'>abesset</span> <span class='ocrx_word' id='word_1_170' title='bbox 621 1983 737 2047; x_wconf 82' lang='lat' dir='ltr'>bostis:</span> <span class='ocrx_word' id='word_1_171' title='bbox 771 2003 871 2069; x_wconf 88' lang='lat' dir='ltr'>quum</span> <span class='ocrx_word' id='word_1_172' title='bbox 897 1985 1000 2048; x_wconf 86' lang='lat' dir='ltr'>subito</span> <span class='ocrx_word' id='word_1_173' title='bbox 1025 1987 1178 2049; x_wconf 87' lang='lat' dir='ltr'>advenere</span> <span class='ocrx_word' id='word_1_174' title='bbox 1204 1984 1394 2049; x_wconf 88' lang='lat' dir='ltr'>Samnitium</span> 
     </span>
    </p>

    <p class='ocr_par' dir='ltr' id='par_1_8' title="bbox 178 2009 1396 3278">
     <span class='ocr_line' id='line_1_22' title="bbox 341 2009 1394 2159; baseline -0.004 -23"><span class='ocrx_word' id='word_1_175' title='bbox 341 2009 481 2159; x_wconf 78' lang='lat' dir='ltr'>legiones</span> <span class='ocrx_word' id='word_1_176' title='bbox 503 2083 591 2135; x_wconf 87' lang='lat' dir='ltr'>tanta</span> <span class='ocrx_word' id='word_1_177' title='bbox 611 2067 737 2144; x_wconf 81' lang='lat' dir='ltr'>ferocis,</span> <span class='ocrx_word' id='word_1_178' title='bbox 760 2085 796 2132; x_wconf 88' lang='lat' dir='ltr'>ut</span> <span class='ocrx_word' id='word_1_179' title='bbox 811 2068 926 2133; x_wconf 88' lang='lat' dir='ltr'>vallum</span> <span class='ocrx_word' id='word_1_180' title='bbox 950 2093 1050 2157; x_wconf 86' lang='lat' dir='ltr'>usque</span> <span class='ocrx_word' id='word_1_181' title='bbox 1073 2071 1114 2135; x_wconf 88' lang='lat' dir='ltr'>ad</span> <span class='ocrx_word' id='word_1_182' title='bbox 1137 2071 1305 2135; x_wconf 85' lang='lat' dir='ltr'>stationem</span> <span class='ocrx_word' id='word_1_183' title='bbox 1330 2070 1394 2133; x_wconf 84' lang='lat' dir='ltr'>llo·</span> 
     </span>
     <span class='ocr_line' id='line_1_23' title="bbox 179 2155 1395 2242; baseline -0.002 -21"><span class='ocrx_word' id='word_1_184' title='bbox 179 2183 319 2230; x_wconf 57' lang='lat' dir='ltr'>amm..</span> <span class='ocrx_word' id='word_1_185' title='bbox 341 2178 468 2221; x_wconf 85' lang='lat' dir='ltr'>manem</span> <span class='ocrx_word' id='word_1_186' title='bbox 484 2156 645 2221; x_wconf 78' lang='lat' dir='ltr'>inferrent.</span> <span class='ocrx_word' id='word_1_187' title='bbox 690 2155 766 2219; x_wconf 83' lang='lat' dir='ltr'>Nox</span> <span class='ocrx_word' id='word_1_188' title='bbox 777 2155 843 2240; x_wconf 84' lang='lat' dir='ltr'>jam</span> <span class='ocrx_word' id='word_1_189' title='bbox 859 2155 1043 2239; x_wconf 75' lang='lat' dir='ltr'>adpetebats</span> <span class='ocrx_word' id='word_1_190' title='bbox 1067 2157 1098 2220; x_wconf 88' lang='lat' dir='ltr'>id</span> <span class='ocrx_word' id='word_1_191' title='bbox 1115 2155 1281 2242; x_wconf 87' lang='lat' dir='ltr'>prohibuit</span> <span class='ocrx_word' id='word_1_192' title='bbox 1293 2156 1395 2220; x_wconf 89' lang='lat' dir='ltr'>muni-</span> 
     </span>
     <span class='ocr_line' id='line_1_24' title="bbox 179 2241 1395 2330; baseline -0.002 -22"><span class='ocrx_word' id='word_1_193' title='bbox 179 2247 297 2295; x_wconf 72' lang='lat' dir='ltr'>eassus-</span> <span class='ocrx_word' id='word_1_194' title='bbox 343 2257 447 2310; x_wconf 81' lang='lat' dir='ltr'>menta</span> <span class='ocrx_word' id='word_1_195' title='bbox 468 2243 597 2309; x_wconf 89' lang='lat' dir='ltr'>adoriri.</span> <span class='ocrx_word' id='word_1_196' title='bbox 619 2263 677 2306; x_wconf 90' lang='lat' dir='ltr'>nec</span> <span class='ocrx_word' id='word_1_197' title='bbox 690 2241 939 2318; x_wconf 83' lang='lat' dir='ltr'>dissimulabant,</span> <span class='ocrx_word' id='word_1_198' title='bbox 956 2256 1026 2308; x_wconf 89' lang='lat' dir='ltr'>orta</span> <span class='ocrx_word' id='word_1_199' title='bbox 1040 2242 1110 2307; x_wconf 88' lang='lat' dir='ltr'>luce</span> <span class='ocrx_word' id='word_1_200' title='bbox 1123 2255 1252 2330; x_wconf 87' lang='lat' dir='ltr'>postero</span> <span class='ocrx_word' id='word_1_201' title='bbox 1265 2241 1320 2306; x_wconf 88' lang='lat' dir='ltr'>die</span> <span class='ocrx_word' id='word_1_202' title='bbox 1332 2241 1395 2306; x_wconf 86' lang='lat' dir='ltr'>fao-</span> 
     </span>
     <span class='ocr_line' id='line_1_25' title="bbox 178 2311 1396 2414; baseline -0.002 -19"><span class='ocrx_word' id='word_1_203' title='bbox 178 2311 239 2372; x_wconf 59' lang='lat' dir='ltr'>qffi‘·</span> <span class='ocrx_word' id='word_1_204' title='bbox 342 2343 440 2395; x_wconf 87' lang='lat' dir='ltr'>turos.</span> <span class='ocrx_word' id='word_1_205' title='bbox 484 2329 639 2401; x_wconf 85' lang='lat' dir='ltr'>Dictator,</span> <span class='ocrx_word' id='word_1_206' title='bbox 658 2329 712 2392; x_wconf 90' lang='lat' dir='ltr'>ubi</span> <span class='ocrx_word' id='word_1_207' title='bbox 734 2329 914 2414; x_wconf 84' lang='lat' dir='ltr'>propiorem</span> <span class='ocrx_word' id='word_1_208' title='bbox 931 2351 987 2413; x_wconf 86' lang='lat' dir='ltr'>spe</span> <span class='ocrx_word' id='word_1_209' title='bbox 999 2329 1233 2394; x_wconf 87' lang='lat' dir='ltr'>dimicationem</span> <span class='ocrx_word' id='word_1_210' title='bbox 1249 2327 1396 2404; x_wconf 70' lang='lat' dir='ltr'>vidisse</span> 
     </span>
     <span class='ocr_line' id='line_1_26' title="bbox 342 2413 1393 2502; baseline -0.003 -22"><span class='ocrx_word' id='word_1_211' title='bbox 342 2416 477 2491; x_wconf 89' lang='lat' dir='ltr'>militum</span> <span class='ocrx_word' id='word_1_212' title='bbox 494 2415 601 2480; x_wconf 87' lang='lat' dir='ltr'>virtuti</span> <span class='ocrx_word' id='word_1_213' title='bbox 616 2413 735 2479; x_wconf 86' lang='lat' dir='ltr'>damno</span> <span class='ocrx_word' id='word_1_214' title='bbox 749 2414 838 2478; x_wconf 90' lang='lat' dir='ltr'>locus</span> <span class='ocrx_word' id='word_1_215' title='bbox 860 2429 948 2492; x_wconf 85' lang='lat' dir='ltr'>esset,</span> <span class='ocrx_word' id='word_1_216' title='bbox 973 2416 1099 2502; x_wconf 84' lang='lat' dir='ltr'>ignibus</span> <span class='ocrx_word' id='word_1_217' title='bbox 1122 2414 1241 2480; x_wconf 87' lang='lat' dir='ltr'>crebris</span> <span class='ocrx_word' id='word_1_218' title='bbox 1266 2413 1393 2490; x_wconf 86' lang='lat' dir='ltr'>relictis,</span> 
     </span>
     <span class='ocr_line' id='line_1_27' title="bbox 339 2499 1395 2590; baseline -0.003 -22"><span class='ocrx_word' id='word_1_219' title='bbox 339 2505 394 2590; x_wconf 93' lang='lat' dir='ltr'>qui</span> <span class='ocrx_word' id='word_1_220' title='bbox 406 2516 609 2586; x_wconf 87' lang='lat' dir='ltr'>conspectum</span> <span class='ocrx_word' id='word_1_221' title='bbox 624 2501 761 2564; x_wconf 89' lang='lat' dir='ltr'>hostium</span> <span class='ocrx_word' id='word_1_222' title='bbox 776 2499 1010 2579; x_wconf 83' lang='lat' dir='ltr'>frustrarentur,</span> <span class='ocrx_word' id='word_1_223' title='bbox 1027 2501 1150 2567; x_wconf 88' lang='lat' dir='ltr'>silentio</span> <span class='ocrx_word' id='word_1_224' title='bbox 1163 2500 1305 2587; x_wconf 84' lang='lat' dir='ltr'>legiones</span> <span class='ocrx_word' id='word_1_225' title='bbox 1318 2499 1395 2565; x_wconf 85' lang='lat' dir='ltr'>edu·</span> 
     </span>
     <span class='ocr_line' id='line_1_28' title="bbox 339 2587 1394 2675; baseline -0.004 -21"><span class='ocrx_word' id='word_1_226' title='bbox 339 2590 400 2655; x_wconf 79' lang='lat' dir='ltr'>cit:</span> <span class='ocrx_word' id='word_1_227' title='bbox 432 2609 491 2654; x_wconf 88' lang='lat' dir='ltr'>nec</span> <span class='ocrx_word' id='word_1_228' title='bbox 512 2603 617 2652; x_wconf 88' lang='lat' dir='ltr'>tamen</span> <span class='ocrx_word' id='word_1_229' title='bbox 640 2587 749 2650; x_wconf 83' lang='lat' dir='ltr'>fallere</span> <span class='ocrx_word' id='word_1_230' title='bbox 774 2599 903 2670; x_wconf 87' lang='lat' dir='ltr'>propter</span> <span class='ocrx_word' id='word_1_231' title='bbox 925 2589 1196 2675; x_wconf 80' lang='lat' dir='ltr'>propmqui&#39;tatem</span> <span class='ocrx_word' id='word_1_232' title='bbox 1219 2599 1394 2652; x_wconf 88' lang='lat' dir='ltr'>castrorum</span> 
     </span>
     <span class='ocr_line' id='line_1_29' title="bbox 338 2670 1394 2761; baseline -0.005 -20"><span class='ocrx_word' id='word_1_233' title='bbox 338 2676 453 2761; x_wconf 91' lang='lat' dir='ltr'>potuit.</span> <span class='ocrx_word' id='word_1_234' title='bbox 498 2674 604 2758; x_wconf 84' lang='lat' dir='ltr'>Eques</span> <span class='ocrx_word' id='word_1_235' title='bbox 626 2670 786 2756; x_wconf 87' lang='lat' dir='ltr'>extemplo</span> <span class='ocrx_word' id='word_1_236' title='bbox 811 2672 969 2738; x_wconf 88' lang='lat' dir='ltr'>insecutus</span> <span class='ocrx_word' id='word_1_237' title='bbox 994 2679 1037 2738; x_wconf 87' lang='lat' dir='ltr'>ita</span> <span class='ocrx_word' id='word_1_238' title='bbox 1061 2674 1173 2740; x_wconf 89' lang='lat' dir='ltr'>institit</span> <span class='ocrx_word' id='word_1_239' title='bbox 1195 2672 1326 2760; x_wconf 88' lang='lat' dir='ltr'>agmini,</span> <span class='ocrx_word' id='word_1_240' title='bbox 1351 2687 1394 2749; x_wconf 85' lang='lat' dir='ltr'>ut,</span> 
     </span>
     <span class='ocr_line' id='line_1_30' title="bbox 339 2757 1396 2845; baseline -0.002 -19"><span class='ocrx_word' id='word_1_241' title='bbox 339 2761 441 2827; x_wconf 88' lang='lat' dir='ltr'>donec</span> <span class='ocrx_word' id='word_1_242' title='bbox 470 2759 650 2836; x_wconf 85' lang='lat' dir='ltr'>lucesceret,</span> <span class='ocrx_word' id='word_1_243' title='bbox 677 2757 790 2843; x_wconf 70' lang='lat' dir='ltr'>praelio</span> <span class='ocrx_word' id='word_1_244' title='bbox 820 2757 998 2824; x_wconf 71' lang='lat' dir='ltr'>abstineret.</span> <span class='ocrx_word' id='word_1_245' title='bbox 1020 2772 1067 2823; x_wconf 81' lang='lat' dir='ltr'>ne¹</span> <span class='ocrx_word' id='word_1_246' title='bbox 1089 2759 1248 2845; x_wconf 85' lang='lat' dir='ltr'>pedestres</span> <span class='ocrx_word' id='word_1_247' title='bbox 1268 2759 1396 2844; x_wconf 89' lang='lat' dir='ltr'>quidem</span> 
     </span>
     <span class='ocr_line' id='line_1_31' title="bbox 339 2844 1396 2934; baseline -0.002 -22"><span class='ocrx_word' id='word_1_248' title='bbox 339 2848 441 2932; x_wconf 88' lang='lat' dir='ltr'>copiae</span> <span class='ocrx_word' id='word_1_249' title='bbox 456 2859 529 2910; x_wconf 89' lang='lat' dir='ltr'>ante</span> <span class='ocrx_word' id='word_1_250' title='bbox 543 2845 644 2910; x_wconf 92' lang='lat' dir='ltr'>lucem</span> <span class='ocrx_word' id='word_1_251' title='bbox 661 2844 771 2908; x_wconf 85' lang='lat' dir='ltr'>castris</span> <span class='ocrx_word' id='word_1_252' title='bbox 786 2865 930 2930; x_wconf 87' lang='lat' dir='ltr'>egressae.</span> <span class='ocrx_word' id='word_1_253' title='bbox 975 2845 1090 2934; x_wconf 81' lang='lat' dir='ltr'>Eques,</span> <span class='ocrx_word' id='word_1_254' title='bbox 1109 2846 1179 2910; x_wconf 84' lang='lat' dir='ltr'>luce</span> <span class='ocrx_word' id='word_1_255' title='bbox 1193 2844 1324 2910; x_wconf 90' lang='lat' dir='ltr'>demum</span> <span class='ocrx_word' id='word_1_256' title='bbox 1340 2867 1396 2910; x_wconf 89' lang='lat' dir='ltr'>au·</span> 
     </span>
     <span class='ocr_line' id='line_1_32' title="bbox 340 2930 1396 3015; baseline -0.003 -19"><span class='ocrx_word' id='word_1_257' title='bbox 340 2955 392 2998; x_wconf 92' lang='lat' dir='ltr'>sus</span> <span class='ocrx_word' id='word_1_258' title='bbox 407 2932 568 2996; x_wconf 86' lang='lat' dir='ltr'>incursare</span> <span class='ocrx_word' id='word_1_259' title='bbox 578 2931 611 2994; x_wconf 91' lang='lat' dir='ltr'>in</span> <span class='ocrx_word' id='word_1_260' title='bbox 627 2930 762 3006; x_wconf 87' lang='lat' dir='ltr'>hostem,</span> <span class='ocrx_word' id='word_1_261' title='bbox 778 2930 939 3015; x_wconf 88' lang='lat' dir='ltr'>carpendo</span> <span class='ocrx_word' id='word_1_262' title='bbox 948 2933 1143 3010; x_wconf 61' lang='lat' dir='ltr'>notissimos,</span> <span class='ocrx_word' id='word_1_263' title='bbox 1159 2931 1396 3014; x_wconf 86' lang='lat' dir='ltr'>premendoque</span> 
     </span>
     <span class='ocr_line' id='line_1_33' title="bbox 340 3014 1396 3118; baseline -0.003 -35"><span class='ocrx_word' id='word_1_264' title='bbox 340 3019 456 3118; x_wconf 89' lang='lat' dir='ltr'>iniquis</span> <span class='ocrx_word' id='word_1_265' title='bbox 483 3016 523 3081; x_wconf 88' lang='lat' dir='ltr'>ad</span> <span class='ocrx_word' id='word_1_266' title='bbox 547 3015 712 3080; x_wconf 86' lang='lat' dir='ltr'>transitum</span> <span class='ocrx_word' id='word_1_267' title='bbox 735 3014 822 3090; x_wconf 90' lang='lat' dir='ltr'>locis,</span> <span class='ocrx_word' id='word_1_268' title='bbox 847 3039 961 3103; x_wconf 89' lang='lat' dir='ltr'>agmen</span> <span class='ocrx_word' id='word_1_269' title='bbox 988 3017 1134 3083; x_wconf 88' lang='lat' dir='ltr'>detinuit.</span> <span class='ocrx_word' id='word_1_270' title='bbox 1158 3017 1284 3081; x_wconf 82' lang='lat' dir='ltr'>interim</span> <span class='ocrx_word' id='word_1_271' title='bbox 1302 3015 1396 3103; x_wconf 87' lang='lat' dir='ltr'>pedes</span> 
     </span>
     <span class='ocr_line' id='line_1_34' title="bbox 379 3101 1395 3190; baseline -0.003 -21"><span class='ocrx_word' id='word_1_272' title='bbox 379 3117 475 3170; x_wconf 83' lang='lat' dir='ltr'>uitem</span> <span class='ocrx_word' id='word_1_273' title='bbox 499 3101 682 3178; x_wconf 68' lang='lat' dir='ltr'>adsecutust</span> <span class='ocrx_word' id='word_1_274' title='bbox 713 3115 745 3166; x_wconf 87' lang='lat' dir='ltr'>et</span> <span class='ocrx_word' id='word_1_275' title='bbox 767 3101 842 3166; x_wconf 89' lang='lat' dir='ltr'>totis</span> <span class='ocrx_word' id='word_1_276' title='bbox 862 3105 929 3188; x_wconf 87' lang='lat' dir='ltr'>jam</span> <span class='ocrx_word' id='word_1_277' title='bbox 953 3105 1051 3189; x_wconf 86' lang='lat' dir='ltr'>copiis</span> <span class='ocrx_word' id='word_1_278' title='bbox 1073 3105 1199 3168; x_wconf 86' lang='lat' dir='ltr'>Samnis</span> <span class='ocrx_word' id='word_1_279' title='bbox 1229 3103 1395 3190; x_wconf 87' lang='lat' dir='ltr'>urguebat.</span> 
     </span>
     <span class='ocr_line' id='line_1_35' title="bbox 376 3187 1396 3278; baseline -0.007 -21"><span class='ocrx_word' id='word_1_280' title='bbox 376 3211 427 3257; x_wconf 90' lang='lat' dir='ltr'>um</span> <span class='ocrx_word' id='word_1_281' title='bbox 454 3189 599 3264; x_wconf 86' lang='lat' dir='ltr'>dictator,</span> <span class='ocrx_word' id='word_1_282' title='bbox 618 3200 783 3274; x_wconf 85' lang='lat' dir='ltr'>postquam</span> <span class='ocrx_word' id='word_1_283' title='bbox 807 3188 874 3253; x_wconf 89' lang='lat' dir='ltr'>sine</span> <span class='ocrx_word' id='word_1_284' title='bbox 895 3211 1014 3278; x_wconf 89' lang='lat' dir='ltr'>magno</span> <span class='ocrx_word' id='word_1_285' title='bbox 1029 3190 1230 3255; x_wconf 88' lang='lat' dir='ltr'>incommodo</span> <span class='ocrx_word' id='word_1_286' title='bbox 1244 3187 1396 3274; x_wconf 81' lang='lat' dir='ltr'>progredi</span> 
     </span>
    </p>
   </div>
   <div class='ocr_carea' id='block_1_3' title="bbox 256 2487 269 2520">
    <p class='ocr_par' dir='ltr' id='par_1_9' title="bbox 256 2487 269 2520">
     <span class='ocr_line' id='line_1_36' title="bbox 256 2487 269 2520; baseline 0 0"><span class='ocrx_word' id='word_1_287' title='bbox 256 2487 269 2520; x_wconf 71' lang='lat' dir='ltr'>t</span> 
     </span>
    </p>
   </div>
   <div class='ocr_carea' id='block_1_4' title="bbox 800 3340 931 3392">
    <p class='ocr_par' dir='ltr' id='par_1_10' title="bbox 800 3340 931 3392">
     <span class='ocr_line' id='line_1_37' title="bbox 800 3340 931 3392; baseline 0 -2"><span class='ocrx_word' id='word_1_288' title='bbox 800 3340 813 3378; x_wconf 81' lang='lat' dir='ltr'>k</span> <span class='ocrx_word' id='word_1_289' title='bbox 826 3345 851 3390; x_wconf 82' lang='lat' dir='ltr'>is</span> <span class='ocrx_word' id='word_1_290' title='bbox 862 3343 931 3392; x_wconf 82' lang='lat' dir='ltr'>Creu.</span> 
     </span>
    </p>
   </div>
   <div class='ocr_carea' id='block_1_5' title="bbox 338 3487 1398 4386">
    <p class='ocr_par' dir='ltr' id='par_1_11' title="bbox 338 3487 1398 4386">
     <span class='ocr_line' id='line_1_38' title="bbox 341 3487 1275 3538; baseline -0.002 0"><span class='ocrx_word' id='word_1_291' title='bbox 341 3492 413 3538; x_wconf 81' lang='lat' dir='ltr'>Porro</span> <span class='ocrx_word' id='word_1_292' title='bbox 431 3490 564 3538; x_wconf 81' lang='lat' dir='ltr'>Tusculani</span> <span class='ocrx_word' id='word_1_293' title='bbox 593 3489 766 3536; x_wconf 82' lang='lat' dir='ltr'>rebellauerant</span> <span class='ocrx_word' id='word_1_294' title='bbox 795 3503 851 3536; x_wconf 86' lang='lat' dir='ltr'>cum</span> <span class='ocrx_word' id='word_1_295' title='bbox 885 3497 966 3536; x_wconf 85' lang='lat' dir='ltr'>narrat</span> <span class='ocrx_word' id='word_1_296' title='bbox 979 3491 1030 3537; x_wconf 83' lang='lat' dir='ltr'>val.</span> <span class='ocrx_word' id='word_1_297' title='bbox 1043 3487 1224 3538; x_wconf 77' lang='lat' dir='ltr'>atsx.1.1x.c.</span> <span class='ocrx_word' id='word_1_298' title='bbox 1238 3487 1275 3536; x_wconf 81' lang='lat' dir='ltr'>lu</span> 
     </span>
     <span class='ocr_line' id='line_1_39' title="bbox 339 3553 1397 3617; baseline -0.001 -15"><span class='ocrx_word' id='word_1_299' title='bbox 339 3556 426 3602; x_wconf 73' lang='lat' dir='ltr'>ostelia</span> <span class='ocrx_word' id='word_1_300' title='bbox 441 3555 549 3602; x_wconf 75' lang='lat' dir='ltr'>Latlnln</span> <span class='ocrx_word' id='word_1_301' title='bbox 566 3567 595 3600; x_wconf 91' lang='lat' dir='ltr'>ac</span> <span class='ocrx_word' id='word_1_302' title='bbox 605 3553 740 3600; x_wconf 86' lang='lat' dir='ltr'>rebellionis</span> <span class='ocrx_word' id='word_1_303' title='bbox 757 3567 852 3613; x_wconf 73' lang='grc' dir='ltr'>ρωιιιιι</span> <span class='ocrx_word' id='word_1_304' title='bbox 917 3554 950 3601; x_wconf 70' lang='grc'>94</span> <span class='ocrx_word' id='word_1_305' title='bbox 965 3555 994 3602; x_wconf 77' lang='lat'>1.</span> <span class='ocrx_word' id='word_1_306' title='bbox 1006 3553 1104 3617; x_wconf 72' lang='lat' dir='ltr'>Fuluio]</span> <span class='ocrx_word' id='word_1_307' title='bbox 1121 3553 1160 3600; x_wconf 84' lang='lat' dir='ltr'>De</span> <span class='ocrx_word' id='word_1_308' title='bbox 1170 3565 1199 3598; x_wconf 86' lang='lat' dir='ltr'>eo</span> <span class='ocrx_word' id='word_1_309' title='bbox 1211 3554 1247 3600; x_wconf 80' lang='lat' dir='ltr'>tie</span> <span class='ocrx_word' id='word_1_310' title='bbox 1262 3555 1338 3600; x_wconf 81' lang='lat' dir='ltr'>habet</span> <span class='ocrx_word' id='word_1_311' title='bbox 1348 3553 1397 3601; x_wconf 80' lang='lat' dir='ltr'>Pli-</span> 
     </span>
     <span class='ocr_line' id='line_1_40' title="bbox 340 3616 1398 3679; baseline 0 -13"><span class='ocrx_word' id='word_1_312' title='bbox 340 3619 529 3679; x_wconf 81' lang='lat' dir='ltr'>pauelauetures</span> <span class='ocrx_word' id='word_1_313' title='bbox 539 3619 712 3667; x_wconf 85' lang='lat' dir='ltr'>sustinuerant.</span> <span class='ocrx_word' id='word_1_314' title='bbox 744 3618 854 3666; x_wconf 62' lang='lat' dir='ltr'>Vldmu·</span> <span class='ocrx_word' id='word_1_315' title='bbox 885 3619 1049 3677; x_wconf 83' lang='lat' dir='ltr'>ntus,l.v11.</span> <span class='ocrx_word' id='word_1_316' title='bbox 1062 3633 1083 3666; x_wconf 70' lang='lat' dir='ltr'>c.</span> <span class='ocrx_word' id='word_1_317' title='bbox 1101 3618 1140 3668; x_wconf 75' lang='grc'>48.</span> <span class='ocrx_word' id='word_1_318' title='bbox 1158 3616 1205 3664; x_wconf 77' lang='lat' dir='ltr'>Est</span> <span class='ocrx_word' id='word_1_319' title='bbox 1221 3617 1285 3665; x_wconf 75' lang='lat' dir='ltr'>etl.</span> <span class='ocrx_word' id='word_1_320' title='bbox 1296 3618 1398 3666; x_wconf 80' lang='lat' dir='ltr'>Fatales</span> 
     </span>
     <span class='ocr_line' id='line_1_41' title="bbox 340 3681 1398 3746; baseline -0.002 -16"><span class='ocrx_word' id='word_1_321' title='bbox 340 3695 415 3744; x_wconf 70' lang='lat' dir='ltr'>pne.</span> <span class='ocrx_word' id='word_1_322' title='bbox 429 3681 466 3730; x_wconf 77' lang='lat' dir='ltr'>ie</span> <span class='ocrx_word' id='word_1_323' title='bbox 482 3681 611 3742; x_wconf 44' lang='lat' dir='ltr'>,uranus</span> <span class='ocrx_word' id='word_1_324' title='bbox 626 3682 656 3727; x_wconf 76' lang='grc' dir='ltr'>ιιι</span> <span class='ocrx_word' id='word_1_325' title='bbox 673 3685 797 3742; x_wconf 67' lang='lat' dir='ltr'>motam</span> <span class='ocrx_word' id='word_1_326' title='bbox 808 3683 853 3729; x_wconf 74' lang='grc' dir='ltr'>ιω</span> <span class='ocrx_word' id='word_1_327' title='bbox 885 3683 946 3730; x_wconf 74' lang='lat' dir='ltr'>aar</span> <span class='ocrx_word' id='word_1_328' title='bbox 961 3685 1066 3746; x_wconf 64' lang='grc' dir='ltr'>ιωιμιι</span> <span class='ocrx_word' id='word_1_329' title='bbox 1083 3681 1195 3744; x_wconf 59' lang='lat' dir='ltr'>emme.</span> <span class='ocrx_word' id='word_1_330' title='bbox 1215 3681 1398 3730; x_wconf 70' lang='lat' dir='ltr'>rumosam</span> 
     </span>
     <span class='ocr_line' id='line_1_42' title="bbox 339 3745 1395 3808; baseline -0.001 -13"><span class='ocrx_word' id='word_1_331' title='bbox 339 3759 418 3808; x_wconf 81' lang='lat' dir='ltr'>usque</span> <span class='ocrx_word' id='word_1_332' title='bbox 425 3753 522 3807; x_wconf 85' lang='lat' dir='ltr'>tempus</span> <span class='ocrx_word' id='word_1_333' title='bbox 531 3747 614 3794; x_wconf 73' lang='lat' dir='ltr'>utrius</span> <span class='ocrx_word' id='word_1_334' title='bbox 628 3746 709 3793; x_wconf 86' lang='lat' dir='ltr'>babet.</span> <span class='ocrx_word' id='word_1_335' title='bbox 743 3747 789 3793; x_wconf 88' lang='lat' dir='ltr'>Sed</span> <span class='ocrx_word' id='word_1_336' title='bbox 800 3745 854 3792; x_wconf 90' lang='lat' dir='ltr'>illos</span> <span class='ocrx_word' id='word_1_337' title='bbox 886 3746 1042 3794; x_wconf 62' lang='lat' dir='ltr'>reserarem</span> <span class='ocrx_word' id='word_1_338' title='bbox 1061 3747 1148 3802; x_wconf 75' lang='lat' dir='ltr'>courel,</span> <span class='ocrx_word' id='word_1_339' title='bbox 1166 3745 1286 3806; x_wconf 69' lang='lat' dir='ltr'>mdmsqu</span> <span class='ocrx_word' id='word_1_340' title='bbox 1303 3747 1395 3800; x_wconf 77' lang='lat' dir='ltr'>boson,</span> 
     </span>
     <span class='ocr_line' id='line_1_43' title="bbox 339 3811 1397 3872; baseline -0.004 -12"><span class='ocrx_word' id='word_1_341' title='bbox 339 3813 404 3860; x_wconf 78' lang='lat' dir='ltr'>clrca</span> <span class='ocrx_word' id='word_1_342' title='bbox 419 3813 472 3860; x_wconf 78' lang='lat' dir='ltr'>hate</span> <span class='ocrx_word' id='word_1_343' title='bbox 489 3823 600 3871; x_wconf 84' lang='lat' dir='ltr'>tempora</span> <span class='ocrx_word' id='word_1_344' title='bbox 619 3821 703 3857; x_wconf 72' lang='lat' dir='ltr'>mrsu·</span> <span class='ocrx_word' id='word_1_345' title='bbox 727 3811 854 3858; x_wconf 68' lang='lat' dir='ltr'>rebellasse</span> <span class='ocrx_word' id='word_1_346' title='bbox 885 3823 956 3870; x_wconf 74' lang='lat' dir='ltr'>qaam</span> <span class='ocrx_word' id='word_1_347' title='bbox 972 3814 1100 3867; x_wconf 72' lang='lat' dir='ltr'>troarbast,</span> <span class='ocrx_word' id='word_1_348' title='bbox 1115 3814 1240 3858; x_wconf 69' lang='lat' dir='ltr'>etormet</span> <span class='ocrx_word' id='word_1_349' title='bbox 1251 3811 1371 3872; x_wconf 63' lang='lat' dir='ltr'>warentias</span> <span class='ocrx_word' id='word_1_350' title='bbox 1382 3829 1397 3856; x_wconf 84' lang='lat' dir='ltr'>a</span> 
     </span>
     <span class='ocr_line' id='line_1_44' title="bbox 339 3873 1395 3938; baseline 0 -16"><span class='ocrx_word' id='word_1_351' title='bbox 339 3877 462 3938; x_wconf 82' lang='lat' dir='ltr'>colligitur</span> <span class='ocrx_word' id='word_1_352' title='bbox 478 3889 509 3922; x_wconf 81' lang='lat' dir='ltr'>ea</span> <span class='ocrx_word' id='word_1_353' title='bbox 523 3875 607 3922; x_wconf 78' lang='lat' dir='ltr'>Plinio.</span> <span class='ocrx_word' id='word_1_354' title='bbox 641 3873 699 3922; x_wconf 83' lang='lat' dir='ltr'>Vid.</span> <span class='ocrx_word' id='word_1_355' title='bbox 719 3880 769 3920; x_wconf 87' lang='lat' dir='ltr'>not.</span> <span class='ocrx_word' id='word_1_356' title='bbox 786 3875 817 3921; x_wconf 88' lang='lat' dir='ltr'>ad</span> <span class='ocrx_word' id='word_1_357' title='bbox 832 3888 853 3922; x_wconf 80' lang='lat' dir='ltr'>e·</span> <span class='ocrx_word' id='word_1_358' title='bbox 883 3875 1096 3935; x_wconf 66' lang='lat' dir='ltr'>manemus</span> <span class='ocrx_word' id='word_1_359' title='bbox 1113 3876 1154 3936; x_wconf 80' lang='lat' dir='ltr'>qai</span> <span class='ocrx_word' id='word_1_360' title='bbox 1167 3873 1395 3930; x_wconf 63' lang='lat' dir='ltr'>mammam,</span> 
     </span>
     <span class='ocr_line' id='line_1_45' title="bbox 341 3939 1396 4002; baseline -0.001 -15"><span class='ocrx_word' id='word_1_361' title='bbox 341 3953 451 4000; x_wconf 85' lang='lat' dir='ltr'>sequens.</span> <span class='ocrx_word' id='word_1_362' title='bbox 885 3939 1024 4002; x_wconf 73' lang='lat' dir='ltr'>quassaret</span> <span class='ocrx_word' id='word_1_363' title='bbox 1042 3942 1122 3994; x_wconf 71' lang='lat' dir='ltr'>lomb.</span> <span class='ocrx_word' id='word_1_364' title='bbox 1140 3939 1221 3986; x_wconf 76' lang='lat' dir='ltr'>Rome</span> <span class='ocrx_word' id='word_1_365' title='bbox 1239 3941 1396 4001; x_wconf 66' lang='lat' dir='ltr'>trimphavit</span> 
     </span>
     <span class='ocr_line' id='line_1_46' title="bbox 338 3999 1396 4066; baseline -0.003 -15"><span class='ocrx_word' id='word_1_366' title='bbox 338 4011 341 4018; x_wconf 94' lang='lat'>&#39;</span> <span class='ocrx_word' id='word_1_367' title='bbox 374 4002 628 4066; x_wconf 72' lang='lat' dir='ltr'>lli&#39;Spsrlereorssss]</span> <span class='ocrx_word' id='word_1_368' title='bbox 646 4003 853 4052; x_wconf 68' lang='lat' dir='ltr'>vtanostaae</span> <span class='ocrx_word' id='word_1_369' title='bbox 884 4017 915 4050; x_wconf 79' lang='lat' dir='ltr'>ee</span> <span class='ocrx_word' id='word_1_370' title='bbox 937 4007 968 4052; x_wconf 85' lang='lat' dir='ltr'>rs&#39;s</span> <span class='ocrx_word' id='word_1_371' title='bbox 990 4017 1087 4065; x_wconf 78' lang='lat' dir='ltr'>quorem</span> <span class='ocrx_word' id='word_1_372' title='bbox 1111 4003 1190 4050; x_wconf 78' lang='lat' dir='ltr'>rossel</span> <span class='ocrx_word' id='word_1_373' title='bbox 1207 3999 1302 4064; x_wconf 83' lang='lat' dir='ltr'>sacrat.</span> <span class='ocrx_word' id='word_1_374' title='bbox 1336 4007 1396 4054; x_wconf 80' lang='lat' dir='ltr'>Hrse</span> 
     </span>
     <span class='ocr_line' id='line_1_47' title="bbox 338 4067 1397 4127; baseline -0.001 -10"><span class='ocrx_word' id='word_1_375' title='bbox 338 4067 388 4117; x_wconf 90' lang='lat' dir='ltr'>.v1.</span> <span class='ocrx_word' id='word_1_376' title='bbox 399 4069 437 4116; x_wconf 77' lang='lat' dir='ltr'>lt.</span> <span class='ocrx_word' id='word_1_377' title='bbox 445 4069 525 4127; x_wconf 62' lang='lat' dir='ltr'>suma}</span> <span class='ocrx_word' id='word_1_378' title='bbox 884 4070 1012 4117; x_wconf 81' lang='lat' dir='ltr'>conciliare</span> <span class='ocrx_word' id='word_1_379' title='bbox 1032 4079 1089 4118; x_wconf 72' lang='lat' dir='ltr'>mm</span> <span class='ocrx_word' id='word_1_380' title='bbox 1115 4068 1179 4116; x_wconf 82' lang='lat' dir='ltr'>Liuii</span> <span class='ocrx_word' id='word_1_381' title='bbox 1210 4067 1348 4116; x_wconf 72' lang='lat' dir='ltr'>uenatione</span> <span class='ocrx_word' id='word_1_382' title='bbox 1367 4072 1397 4116; x_wconf 87' lang='lat' dir='ltr'>de</span> 
     </span>
     <span class='ocr_line' id='line_1_48' title="bbox 374 4130 1396 4196; baseline 0.002 -18"><span class='ocrx_word' id='word_1_383' title='bbox 374 4132 406 4178; x_wconf 80' lang='grc'>93</span> <span class='ocrx_word' id='word_1_384' title='bbox 422 4130 637 4196; x_wconf 80' lang='lat' dir='ltr'>Papirism&#39;sem]</span> <span class='ocrx_word' id='word_1_385' title='bbox 652 4131 742 4178; x_wconf 75' lang='lat' dir='ltr'>Tribus</span> <span class='ocrx_word' id='word_1_386' title='bbox 750 4132 852 4192; x_wconf 81' lang='lat' dir='ltr'>Papiriae</span> <span class='ocrx_word' id='word_1_387' title='bbox 884 4131 1028 4180; x_wconf 76' lang='lat' dir='ltr'>Tusculanis</span> <span class='ocrx_word' id='word_1_388' title='bbox 1049 4135 1113 4180; x_wconf 86' lang='lat' dir='ltr'>baud</span> <span class='ocrx_word' id='word_1_389' title='bbox 1133 4131 1204 4180; x_wconf 70' lang='lat' dir='ltr'>imile</span> <span class='ocrx_word' id='word_1_390' title='bbox 1222 4137 1269 4178; x_wconf 85' lang='lat' dir='ltr'>eat.</span> <span class='ocrx_word' id='word_1_391' title='bbox 1301 4132 1396 4180; x_wconf 63' lang='lat' dir='ltr'>tutans·</span> 
     </span>
     <span class='ocr_line' id='line_1_49' title="bbox 340 4193 1395 4257; baseline 0.004 -15"><span class='ocrx_word' id='word_1_392' title='bbox 340 4196 485 4255; x_wconf 70' lang='lat' dir='ltr'>suffrsgium</span> <span class='ocrx_word' id='word_1_393' title='bbox 503 4197 575 4252; x_wconf 78' lang='lat' dir='ltr'>tersa,</span> <span class='ocrx_word' id='word_1_394' title='bbox 586 4197 637 4244; x_wconf 87' lang='lat' dir='ltr'>sive</span> <span class='ocrx_word' id='word_1_395' title='bbox 653 4197 790 4256; x_wconf 83' lang='lat' dir='ltr'>impetrare.</span> <span class='ocrx_word' id='word_1_396' title='bbox 824 4195 852 4242; x_wconf 88' lang='lat' dir='ltr'>lo</span> <span class='ocrx_word' id='word_1_397' title='bbox 885 4197 962 4256; x_wconf 85' lang='lat' dir='ltr'>phum</span> <span class='ocrx_word' id='word_1_398' title='bbox 969 4197 1060 4250; x_wconf 36' lang='lat' dir='ltr'>,Fulvio</span> <span class='ocrx_word' id='word_1_399' title='bbox 1074 4199 1185 4244; x_wconf 81' lang='lat' dir='ltr'>tribuunt</span> <span class='ocrx_word' id='word_1_400' title='bbox 1195 4193 1328 4257; x_wconf 82' lang='lat' dir='ltr'>Capitolini</span> <span class='ocrx_word' id='word_1_401' title='bbox 1339 4197 1395 4248; x_wconf 82' lang='lat' dir='ltr'>Fas·</span> 
     </span>
     <span class='ocr_line' id='line_1_50' title="bbox 341 4259 1174 4322; baseline 0.002 -16"><span class='ocrx_word' id='word_1_402' title='bbox 341 4259 464 4321; x_wconf 81' lang='lat' dir='ltr'>Papiriam</span> <span class='ocrx_word' id='word_1_403' title='bbox 492 4273 579 4322; x_wconf 73' lang='lat' dir='ltr'>nanpe</span> <span class='ocrx_word' id='word_1_404' title='bbox 606 4260 696 4308; x_wconf 86' lang='lat' dir='ltr'>tribum</span> <span class='ocrx_word' id='word_1_405' title='bbox 723 4259 853 4308; x_wconf 70' lang='lat' dir='ltr'>Truculaoi</span> <span class='ocrx_word' id='word_1_406' title='bbox 885 4261 1174 4319; x_wconf 78' lang='lat' dir='ltr'>tl‚aedde8amnitlbua.</span> 
     </span>
     <span class='ocr_line' id='line_1_51' title="bbox 338 4323 853 4386; baseline -0.002 -14"><span class='ocrx_word' id='word_1_407' title='bbox 338 4323 767 4386; x_wconf 80' lang='lat' dir='ltr'>receptiplutimumineapotesunt.</span> <span class='ocrx_word' id='word_1_408' title='bbox 785 4325 853 4372; x_wconf 86' lang='lat' dir='ltr'>ldenr</span> 
     </span>
    </p>
   </div>
   <div class='ocr_carea' id='block_1_6' title="bbox 0 0 1535 4928">
    <p class='ocr_par' dir='ltr' id='par_1_12' title="bbox 0 0 1535 4928">
     <span class='ocr_line' id='line_1_52' title="bbox 0 0 1535 4928; baseline 0 0"><span class='ocrx_word' id='word_1_409' title='bbox 0 0 1535 4928; x_wconf 95' lang='lat' dir='ltr'> </span> 
     </span>
    </p>
   </div>
  </div>
 </body>
</html>
