2978 4918
448 219 874 284 ura.u.canx1.ur.
999 197 1000 200 ‘
1111 234 1167 298 ιιι

109 382 205 462 salac
220 385 358 476 redegit
372 386 405 452 in
417 387 601 488 publicum.
645 387 786 454 Invisum
807 400 876 455 erat
890 387 1025 454 Fabium
1046 345 1171 456 nometi

107 469 176 556 plebi
190 487 339 561 propter
352 476 559 549 uovmsitnum
571 476 751 541 consulem:
774 488 904 540 tenuere
920 489 1026 541 tamen
1043 475 1164 559 Patres,

107 571 134 621 ut
145 579 217 624 cura
234 559 280 625 L.
294 561 431 626 AEmilio
446 561 489 626 K.
500 562 616 627 Fabius
626 562 737 628 consul
751 578 921 628 crearetur.
962 561 1012 627 Eo
1021 563 1164 629 infestior
1173 583 1201 630 υ.
1214 585 1241 632 c.
1254 583 1309 634 270.

107 641 175 710 iacta
194 645 314 730 plebea
334 647 490 713 seditione
504 648 679 714 domestica
702 648 820 714 bellum
842 663 1008 714 externum
1029 650 1203 717 excivittss·
1215 649 1309 700 ⁰³⁸²·

106 730 176 796 bello
190 731 316 798 deinde
331 733 438 798 civiles
452 735 618 802 discordiae
632 736 829 800 intermissas.
851 758 917 801 uno
931 737 1039 800 animo
1052 737 1163 804 Patres

106 839 136 882 ac
147 819 258 904 plebes
276 819 468 886 rebellantes
483 821 616 887 Volscos
630 833 662 886 et
676 817 811 907 AEquoa
828 821 909 888 duce
923 821 1069 902 AErnilio,
1085 846 1162 909 pro-

106 925 185 988 spera
198 927 317 994 pugna
332 907 445 972 vicere.
490 907 567 972 Plus
581 921 687 972 tamen
704 906 842 972 hostiurn
857 907 943 997 suga,
959 930 1055 995 quam
1076 933 1163 996 proe-

105 989 183 1068 Ham,
198 993 370 1058 absumsit.
388 993 467 1059 adeo
479 995 685 1081 pertinaciter
698 991 783 1058 fusos
797 995 930 1060 insecuti
945 1008 1049 1060 sunte
1072 997 1163 1063 uites.

107 1075 241 1144 Castoris
270 1077 359 1146 redes
385 1079 496 1145 eodem
524 1102 611 1146 auno
636 1080 747 1146 idibus
772 1080 988 1157 Quinctilibus
1017 1019 1174 1149 delicata·

106 1177 157 1230 eat.
186 1177 265 1230 vota
291 1177 361 1230 erat
388 1165 505 1232 Latino
534 1165 628 1244 bello,
654 1167 681 1206 ⁴²
691 1167 858 1233 Postumio
882 1168 1048 1232 dictatore.
1078 1168 1163 1236 filius

105 1251 174 1336 cjm,
189 1251 346 1316 duumvir
360 1253 401 1317 ad
417 1253 449 1318 id
466 1253 570 1338 ipsum
585 1267 720 1331 creatus,
736 1253 901 1319 dedicavit.
948 1253 1116 1320 Sollicitati
1131 1269 1164 1320 et

105 1358 138 1400 eo
150 1359 239 1402 anno
253 1350 329 1404 sunt
343 1337 511 1404 dulcedine
525 1341 658 1428 agrariae
671 1339 750 1426 legis
765 1338 863 1404 animi
877 1339 989 1426 plebis.
1024 1339 1164 1407 Tribuni

104 1423 199 1508 plebis
225 1423 448 1511 “popularem
473 1438 660 1511 potestatem
685 1427 756 1510 lege
776 1426 924 1511 populari
950 1425 1164 1493 celebrabant.

106 1509 222 1588 Patres,
238 1513 315 1576 satis
328 1531 486 1612 superque
500 1511 665 1602 “gratuiti
686 1510 803 1576 furoris
820 1513 854 1576 in
877 1511 1081 1579 multitudine
1095 1536 1164 1579 cre·

104 1595 208 1662 dentes
238 1619 315 1676 esse,
341 1599 390 1662 lar
413 1598 522 1664 'tiones
550 1598 798 1684 temeritatisque
822 1599 1028 1665 invitamenta
1052 1599 1164 1666 horre·

104 1681 187 1749 bant.
217 1686 368 1749 acerrimi
389 1621 546 1776 diatribae
575 1684 671 1749 duces
704 1686 744 1750 atl
778 1685 986 1752 resistendum
1015 1687 1163 1752 consules

104 1768 204 1836 fuere:
244 1770 295 1836 Ea
322 1772 422 1860 igitur
449 1791 523 1854 pars
553 1770 734 1856 reipublice
756 1771 843 1836 vicit.
871 1793 931 1838 nec
959 1773 992 1836 in
1018 1795 1162 1856 praesens

103 1857 207 1934 modo,
223 1857 280 1922 aed
295 1857 329 1921 iu
342 1857 521 1922 venientem
541 1858 636 1922 etiam
655 1878 775 1924 annum
792 1856 843 1923 M.
861 1859 995 1925 Fabium
1011 1859 1036 1898 ⁴⁵
1047 1859 1162 1926 Kaeso·
1172 1877 1201 1926 U.
1213 1880 1241 1928 c.
1253 1879 1311 1930 2⁵11.

104 1942 148 2007 nia
171 1941 313 2021 fratrem,
340 1955 373 2008 et
402 1945 503 2031 magis
527 1943 664 2008 invisum
691 1944 825 2010 alterum
849 1944 946 2030 plebi,
962 1944 1242 2013 accusationem·
1253 1945 1309 2023 Q·

105 2029 157 2113 Sp.
168 2028 282 2106 Cassii,
299 2030 339 2095 L.
352 2029 514 2095 Valerium
531 2030 719 2096 ⁴6consules²
732 2031 831 2096 dedit.
853 2033 1017 2098 Certatum
1028 2056 1068 2097 eo
1081 2057 1161 2122 quo·
1170 2007 1310 2122 Ὴῇξζῗξ,

103 2137 160 2200 que
173 2138 262 2182 anuo
276 2138 350 2182 cum
367 2116 503 2181 tribunis
517 2130 573 2182 eat.
588 2138 669 2181 vana
684 2116 748 2194 lex,
762 2117 900 2203 vanique
914 2119 991 2205 legis
1006 2132 1160 2198 auctores.
1170 2138 1238 2185 con.

98 2201 247 2286 jactando
262 2203 388 2268 irritum
412 2225 538 2280 munus,
553 2203 637 2268 facti.
683 2203 817 2270 Fabium
829 2204 903 2270 inde
917 2227 1035 2270 nornen
1049 2207 1162 2296 ingena

102 2301 169 2372 poet
186 2303 252 2354 tres
265 2291 435 2356 continuos
457 2290 652 2370 consulatus,
667 2311 794 2376 unoque
814 2290 900 2356 velut
919 2305 1030 2358 tenore
1051 2315 1163 2359 omnes

99 2389 251 2528 witae
266 2376 447 2529 triburtriciis
461 2377 698 2526 certfamipibual3
713 2376 867 2526 babitpm.
879 2377 1007 2524 hitaque,
1024 2395 1063 2528 ull
1081 2379 1164 2528 plene

182 2485 231 2541 us,
254 2483 357 2528 mansu
395 2485 428 2527 m
453 2485 492 2528 ea
527 2484 634 2528 enula
658 2485 699 2526 at
725 2484 796 2526 uam
821 2483 855 2525 ιιι
901 2485 990 2528 onos.
1065 2487 1083 2527 e
1108 2485 1163 2528 um

98 2547 171 2613 iude
185 2549 305 2616 Veiens
326 2550 441 2614 initum
454 2573 464 2625 3
487 2560 519 2613 et
534 2549 641 2614 Volsci
655 2485 857 2614 reillellarunt.
882 2547 938 2612 sed
952 2546 993 2613 ad
1012 2547 1095 2613 bella
1108 2573 1163 2614 ex·

96 2645 186 2702 terna
212 2657 316 2722 prope
342 2648 528 2720 supererant
548 2636 643 2700 vires:
678 2633 991 2720 “abutebanturque
1015 2634 1053 2699 iis
1079 2635 1164 2702 inter

94 2721 282 2808 semetipsos
311 2721 474 2788 certando.
517 2722 690 2790 Accessere
717 2721 758 2786 ad
786 2743 889 2810 oegrua
916 2722 984 2808 jam
1018 2722 1163 2787 omnium

96 2821 219 2875 mentes
240 2809 392 2894 prodigia
413 2808 566 2890 coelestia,
581 2830 681 2894 prope
696 2807 896 2895 quotidianas
910 2808 944 2872 in
968 2810 1045 2873 urbe
1063 2809 1164 2896 agris·

93 2913 156 2978 que
184 2894 381 2962 ostentantia
410 2896 521 2960 minas.
565 2895 591 2934 ⁴⁸
605 2895 748 2981 motique
771 2895 820 2960 ira
848 2894 988 2958 numinis
1017 2916 1164 2961 caussam

92 2981 216 3048 unllam
247 2981 345 3047 aliam
370 2995 457 3048 vates
482 2981 649 3061 canebant,
674 2979 802 3064 publice
828 2981 1050 3067 privatimque,
1077 3004 1164 3048 nunc

90 3069 185 3146 extis,
202 3089 291 3136 nuuc
312 3090 372 3154 per
392 3090 465 3134 aves
487 3066 635 3148 consulti,
655 3089 751 3154 quam
776 3067 863 3136 baud
886 3069 946 3132 rite
970 3089 1060 3132 sacra
1080 3068 1163 3134 fieri.

136 3155 144 3168 '
167 3169 310 3221 terrores
337 3168 447 3220 tamma
470 3175 667 3231 coemere,
694 3165 730 3219 ut
753 3153 872 3240 Oppia,
896 3155 987 3242 virgo
1014 3153 1161 3233 Vestalis,

166 3257 247 3308 nata
260 3241 375 3309 incerti
389 3262 500 3328 poeuaa
514 3238 648 3306 dederit.

129 3326 379 3405 xL111.⁴⁹Q.
403 3327 522 3396 Fabius
547 3324 623 3392 inde
651 3337 685 3392 et
711 3327 753 3393 C.
773 3323 879 3393 Julius
904 3328 1049 3393 consules
1073 3325 1198 3394 facttu.
1212 3337 1308 3390 aare.

500 3463 503 3470 ²
1168 3403 1199 3452 Δ.
1212 3405 1241 3452 c.
1253 3403 1310 3451 480.
1324 3400 1328 3412 ’

478 3468 611 3518 ‘maculem
618 3470 695 3519 'Gron
709 3468 780 3520 Cres.

115 3617 572 3684 42⁶1’oemeoluegearonumu.
645 3626 703 3668 vett.
719 3621 958 3684 mauselanum·
974 3621 1101 3670 succinunt
1112 3621 1160 3671 duo
1248 3642 1252 3648 ·

115 3683 329 3747 *prop-tm
347 3682 496 3745 maten}
527 3683 611 3732 Potes·
644 3687 764 3734 enorum

80 3751 164 3797 hum
176 3761 261 3808 stum,
270 3764 327 3810 qum
342 3761 387 3808 per
397 3761 423 3794 ae
438 3754 508 3808 grata
522 3750 612 3809 populo
676 3749 707 3798 Η
724 3751 926 3812 Alatebenturque
947 3752 977 3799 ils
997 3753 1059 3798 later
1079 3755 1160 3800 mnd-

79 3821 243 3934 a...
236 3813 613 3936 :tentatae
643 3814 706 3927 tr:
724 3817 1018 3942 mm
1032 3815 1161 3928 .⁶...·¹¹.·⁰.l2

80 3941 612 4004 bomintmetmagnocircaaecivium
644 3947 779 4006 xmettprt
805 3945 951 3994 munusue
972 3947 1075 3992 renim.
1107 3945 1161 3993 Nec

80 4017 208 4056 murata
218 4007 366 4056 efficiebant.
643 4021 751 4068 unquam
763 4011 813 4058 fere
824 4009 894 4056 aliter
904 4009 997 4057 Liuius.

114 4070 611 4136 ⁴4¹0mtattt1sponunei‚etumrtne
675 4071 844 4136 ⁴8'Mothuc
858 4075 896 4119 tra
911 4072 1027 4137 nuntiata]
1044 4074 1076 4121 Et
1092 4081 1160 4122 vates

82 4136 135 4184 ulla
145 4139 273 4200 proposita
283 4137 405 4185 mercede.
643 4138 736 4184 nullam
756 4139 829 4185 altam
847 4151 945 4184 eausam
962 4141 1161 4195 attentantem

116 4201 151 4248 46
164 4201 280 4266 Comata]
294 4199 611 4262 uterumqaoquequt
643 4200 698 4247 irati
719 4203 753 4249 dii
772 4215 864 4250 numen
885 4215 958 4248 auum
980 4216 1023 4263 par
1044 4203 1087 4250 illa
1104 4215 1161 4264 pro-

86 4265 409 4316 mmmmm
643 4265 851 4326 digiaexermcnt.
863 4265 921 4312 Vld
933 4273 983 4313 not.
996 4267 1160 4315 nancte.

117 4329 151 4378 4⁶
169 4333 293 4381 cmm
311 4328 390 4393 m]
416 4329 482 4391 Lege
501 4330 610 4386 team,
643 4329 692 4376 tt.

86 4395 610 4460 mdoSlgonluababeriaffirmstln
674 4392 1159 4462 ittab'ubtarlaffll’rntadeduoat

128 4477 204 4528 vot.
220 4481 245 4529 1.
697 4478 721 4524 lt
