3056 4928
417 242 511 302 arn
529 195 602 305 vti.
631 241 734 302 cnr.
754 241 830 300 xu.
1095 245 1151 300 ru

98 413 187 493 gaeta
205 413 263 468 eat.
309 401 352 468 Et
373 401 483 468 cortem
503 401 583 472 alter
599 401 715 468 Fabius
739 401 861 488 proeliis
879 401 1020 487 primum
1040 396 1302 485 persianum.

99 501 260 576 postremo
282 509 347 554 uns
367 489 483 575 insigni
506 508 624 576 pugrra,
641 509 738 576 quum
760 487 866 554 hostes
886 487 960 552 totis
981 487 1085 552 adorti
1102 489 1194 552 co-A·
1206 487 1316 576 ⁰2³⁶⁷Q

57 635 63 642 .
99 576 158 663 piis
173 587 287 654 esseut,
306 575 464 642 Hernicos
477 575 613 640 devincit
621 585 642 640 ⁰.
686 575 845 652 Dictator,
861 573 1044 638 oonsulibus
1063 552 1265 667 inre-{13⁰⁶

99 674 176 729 natu
203 675 237 726 et
258 660 345 746 apud
373 661 528 746 populum
557 683 606 726 ura
654 661 724 725 ilica
748 660 951 738 conlaudatis,
973 672 1005 725 et
1030 681 1157 724 suarum

121 769 226 833 noque
248 769 354 812 rerum
378 746 439 813 illis
462 748 593 812 remisso
638 769 746 829 onore,
761 749 917 813 dictatura
936 769 968 811 se
989 745 1158 811 abdicavit.

99 771 258 900 leceline
268 832 309 897 de
321 824 421 902 Gallis
433 833 683 920 Tiburtibusque
693 836 855 920 geminum
871 832 1068 918 triumphum
1084 833 1158 920 egit.

101 919 202 984 Fabio
217 920 292 984 satis
307 918 418 996 visum,
434 933 470 984 ut
483 942 580 988 ovans
594 921 704 985 urbem
723 921 827 987 iniret.
871 919 1016 984 inridere
1032 915 1160 984 Poetelii

100 1004 299 1092 triumphum
316 1004 484 1070 Tiburtes:
513 1005 576 1072 Ubi
596 1008 674 1072 enim
693 1027 756 1070 ntur
769 1029 865 1071 secura
884 1010 951 1072 acie
963 1007 1159 1093 conflixisse?

97 1102 284 1175 spectatam
286 1113 402 1174 paucos
397 1093 491 1176 sngoe
498 1093 946 1177 trepidationisqaefiatuaan,
958 1101 1162 1174 extrapositis

100 1200 243 1264 egressos,
252 1187 414 1262 postquam
430 1181 463 1240 in
477 1201 508 1244 se
522 1200 637 1262 quoque
647 1179 727 1259 fieri
745 1181 878 1263 inpetunt
892 1181 1036 1254 viderint,
1051 1187 1082 1240 er
1095 1179 1162 1242 sine

101 1265 279 1328 discrimine
291 1263 393 1327 obvios
414 1266 500 1341 caedr',
515 1267 661 1346 recepisse
681 1287 713 1330 se
735 1267 822 1328 intra
840 1267 951 1330 tabern
994 1266 1076 1328 Eam
1098 1283 1160 1326 rem

100 1349 256 1432 triumpho
272 1350 395 1433 dignam
411 1351 505 1414 nisam
521 1351 696 1416 Romanis?
718 1371 756 1414 ne
770 1354 985 1418 nimisnimtis
1007 1365 1158 1432 magrmrn·

101 1457 158 1520 que
170 1443 336 1512 cmsermtt,
346 1437 503 1500 tumultum
518 1438 633 1502 endere
646 1439 681 1500 in
694 1437 822 1501 kostiom
831 1440 944 1522 penu,
955 1436 1097 1521 majorem
1112 1437 1161 1517 ip-

100 1544 148 1588 sos
161 1523 398 1604 equitationem
413 1530 486 1584 aute
499 1523 610 1586 moeain
623 1545 678 1587 arra
692 1525 820 1588 orsurus.

144 1607 227 1672 XII.
252 1606 364 1692 Itaque
381 1606 556 1707 insequenti
578 1629 672 1684 anno,
688 1607 772 1674 ⁶³M.
789 1607 926 1694 Popillio
942 1605 1081 1683 Loennte,
1098 1604 1159 1670 Cn.
1171 1623 1199 1669 U.
1211 1621 1305 1671 (1.396.

104 1691 232 1760 Manlio
253 1691 443 1768 consulibus,
458 1715 561 1777 prrmo
582 1693 707 1760 silentio
726 1695 828 1759 noctis
846 1693 889 1759 ab
901 1693 1023 1758 Tibure
1036 1692 1162 1778 agmina
1169 1685 1324 1813 &mi-⁰,

103 1777 216 1844 infesto
237 1777 382 1864 proiecti,
397 1778 438 1842 ad
463 1779 573 1844 urbem
594 1780 730 1844 Romam
752 1793 915 1846 venerunt.
937 1791 1088 1844 terrorem
1112 1799 1317 1864 *cannito

102 1878 200 1950 pente
224 1887 265 1928 ex
292 1885 405 1928 somno
430 1864 576 1930 excitatis
601 1867 706 1932 subita
730 1889 780 1931 ner
803 1880 836 1932 et
863 1879 1037 1930 nocturnus
1065 1883 1235 1950 pavorem

105 1951 262 2036 praebuit:
286 1949 327 2014 sd
353 1949 415 2014 boc
437 1951 608 2018 multorum
634 1954 767 2032 inscitia,
788 1954 856 2040 qui,
871 1965 926 2018 aut
949 1951 1044 2030 unde,
1060 1951 1164 2015 hostes

105 2037 316 2103 advenissent.
362 2035 603 2102 conclamatum
619 2053 723 2104 tamen
741 2039 883 2105 celeriter
897 2039 936 2103 ad
958 2059 1046 2104 arana
1061 2050 1116 2114 est,
1133 2049 1166 2100 et

105 2136 210 2274 fortae
224 2120 422 2199 nationibus,
439 2123 584 2209 murique
604 2125 758 2202 praesidiis
778 2125 914 2190 firmati:
938 2139 969 2188 et
986 2124 1039 2188 ubi
1061 2124 1165 2208 prima

119 2209 383 2275 uri-mediocrem
412 2208 646 2274 multitudinem
673 2223 746 2274 ante
772 2212 898 2286 moenia,
928 2231 1031 2294 neque
1055 2208 1164 2286 aliurn,

107 2318 202 2382 qoam
215 2295 396 2376 Tiburtem,
407 2293 531 2360 hostem
546 2296 694 2376 ostendit,
706 2297 829 2361 duabus
843 2296 943 2382 portis
958 2294 1074 2381 egressi
1088 2313 1164 2357 oon·
1173 2317 1285 2364 monerer
1296 2317 1326 2363 aa

107 2381 189 2448 aulea
203 2382 363 2467 utrimque
375 2381 474 2444 aciem
490 2381 692 2448 subeuntium
707 2383 775 2469 jam
791 2401 900 2447 muros
917 2379 1146 2467 adgrediuntur
1156 2401 1164 2443 r
1176 2382 1327 2458 }tomarpo-
1344 2381 1350 2388 ’

108 2467 320 2553 adparuitque
344 2467 508 2534 occasione
532 2469 641 2556 magis,
660 2491 754 2554 quun
779 2471 904 2547 virtute,
920 2466 1016 2532 fretos
1034 2466 1167 2530 venisse.
1176 2459 1216 2492 ¹¹¹²
1228 2446 1292 2492 Μ·

108 2553 190 2620 adeo
207 2555 263 2618 vix
282 2553 423 2638 primum
444 2553 586 2634 innatam
604 2555 823 2620 Romartmunr
849 2555 1033 2620 sustinuere.
1077 2551 1168 2628 Quin

108 2641 205 2706 etiam
233 2639 320 2704 bono
346 2638 442 2706 faisse
472 2640 626 2706 Romanis
655 2641 823 2708 adunatum
851 2659 962 2706 eorum
991 2637 1168 2718 constabat,

109 2726 326 2826 orientemque
344 2727 412 2810 jam
438 2725 624 2794 seditionem
647 2727 731 2792 inter
751 2727 860 2793 Patres
881 2741 916 2792 et
935 2725 1059 2812 plebem
1081 2737 1168 2788 metu

108 2824 175 2878 tam
197 2812 370 2898 proprnqui
385 2811 458 2879 belli
478 2835 698 2898 compressam.
742 2814 835 2879 Alius
855 2814 1009 2878 adventus
1030 2809 1169 2875 boatium
1284 2887 1288 2894 ¹

109 2896 170 2963 fnit
216 2899 341 2962 roximo
366 2897 459 2977 bello,
522 2900 573 2977 ris,
610 2895 683 2965 bam
708 2901 789 2978 urbi,
806 2900 984 2965 terribilior.
1029 2895 1169 2982 Popula·

110 2983 176 3050 bun
203 2922 574 3069 iTarquiniensesadnes
589 2923 763 3068 bomanos,
777 2987 914 3052 maxime
934 3005 997 3073 qua
1017 3005 1055 3049 ex
1077 2995 1307 3069 parterarqurnr-

109 3059 276 3138 Etruriam
291 3070 445 3156 adjacent,
461 3089 685 3158 peragravere:
709 3074 801 3139 rebus
847 3097 865 3138 e
884 3071 1098 3159 nequidquam
1120 3079 1234 3134 res-²¹¹³e
1245 3066 1295 3113 Μ·

151 3156 227 3235 titis,
243 3159 317 3220 novi
337 3154 483 3224 consules
499 3155 537 3224 C.
554 3159 671 3225 Fabius
685 3174 717 3225 et
732 3159 771 3225 C.
789 3159 932 3225 Pactius
948 3161 1037 3246 jussu
1059 3132 1313 3242 e⁰t³1¹¹¹li¹¹¹cssa

162 3242 231 3308 lum
254 3243 414 3317 inclinem
439 3243 600 3331 Fabioque
624 3267 661 3311 ea
685 3247 859 3330 provincis,
884 3245 1010 3310 Plautio
1033 3239 1168 3308 Hernici
1179 3259 1314 3308 moses

112 3349 254 3394 evenere.
299 3329 415 3394 Gallici
443 3351 568 3418 quoque
595 3331 669 3396 belli
694 3331 779 3396 sama
801 3331 1060 3397 increbrescebat.
1106 3324 1301 3400 Sedetano,

112 3413 195 3484 iuter
223 3413 340 3480 multos
364 3427 498 3482 terrores
523 3417 635 3482 solatio
659 3417 719 3483 tuit
746 3439 809 3504 pax
838 3417 960 3482 Latinis
990 3415 1169 3502 petentibus
1179 3389 1314 3504 gam

116 3501 202 3578 data,
218 3513 250 3566 et
271 3522 387 3588 magns
401 3501 446 3564 vis
468 3503 602 3568 militum
624 3503 664 3568 ab
687 3504 724 3568 iis
745 3526 784 3568 ex
806 3503 923 3568 foedere
938 3515 1068 3579 vetusto,
1083 3502 1169 3587 quod

114 3587 222 3654 multis
249 3586 481 3654 intermiserant
509 3589 610 3667 annis,
636 3603 775 3673 accepta.
804 3613 868 3676 qno
896 3588 1044 3675 praesidio
1072 3609 1173 3670 quum

507 3775 613 3826 ”uertat
624 3779 697 3828 Gron.
711 3781 781 3827 Crcv.

146 3953 179 4002 ⁶8
195 3953 236 4000 Μ.
249 3953 352 4014 Popillio
363 3954 468 4020 Lanae]
486 3955 534 4004 Hic
548 3957 630 4020 Popil-
662 3959 825 4020 Comatam,
837 3959 910 4021 ptetet
925 3963 1004 4006 eontra
1020 3957 1105 4004 Patres
1120 3971 1173 4004 con·
1208 4009 1212 4015 ,

115 4017 162 4069 tu
182 4017 290 4066 Mle
310 4020 355 4066 tlltl
377 4033 509 4080 cognomen
533 4023 558 4068 in
582 4023 630 4072 boc
660 4025 766 4070 aarum
779 4029 801 4071 cl
819 4024 927 4071 redlllotoe
944 4025 1063 4080 nunciato,
1080 4023 1106 4067 ul
1121 4025 1172 4070 aral

116 4085 260 4144 magistratu
284 4085 384 4144 repen,
404 4090 432 4131 ut
457 4086 574 4133 dlacimus
598 4101 628 4134 ex
660 4087 893 4145 leonumlonum
911 4089 972 4134 omit
991 4089 1016 4134 lu
1035 4087 1172 4142 mulonem,

116 4147 165 4194 cte.
186 4148 213 4201 iu
238 4148 325 4202 Bruto,
345 4161 368 4193 n.
388 4147 427 4195 14.
451 4148 519 4196 Licet
540 4151 630 4211 aliquid
660 4151 842 4213 seditionumque,
863 4163 934 4211 qttum
956 4153 1099 4206 mandute,
1122 4153 1173 4198 ium

115 4211 192 4267 nisu,
204 4211 286 4270 inquit
297 4212 349 4271 ille,
360 4211 388 4258 de
402 4212 440 4259 Μ.
452 4213 547 4276 raptim
563 4217 629 4276 lage·
659 4218 762 4262 motione
780 4217 873 4264 amatr.
908 4215 941 4262 Et
959 4229 1016 4262 sane
1035 4216 1106 4270 intra,
1127 4215 1173 4262 boc

116 4277 154 4322 alo
172 4277 297 4336 winsi.
316 4277 357 4336 arri
377 4289 447 4337 m
467 4279 545 4325 consul
564 4283 629 4338 aad,
660 4281 743 4340 lpsoe.
756 4277 839 4330 Livius
855 4279 977 4328 seditionis
992 4279 1091 4328 orientis
1105 4293 1175 4326 men·

115 4339 233 4400 miraque
248 4343 348 4400 ternpore
362 4342 498 4404 mmssclran
512 4343 629 4402 pilleum
660 4345 751 4391 donam
765 4345 831 4392 tacit.
864 4346 935 4392 Loeaa
953 4353 1004 4392 erat
1021 4345 1095 4392 verda
1109 4357 1174 4392 cras·

117 4415 168 4450 curn
188 4405 249 4454 tera
263 4403 363 4467 som,
382 4405 442 4467 qued
461 4410 511 4453 erat
532 4405 629 4454 Flamen
661 4409 718 4469 dor,
730 4408 1000 4472 bratmdupllcistogae.
