3032 4924
329 223 410 300 'sss
583 300 591 317 ,
744 235 857 298 rrrr
885 235 1022 298 crvrr

189 411 221 460 υ.
231 412 259 462 c.
270 411 326 463 sol.
351 411 384 464 et
397 399 513 465 comite
526 398 594 464 uti:
617 397 773 486 simulque
788 398 894 482 plures
907 399 1010 486 pueri,
1025 396 1220 486 quodlrodie
1231 401 1392 488 quoqneiu

189 478 220 526 L
231 479 259 556 ⁰:
270 475 333 554 ³⁹.¹·‘
353 485 480 552 Grecis
492 499 611 564 manet,
627 487 720 551 unius
736 509 820 551 curse
834 487 1121 552 demandabantur.
1135 487 1308 573 principum
1322 485 1392 551 libe-

189 542 338 670 iifflffju,
354 595 416 650 ros,
431 574 513 637 sicut
527 572 591 637 fere
606 573 652 649 fit,
674 573 727 658 qui
743 574 873 638 scientia
887 573 1052 639 videbatur
1071 573 1260 659 praecellere,
1281 573 1392 637 erudis·

189 671 297 718 venturu
353 657 419 725 bat.
465 658 497 723 Is
511 681 608 746 quum
626 659 657 724 in
674 681 753 742 pace
767 660 951 726 instituisset
966 681 1081 742 pueros
1095 674 1170 724 ante
1188 659 1296 725 urbem
1318 660 1394 724 lusus

187 736 267 858 ἓξὲξ
277 743 304 784 ‘l
352 745 581 847 exercendique
594 767 702 812 caussa
713 746 908 835 producere;
931 745 1011 810 nihil
1023 769 1061 812 eo
1074 769 1162 812 more
1176 768 1232 831 per
1242 745 1313 826 belli
1325 757 1394 809 tem·

353 854 412 918 pus
433 832 622 909 intermrsso,
638 833 652 872 ⁶
662 850 740 911 tum,
758 834 855 898 modo
877 834 1083 911 brevioribus,
1103 833 1198 898 modo
1212 831 1395 919 longioribus

351 920 470 1004 spatiis,
493 918 649 984 trahendo
669 943 723 985 eoa
742 943 761 984 s
780 933 884 1005 porta,
906 919 976 985 lusu
998 920 1255 1008 sennonibusque
1268 917 1394 995 variatis,

344 1004 476 1084 longius
498 1007 600 1084 solito,
618 1005 671 1071 ubi
687 1029 736 1072 rea
750 1006 849 1083 dedit,
870 1028 1065 1093 progressus,
1081 1009 1164 1073 inter
1185 1009 1330 1072 stationes
1350 1025 1396 1068 eos

350 1091 488 1158 hostium
509 1107 672 1179 castraque
687 1094 761 1159 inde
776 1093 920 1159 Romana
934 1096 966 1158 in
977 1095 1163 1178 praetorium
1178 1093 1220 1158 ed
1236 1090 1394 1158 Camillum

431 1180 511 1246 uxit.
533 1180 578 1245 ibi
592 1181 723 1246 scelesto
737 1179 870 1246 facinori
885 1180 1094 1246 scelestiorem
1119 1201 1294 1246 sermonem
1316 1176 1397 1243 addi·

374 1267 416 1331 it:
446 1269 589 1332 Falerios
608 1291 641 1333 se
662 1270 696 1332 in
710 1289 817 1333 maures
830 1269 982 1334 Romanis
1004 1270 1192 1344 tradidisses
1215 1267 1334 1352 quondo
1354 1283 1397 1328 eos

344 1375 468 1438 pueros,
485 1376 610 1438 quorum
627 1365 775 1438 parentes
788 1356 894 1439 capito
910 1355 956 1419 ibi
968 1377 1069 1419 rerum
1091 1357 1165 1432 sint,
1181 1357 1216 1418 iu
1229 1360 1397 1437 potestaten

349 1441 512 1505 dediderit.
558 1440 643 1517 Quae
665 1441 718 1505 ubi
735 1439 888 1506 Camillus
907 1440 1038 1520 audivit,
1054 1441 1128 1504 Nou
1142 1443 1188 1504 ad
1207 1441 1340 1514 similem,
1355 1439 1397 1500 in·

349 1528 431 1611 quit,
446 1528 494 1591 tui
503 1547 557 1590 nec
567 1530 723 1610 populum,
738 1550 792 1592 uec
807 1530 1029 1611 imperatoreos,
1045 1529 1184 1592 scelestus
1198 1529 1264 1610 ipse
1273 1545 1335 1590 orm
1344 1544 1397 1588 sce·

348 1614 424 1678 lesio
438 1635 559 1677 munere
572 1616 693 1678 venisti.
737 1614 913 1678 Nobiscum
929 1615 1071 1691 Faliscis,
1095 1635 1164 1698 quer
1180 1621 1277 1697 pacto
1285 1613 1331 1697 fit
1349 1611 1397 1672 los·

348 1720 450 1775 mono,
464 1702 592 1764 societas
606 1722 667 1764 nou
680 1710 735 1766 est.
751 1722 840 1784 quam
856 1703 1048 1785 ingenerauit
1062 1711 1190 1780 notura,
1204 1701 1339 1784 utrisque
1350 1705 1397 1771 est,

348 1785 493 1869 eritque.
520 1787 598 1850 Sunt
616 1797 645 1850 et
659 1787 742 1863 belli,
766 1789 843 1851 siuet
859 1789 960 1870 pacis,
975 1786 1077 1872 juro.-
1088 1786 1235 1872 jruteque
1257 1785 1326 1862 ⁷eo,
1345 1801 1399 1846 nor

347 1873 446 1935 miuus
454 1873 691 1957 qucmfortiter,
702 1875 863 1938 didicimus
869 1895 987 1958 gerere.
1010 1874 1108 1938 Arma
1119 1874 1272 1950 dobems,
1284 1869 1400 1935 coaud-

348 1979 449 2022 oersus
459 1980 525 2022 eam
536 1968 666 2036 etatem,
682 1962 732 2023 cui
742 1961 833 2024 etium
844 1962 946 2044 caplis
958 1960 1082 2025 urbibus
1087 1962 1251 2042 parcitur:
1265 1960 1318 2023 sed
1329 1955 1399 2018 ⁸uri»

348 2065 449 2110 uermes
460 2055 603 2124 armatos,
616 2056 645 2110 et
654 2048 745 2128 ipsos,
756 2047 820 2131 qui,
836 2067 889 2111 nec
899 2048 975 2122 loeai,
988 2068 1042 2110 rrec
1054 2048 1192 2111 lacessiti
1201 2069 1223 2110 a
1234 2045 1328 2121 uobis,
1340 2063 1400 2106 cos·

347 2139 400 2194 tra
424 2131 569 2196 &mono
592 2135 636 2196 od
652 2133 743 2198 Veios
755 2133 979 2218 obpuguomnt.
1023 2133 1089 2198 Eos
1108 2143 1152 2210 tu,
1170 2143 1315 2218 quicum
1330 2132 1400 2193 inte

334 2219 419 2300 ficit,
435 2240 511 2284 uoco
529 2221 640 2284 scelere
652 2221 775 2284 uicisti:
798 2241 852 2304 ego
867 2220 1019 2283 Romords
1031 2219 1160 2301 ortibus,
1173 2221 1297 2294 virtue,
1309 2235 1400 2300 opere,

346 2307 452 2382 armis,
467 2307 546 2370 sicut
564 2305 663 2383 Veios,
679 2307 807 2370 uincam.
852 2304 1059 2371 Denudstum
1074 2305 1193 2370 deinde
1207 2326 1293 2385 eum,
1309 2299 1399 2367 meni·

346 2389 406 2454 bus
427 2405 502 2477 post
521 2406 645 2476 tergum
660 2392 811 2479 inligatis,
825 2391 1039 2457 reducendum
1065 2391 1208 2456 Falerios
1223 2388 1328 2478 pueris
1342 2401 1400 2452 tra·

346 2475 444 2542 didit:
467 2479 556 2566 virge
594 2502 632 2543 ue
654 2479 846 2565 ein-quibus
868 2477 1062 2562 proditorem
1085 2493 1219 2566 egerent
1242 2479 1275 2542 io
1299 2474 1400 2541 urbem

346 2563 555 2643 verberantes,
593 2565 667 2630 edit.
712 2565 765 2630 Ad
781 2563 866 2650 quod
892 2565 1103 2650 spectaculum
1119 2587 1278 2630 concursu
1299 2557 1400 2648 populi

345 2653 484 2736 primum
500 2650 596 2732 lacto,
607 2651 719 2726 deiude
734 2675 753 2714 a
775 2651 1009 2738 magistratibus
1023 2651 1064 2716 dc
1078 2673 1113 2716 re
1127 2673 1212 2717 nove
1226 2662 1340 2715 vocato
1357 2668 1400 2711 se·

346 2751 434 2816 natu,
450 2751 539 2802 tante
563 2738 695 2802 mutatio
710 2737 824 2801 animis
842 2747 892 2801 est
916 2739 1039 2824 injecta,
1062 2751 1108 2815 ut,
1132 2741 1188 2825 qui
1212 2737 1319 2813 modo,
1336 2731 1401 2797 effe·

346 2824 407 2888 rati
422 2823 497 2888 odio
511 2825 630 2910 ireque,
646 2823 824 2888 Veientium
840 2824 962 2888 exitum
978 2847 1069 2910 pene,
1085 2846 1181 2910 quam
1196 2821 1400 2910 Capenatium

346 2931 468 2995 pacem,
480 2909 617 2986 mallent,
629 2912 712 2994 apud
722 2931 776 2974 eos
787 2930 896 2994 pacem
907 2913 1052 2976 universe
1059 2927 1207 2996 posceret
1217 2911 1338 2975 civitas.
1355 2906 1379 2971 F
1380 2907 1401 2969 i·

346 2996 402 3060 des
414 2997 571 3075 Romana,
578 2997 701 3082 justitia
709 2996 918 3079 imperatoris,
928 2998 959 3060 in
969 2996 1039 3061 foro
1049 3012 1081 3062 et
1091 2998 1181 3063 curis
1192 3000 1401 3064 celebrentur:

348 3101 567 3168 consensuque
581 3083 722 3147 omnium
745 3082 839 3168 legati
863 3083 901 3147 ud
924 3083 1094 3148 Camillum
1118 3084 1151 3148 in
1174 3097 1291 3157 castra,
1315 3093 1402 3166 etque

349 3167 424 3232 inde
448 3169 604 3253 permissu
620 3169 746 3234 Camilli
770 3169 906 3234 Romam
930 3170 969 3234 ad
992 3184 1149 3248 senatum,
1173 3171 1230 3257 qui
1254 3167 1402 3235 dederent

186 3261 326 3310 retractae-
353 3255 501 3332 Falerios,
518 3257 771 3340 proficiscuntur.
818 3256 996 3321 introducti
1019 3256 1060 3320 ad
1081 3270 1228 3322 senatum
1247 3257 1294 3320 ita
1314 3250 1404 3318 locuti

186 3327 303 3440 ἓξὲξ,
350 3341 535 3408 traduntur:
558 3345 672 3408 Patres
684 3344 859 3426 cousmpti,
875 3343 1037 3422 ⁹oictoria,
1049 3346 1100 3408 cui
1109 3365 1163 3408 uec
1174 3345 1277 3421 Deus,
1293 3339 1403 3405 necio-

304 3426 310 3441 '
348 3451 395 3494 mo
409 3432 566 3516 quisquam
582 3432 730 3508 invideat,
746 3431 821 3496 victi
834 3451 855 3492 a
866 3429 949 3494 uobis
959 3439 990 3494 et
1000 3431 1185 3513 imperatore
1198 3441 1311 3504 oestro,
1322 3425 1404 3491 dedi·

346 3539 410 3582 mas
423 3539 478 3582 reos
491 3517 574 3582 nodis
581 3542 595 3593 ,-
617 3518 693 3594 rali,
710 3538 768 3601 quo
782 3517 864 3580 iridil
876 3517 987 3581 victori
994 3517 1155 3599 pulchrius
1164 3526 1221 3594 est,
1237 3516 1344 3580 melius
1354 3530 1403 3574 nos

345 3603 399 3668 seth
414 3605 658 3686 imperiooeslro,
673 3625 763 3687 quam
777 3601 893 3688 legibus
906 3605 1028 3679 ueretris,
1041 3604 1181 3668 vicanos.
1220 3599 1404 3668 Eoeululru·

335 3687 393 3774 jres
406 3689 480 3755 belli
492 3691 552 3754 duo
564 3691 719 3755 salutaria
742 3690 879 3772 eceruplo
893 3691 1026 3774 prodito
1045 3690 1176 3754 ismeone
1194 3689 1310 3774 generi
1328 3692 1402 3750 sunl·

345 3831 507 3890 Preceptores
530 3828 625 3889 publice
645 3827 777 3875 dooebsms
798 3839 858 3888 pue·
923 3825 1007 3890 llio]
1028 3827 1102 3874 Belle.
1136 3825 1247 3873 Observa
1268 3824 1404 3884 exemplum

346 3909 428 3943 renim
444 3893 637 3941 comitandomm
649 3891 811 3954 privatimque
821 3891 860 3938 irr-
890 3893 1005 3938 orationis
1018 3891 1191 3954 grammaticas
1206 3891 1275 3952 leges
1296 3897 1405 3949 muso·

347 3960 526 4006 stituendorum
539 3970 598 4004 curs
614 3957 858 4016 sdpmugossosper·
889 3957 929 4004 tis.

347 4024 446 4070 tinebet.
490 4021 543 4070 Nec
576 4021 649 4068 simul
682 4020 763 4080 plures
792 4019 861 4082 pueri
923 4017 1298 4082 eatmmemesuertpm]
1317 4017 1405 4064 Adver-

349 4087 421 4136 uoius
438 4087 547 4146 magistri
559 4099 623 4133 curu
635 4085 750 4132 edocendi
761 4087 861 4132 demen-
891 4097 933 4132 aus
952 4088 1055 4147 eosqui,
1076 4093 1104 4134 ut
1126 4099 1169 4132 nos
1197 4096 1288 4132 sumus
1312 4076 1405 4134 esmfis

348 4152 480 4197 debenturs
498 4151 540 4197 sed
555 4163 614 4196 suus
629 4145 747 4210 cujusque
759 4149 860 4211 familiis
891 4150 926 4196 ita
936 4157 961 4196 et
970 4151 1017 4211 ipsi
1027 4165 1122 4212 quoque
1133 4163 1203 4196 sama
1212 4153 1310 4210 geram.

347 4214 429 4276 pueris
439 4215 585 4275 paedagogus
596 4219 707 4274 preerat.
902 4251 905 4260 .
925 4215 941 4262 9
961 4215 1072 4273 Victoria,
1093 4216 1132 4262 ersi
1150 4227 1190 4260 nee
1207 4211 1275 4268 deur,
1291 4209 1404 4258 mrem

381 4278 397 4324 li
416 4279 476 4324 Tum
486 4277 563 4342 modo]
581 4279 620 4326 Sic
633 4277 700 4324 dedit
714 4279 859 4335 Gronovius,
889 4279 1012 4340 prtirqrrern¹
1020 4279 1133 4344 ircim]
1150 4279 1217 4333 Quin
1226 4277 1346 4323 nimirum
1363 4271 1403 4346 llll

348 4343 388 4390 cui
399 4343 577 4402 adstipulantur
594 4343 643 4391 duo
657 4355 687 4390 ex
699 4343 771 4392 MSS.
782 4343 861 4390 Hear-
891 4343 990 4390 victoria
1001 4343 1105 4392 loetum
1122 4357 1170 4392 oon
1183 4346 1235 4401 est,
1256 4340 1299 4388 aed
1310 4339 1405 4388 struit·

349 4407 391 4456 aii.
421 4406 568 4454 Antesdsrs
577 4406 650 4454 mdo.
890 4408 993 4456 undet
