3008 4908
341 218 367 304 f
399 231 493 291 ΜΒ.
516 207 568 290 ti.
598 229 698 292 cnr.
720 230 831 293 xmv.
1091 235 1151 300 ers

99 391 180 456 mine
201 379 332 481 ingenti,
356 395 447 460 redit
493 397 602 473 Quum
631 419 718 481 parsv
734 397 834 483 major
860 394 1051 480 insequentis
1074 395 1147 458 anni
1158 408 1187 457 tt.
1198 409 1315 460 esst·

98 497 152 562 per
163 498 260 544 novos
274 482 418 546 tribunos
433 483 538 568 plebi‘¹
560 499 591 547 et
605 484 644 547 nli
669 497 724 548 unt
739 484 912 568 interreges
925 477 1187 546 certaminibus*
1199 475 1226 523 ⁰·
1238 475 1294 523 ⁴¹⁸*

96 576 231 630 extracta
244 575 336 645 esset,
353 565 447 634 niodo
469 505 711 655 prohibentibus
737 569 871 633 tribunis
896 568 1045 654 patricios
1065 567 1150 632 coire

97 647 133 712 ad
154 652 353 734 prodendum
379 656 579 742 interregem,
594 660 691 720 motio
711 658 900 742 interregem
924 652 1151 738 interpellanti·

97 733 158 812 bus,
177 759 218 802 ne
239 742 543 806 senatusconsultum
559 745 599 806 ele
613 742 749 806 comitiis
772 740 990 806 consularibus
1012 739 1148 816 faeeret3

94 835 247 904 postremo
273 825 313 890 L.
332 827 476 913 Papirius
491 828 696 916 Mugillanus,
719 827 864 912 proditus
887 830 1038 903 interrex,
1054 830 1149 891 eusti-

94 907 193 994 gundo
207 931 295 976 nuno
314 913 431 993 Patres,
448 937 534 978 nunc
556 917 702 979 tribunos
717 913 810 1000 plebi,
827 917 974 978 desertam
994 916 1149 978 omissum·

92 1015 143 1076 quc
155 997 195 1058 ab
213 999 383 1064 bominibus
403 1001 627 1084 rempublicam,
648 1003 780 1065 Deomcm
796 1001 995 1084 providentia
1017 1021 1149 1084 citraque

93 1093 251 1164 emptam,
268 1086 476 1166 memorabat,
493 1088 665 1151 Veientibus
679 1090 811 1150 induciis
832 1097 862 1150 et
880 1088 1073 1149 mactatione
1087 1087 1148 1148 AE-

92 1187 207 1249 quorum
227 1181 323 1235 stare.
356 1173 480 1238 ⁹⁰Unde
493 1175 523 1237 si
536 1173 610 1258 qnid
624 1176 759 1256 increpet
772 1175 908 1248 terroris,
923 1174 990 1236 sine
1008 1174 1149 1254 patricio

92 1256 271 1338 magistratu
276 1261 404 1340 plaeere
415 1261 627 1341 rempublicam
643 1261 799 1344 obprimi?
823 1280 883 1322 uon
898 1260 1070 1334 exereitum,
1087 1279 1148 1322 non

91 1340 183 1404 mem
193 1345 354 1408 scribendo
365 1347 512 1410 exercitui
525 1351 612 1410 esse?
633 1367 676 1409 en
688 1347 764 1410 bello
776 1347 920 1409 intestino
931 1343 1039 1407 bellum
1049 1355 1147 1408 eeter-

91 1445 152 1490 rturn
161 1419 423 1512 propulsatur-oie
449 1431 529 1508 Quae
542 1435 571 1496 si
583 1433 615 1495 in
629 1453 719 1495 unum
734 1435 925 1508 mnemiant,
941 1432 995 1494 nie
1008 1433 1148 1495 Deorum

89 1513 196 1593 opibus,
211 1519 291 1600 quin
305 1517 453 1582 obnmtur
467 1520 609 1582 &mane
620 1541 678 1594 res,
691 1519 794 1582 resisti
804 1539 912 1600 posse.-
935 1519 1010 1602 quin
1026 1519 1085 1592 illi,
1098 1539 1147 1581 rc-

89 1600 225 1665 mittendo
241 1605 282 1666 dc
295 1625 409 1668 mmme
430 1608 555 1692 quisque
568 1604 663 1688 juris,
678 1603 703 1644 ⁹¹
714 1605 821 1668 mediis
833 1606 1013 1687 copularent
1025 1625 1148 1667 coneor-

89 1685 185 1749 diem:
209 1690 339 1767 Patres,
346 1693 498 1773 patiendo
512 1693 649 1756 tribrmes
663 1692 795 1756 militum
802 1711 865 1774 pro
875 1689 1148 1774 cmtsuiibusfieri:

89 1772 320 1858 tribuniplebis,
338 1799 398 1839 non
414 1779 635 1854 intercedendo,
651 1799 709 1861 quo
723 1778 822 1841 minus
836 1787 967 1862 quatuor
985 1779 1148 1860 quaestores
1155 1797 1286 1852 Quartum

82 1861 246 2007 miscus
271 1865 310 1926 de
329 1864 420 1946 plebe
443 1887 480 1928 ec
495 1864 643 1928 Patribus
667 1864 764 1928 libero
787 1863 940 1952 suffugio
959 1866 1072 1946 populi
1083 1864 1292 1988 fie-ffiijgu·

149 1990 157 2007 '
1137 1991 1275 2050 ,ramme

125 2029 257 2098 XLlV.
281 2034 470 2100 Tribunieia
495 2037 633 2122 primum
659 2037 790 2102 comitia
812 2049 885 2100 sunt
900 2034 1020 2100 habits.
1049 2049 1292 2104 eructuosas.

88 2116 197 2183 tribuni
211 2121 376 2186 consulari
390 2137 545 2207 potestate
559 2145 668 2188 omnes
684 2123 816 2207 patricii,
835 2123 874 2186 L.
886 2121 1056 2197 Quinctius
1068 2121 1146 2185 Ciu·
1155 2122 1184 2168 A.
1197 2121 1225 2170 ⁰·
1236 2119 1293 2198 ss⁴¹⁷t

90 2201 226 2300 sinuatus
254 2208 394 2285 tertium,
417 2209 456 2273 L.
474 2209 588 2274 Furius
613 2209 809 2274 Medullinus
834 2209 960 2284 iterum,
982 2207 1032 2271 M.
1050 2185 1310 2297 Man-hloffssss

86 2284 148 2370 ltus,
164 2297 202 2358 A.
219 2295 434 2380 Sempronius
445 2297 618 2360 Atratinus.
664 2295 741 2360 Hoc
754 2297 884 2359 tribuno
899 2295 1027 2358 comitia
1042 2313 1210 2378 queas-unt.

88 2387 182 2442 torum
203 2379 357 2458 habente,
422 2383 622 2469 tentibusque
650 2383 733 2445 inter
757 2381 877 2466 aliquot
906 2379 1047 2464 plebeios
1077 2375 1292 2456 ffljouuestoea

88 2463 210 2531 Antistii
225 2466 352 2532 tribuni
368 2468 475 2550 pebis,
497 2483 528 2533 et
553 2467 649 2532 fratre
663 2467 790 2532 alterius
812 2466 930 2530 tribuni
947 2464 1047 2550 plebis
1065 2441 1248 2552 Semffiff

89 2545 242 2636 Pompilii,
262 2574 320 2617 nee
334 2568 483 2637 potestas,
506 2577 564 2619 nee
587 2553 768 2640 suffragatio
792 2551 905 2618 horum
924 2552 1033 2628 valuit,
1055 2553 1235 2637 quimorem.

85 2653 212 2716 quorum
245 2651 355 2723 patres
383 2662 519 2727 avosque
547 2640 690 2706 eonsules
720 2639 875 2715 viderant,
902 2659 955 2701 eos
982 2638 1146 2702 nobilitate

86 2722 278 2800 preferrent.
299 2725 327 2766 ⁰¹
337 2725 456 2792 Furere
470 2749 580 2791 omnes
590 2726 708 2792 tribuni
723 2726 833 2812 plebis,
845 2737 919 2790 ante
929 2745 1039 2788 omnes
1052 2725 1146 2789 Pom·

85 2807 170 2888 pilius
186 2812 424 2900 Antistiusque,
440 2814 567 2900 repulsa
582 2835 710 2878 suorum
726 2813 859 2889 oscensi,
879 2812 1035 2888 Quidnam
1051 2813 1086 2874 id
1098 2813 1148 2875 rei

86 2902 173 2959 ruet?
196 2919 263 2961 non
283 2901 348 2964 suis
368 2901 528 2984 bemfiiir,
545 2923 605 2964 nou
628 2903 760 2965 Petrum
782 2899 918 2984 injuriis,
934 2919 994 2961 non
1017 2899 1147 2982 denique

85 2975 289 3068 ”mapsam
301 2986 440 3062 libidine,
464 3009 552 3072 prtum
574 2989 676 3062 licent,
700 2989 781 3072 quod
793 2997 866 3049 ente
886 3007 946 3048 non
969 2985 1101 3061 licuerit,
1117 2987 1147 3048 si

86 3085 140 3130 nen
160 3071 319 3135 bibentum
345 3075 520 3148 militarem,
537 3095 575 3138 ne
595 3083 770 3157 questorcm
785 3073 902 3156 quidem
918 3091 1094 3156 qrtemquum
1108 3095 1147 3134 es

83 3153 302 3240 Plebrfflctum.
325 3179 386 3220 non
400 3161 531 3225 valuisse
539 3162 645 3242 patris
659 3181 722 3242 pro
733 3159 818 3240 filie,
828 3159 953 3243 finiris
970 3157 1147 3240 proseutre

80 3257 188 3323 meres,
202 3243 399 3308 tribunonrm
408 3247 519 3328 plebis,
531 3248 697 3328 potestatis
710 3255 920 3320 samosenctee,
937 3247 981 3307 ad
994 3246 1144 3308 cecilium

84 3322 232 3395 fibnuti:
242 3339 367 3394 meacm.
412 3331 564 3396 Fruudem
575 3332 714 3417 prosectu
725 3334 758 3395 in
773 3354 808 3395 re
822 3353 893 3411 esse,
909 3342 939 3395 et
953 3330 993 3394 A.
1004 3331 1145 3412 Sempro·

84 3411 159 3476 nium
169 3418 308 3480 comitiis
315 3419 389 3500 plus
403 3420 484 3484 aute
494 3419 677 3495 adhibuisse,
694 3439 782 3502 ptem
797 3419 888 3502 fidei.
930 3415 1010 3500 Ejus
1024 3415 1143 3498 irp'urr'a

84 3501 164 3576 Μ’
179 3523 254 3568 utus
273 3503 388 3566 bonore
401 3503 539 3588 dejectos.
585 3504 697 3590 ltaque
712 3525 809 3592 quum
826 3505 858 3567 in
875 3503 988 3587 ipsum,
1005 3515 1036 3566 et
1051 3501 1142 3564 inno-

84 3585 180 3652 untia
194 3601 302 3654 tutum
313 3601 346 3654 et
357 3594 555 3678 magistratu,
570 3590 600 3652 in
613 3613 677 3676 quo
686 3604 762 3656 tunc
771 3605 848 3670 erat,
861 3590 986 3672 inpetus
999 3587 1067 3650 beri
1077 3607 1142 3650 non

83 3684 192 3754 motet,
206 3675 330 3740 flexere
348 3675 412 3739 iras
433 3676 464 3740 in
481 3675 520 3742 C.
538 3677 770 3762 Sempronium,
786 3676 959 3762 patruelem
982 3673 1142 3739 Atratini:

383 3817 397 3858 ‘t
402 3813 476 3876 plebis
485 3816 559 3861 Gran.
571 3814 640 3862 Cres.
652 3814 679 3864 tt.
690 3815 771 3876 pesullo
782 3821 842 3874 post.

111 3933 164 3982 ⁹0·
175 3939 246 3988 osee
260 3941 281 3988 el
297 3941 355 4004 quet
372 3941 472 4004 increpet
488 3941 596 4006 umuli]
627 3942 718 4001 aliquid
729 3943 893 3990 eoneedment.

85 3995 180 4051 Unum
191 4005 277 4066 fruger
296 4009 462 4063 summumst
478 4009 534 4054 belli
550 4009 596 4054 mi·
660 4006 696 4054 92
708 4007 800 4054 Furere
815 4021 891 4056 ornus
903 4009 990 4054 tribunt
997 4005 1078 4066 plebia,
1090 4009 1143 4054 ente

84 4074 118 4110 ro
135 4067 297 4118 mantnt.
332 4071 371 4119 ste
392 4073 463 4132 plum
483 4071 532 4119 cie.
552 4085 596 4133 pro
627 4071 715 4134 omues]
744 4071 816 4118 Prius
835 4071 895 4118 illud
916 4085 992 4118 omncs
1012 4069 1143 4120 delendum

86 4123 192 4178 liun'n.
215 4134 256 4182 ἥ.
296 4133 376 4182 Simul
395 4139 463 4198 utque
481 4137 596 4200 inermi!
628 4135 732 4183 videtur.

82 4195 175 4254 mitio
185 4200 311 4248 matur.
563 4209 566 4216 '
660 4199 713 4248 98·
724 4199 859 4261 Usurpendt
868 4197 976 4262 libidine]
990 4198 1021 4245 Ut
1029 4199 1144 4259 expleant

111 4257 276 4327 lvmine]
299 4265 346 4312 Per
364 4266 469 4314 modim
489 4267 595 4326 utqum
628 4269 738 4315 namnte
760 4265 905 4316 desiderium
925 4265 1020 4312 fruendi
1041 4279 1071 4312 eo
1088 4259 1144 4326 jure
1239 4275 1251 4290 ⁸

84 4323 170 4395 milii
185 4327 262 4383 rim,
279 4344 330 4390 qus
349 4331 445 4390 utrique
464 4331 556 4392 aliquid
566 4333 597 4378 ds
628 4333 693 4394 quod
703 4343 795 4378 norum
807 4341 947 4378 conscensum
958 4330 998 4378 sit·
1144 4346 1150 4358 ·

83 4393 123 4430 ¹¹²⁰
135 4401 192 4448 Jure
204 4396 367 4454 muittercnt,
379 4395 496 4457 alterique
514 4395 597 4444 ulteris
834 4407 841 4414 “

121 4469 193 4516 V01..
210 4476 233 4518 1.
670 4479 691 4522 Τ
