3008 4908
459 173 553 238 LlB.
573 177 607 235 V.
633 177 693 238 CA
707 179 740 237 P.
760 177 847 240 VIII.
1011 241 1013 248 ,
1116 187 1189 254 ,999

125 361 215 426 qttam
240 355 334 426 capta
361 343 433 406 urbe
460 347 600 426 bostium,
622 347 774 410 redituros
798 365 867 410 esse.
913 342 998 406 Tum
1025 363 1101 408 vero
1120 345 1187 428 jam
1198 363 1333 414 ueste.

124 427 367 512 superfundenti
384 451 418 494 se
432 430 550 494 loetitiae
561 433 613 494 vix
627 443 834 514 temperatum
850 441 906 494 est.
923 451 986 492 non
1002 431 1097 509 enim,
1110 431 1228 494 sicute-
1239 431 1265 476 0·
1278 429 1333 476 ⁴⁰⁰·

122 515 256 600 equites,
281 515 359 579 dato
388 518 622 603 magistratibus
646 519 785 605 negotio,
811 515 932 580 laudari
957 516 1056 602 jussi3
1086 537 1189 602 neque

121 613 178 664 tut
192 601 227 664 in
243 603 366 666 curiam
382 605 494 679 vocati,
510 605 623 690 quibus
645 625 831 688 responsum
848 602 988 678 daretur,
1005 617 1060 667 aut
1081 603 1190 667 limiae

121 687 221 750 curiae
236 689 461 752 continebatur
475 704 618 754 senatusz
642 693 694 754 sed
710 711 769 776 pro
783 690 958 775 aequisque
972 711 1010 752 ex
1028 689 1190 774 superiore

120 771 195 837 loco
209 775 250 838 ad
270 774 518 852 multitudinem,
535 777 566 838 in
582 777 710 841 comitio
730 789 876 856 stantem,
893 797 968 840 voce
983 775 1190 862 manibusque

121 857 307 946 significare
327 861 488 945 publicam
512 862 663 926 laetitiam.
709 861 839 926 Beatam
869 863 978 926 urbem
998 861 1188 936 Romanam,

120 959 151 1008 et
167 946 333 1022 invictam,
350 961 381 1010 et
396 961 544 1012 aeternam
562 948 615 1012 itta
629 948 799 1014 concordia
812 948 933 1012 dicere:
957 947 1088 1012 laudare
1102 948 1189 1032 equi-

121 1045 178 1108 tes,
208 1032 341 1096 laudare
369 1033 505 1117 plebem,
532 1036 616 1100 diem
646 1036 748 1120 ipsum
778 1033 924 1098 laudibus
953 1033 1050 1097 serre:
1073 1034 1188 1097 victam

119 1139 187 1182 esse
213 1117 309 1182 fateri
333 1119 513 1184 comitatem
539 1121 828 1209 benignitatemque
852 1134 987 1186 senatus.
1034 1119 1188 1184 Certatim

122 1203 277 1270 Patribus
296 1205 446 1292 plebique
468 1229 595 1272 manare
617 1207 735 1295 gaddio
756 1207 910 1282 lacrimae3
933 1204 1045 1282 donec,
1062 1229 1189 1270 revoca·

120 1291 159 1354 tis
186 1293 222 1354 in
255 1294 376 1356 curiam
405 1292 559 1371 Patribus,
583 1293 887 1357 senatusconsultum
917 1289 1032 1356 Iactum
1062 1305 1118 1366 est,
1148 1293 1190 1358 tu

120 1378 245 1441 attunt
269 1379 429 1454 militares,
456 1381 597 1443 concione
621 1381 782 1457 advocatd,
805 1379 960 1460 peditibus
983 1379 1190 1462 equitibusque

116 1467 248 1548 gratr'as
268 1475 418 1546 agerent.-
441 1487 594 1528 memorem
610 1467 742 1548 pietatis
763 1487 862 1528 eurum
885 1487 959 1548 erga
974 1466 1116 1546 patriam
1140 1468 1189 1528 di-

119 1561 226 1613 cerent
240 1561 377 1614 senatum
386 1551 475 1634 fore.
493 1554 619 1634 placere
631 1562 740 1625 autern,
758 1551 893 1614 omatibus
913 1553 961 1614 his
983 1553 1188 1614 uulurrtariorn

121 1646 211 1700 entra
236 1639 374 1700 ordinem
393 1639 540 1721 prefectis
561 1640 704 1700 militiam
718 1636 819 1700 ²³curu
839 1639 1015 1719 procedere.
1038 1650 1069 1700 ct
1090 1637 1189 1723 equiti

120 1737 229 1786 certus
244 1743 396 1786 numerus
410 1724 482 1786 aeris
497 1737 543 1788 est
565 1723 759 1810 adsignatus.
805 1723 889 1788 Tum
912 1723 1049 1807 primum
1064 1722 1090 1760 ’¹
1100 1725 1188 1808 equis

121 1829 249 1872 merere
277 1809 397 1895 equites
425 1823 597 1893 coeperunt
654 1810 858 1874 Voluntarius
886 1808 1000 1874 duetus
1029 1809 1349 1892 exereitnssttpenatum

121 1894 221 1959 Veios
241 1917 306 1960 non
329 1895 444 1958 amissa
465 1895 561 1959 modo
584 1897 717 1960 restituit
732 1917 839 1980 opera,
855 1895 910 1960 sed
932 1917 1016 1960 nova
1029 1896 1125 1960 etiam
1139 1897 1188 1960 in·
1196 1897 1271 1972 equtu
1307 1899 1349 1946 fld-

119 1980 236 2045 etituit.
259 1981 301 2045 ab
319 1982 398 2045 urbe
416 1993 609 2046 commeatus
628 1982 806 2059 intentiore,
821 2005 916 2068 quam
937 1996 1039 2058 antea,
1055 1969 1326 2048 subvehi⁵¹ss¹¹²¹¹i¹¹i

120 2089 219 2144 cura3
241 2067 373 2154 nequid
389 2081 453 2132 tam
470 2068 551 2132 bene
567 2069 679 2134 merito
693 2068 845 2132 exercitui
860 2068 900 2132 ad
918 2090 1007 2132 usum
1023 2071 1151 2133 deesset.

167 2153 268 2218 VIII.
293 2153 464 2239 Insequens
479 2175 580 2219 annus
594 2154 739 2218 tribunos
753 2155 891 2218 militum
905 2154 1062 2218 consulari
1084 2167 1187 2238 potes·
1197 2176 1225 2222 u.
1238 2176 1263 2222 u.
1275 2175 1333 2225 aaa.

121 2251 189 2305 tate
210 2239 324 2304 habuit
341 2239 379 2304 C.
394 2241 561 2304 Servilium
577 2241 713 2305 Ahalam
735 2241 872 2317 tertium,
890 2239 933 2316 Q.
951 2240 1128 2317 Servilium,
1146 2240 1186 2305 L.
1196 2241 1225 2286 Α·
1238 2241 1265 2285 ⁰·
1276 2241 1333 2290 ³99·

120 2326 317 2414 virginium,
336 2325 380 2402 Q.
397 2326 582 2412 Sulpicium,
599 2330 638 2391 A.
654 2325 810 2390 Manlium
822 2327 948 2400 iterum,
966 2325 1028 2389 M'.
1041 2325 1186 2425 Sergium
1196 2304 1347 2417 fflsgssuss,

121 2413 253 2478 iterum.
268 2412 318 2476 his
332 2413 475 2491 tribunis,
485 2413 562 2478 dum
579 2435 654 2477 cura
669 2413 810 2475 omnIum
827 2412 859 2475 in
877 2411 991 2476 Veiens
1006 2410 1123 2474 bellum
1139 2433 1251 2480 tn·n1u.

121 2511 212 2564 tenta
235 2513 293 2576 est,
314 2499 489 2588 neglectum
513 2499 638 2564 Anxuri
660 2497 844 2582 praesidium
868 2498 1083 2562 vacationibus
1105 2497 1188 2560 mili·

122 2601 205 2664 tum,
221 2599 253 2652 et
270 2585 402 2650 Volscos
426 2601 614 2650 mercatores
630 2585 725 2672 vulgo
742 2583 943 2670 receptando,
959 2581 1127 2668 ²⁵proditis
1139 2605 1188 2648 re-

120 2686 221 2758 pente
229 2684 393 2757 portarum
403 2673 597 2749 custodibus,
607 2670 791 2758 obpressum
803 2683 857 2735 est.
870 2671 975 2736 minus
987 2669 1121 2734 militum
1132 2691 1188 2756 pe-

125 2760 185 2834 riit,
216 2759 293 2845 quia
322 2771 439 2843 proeter
470 2781 573 2845 aegros
603 2760 737 2822 lixarum
768 2758 800 2821 iu
831 2757 961 2821 modum
992 2779 1100 2820 omnes
1133 2779 1189 2842 per

126 2867 220 2932 agros
246 2845 429 2930 vicinasque
454 2845 547 2909 urbes
573 2841 826 2932 negotiabantur.
871 2843 940 2908 Nec
967 2843 1053 2908 Veiis
1078 2843 1188 2907 melius

125 2947 215 3018 mata
241 2953 301 3008 res,
326 2931 411 3017 qaod
434 2943 501 2995 tum
526 2945 621 3016 caput
646 2933 788 2995 omnium
815 2952 962 2994 curarum
989 2929 1186 3015 publicarum

125 3033 203 3082 erat.
227 3038 302 3082 nam
322 3030 356 3082 et
369 3018 465 3081 duces
482 3017 617 3082 Romani
634 3017 704 3102 plus
723 3018 806 3082 iuter
823 3040 857 3081 se
877 3017 1005 3093 irarum,
1022 3039 1115 3102 quam
1131 3017 1188 3080 ad·

125 3124 235 3170 versus
259 3103 364 3168 hostes
383 3103 492 3184 animi,
507 3103 706 3168 habuerunt:
729 3117 761 3168 et
775 3115 901 3168 auctum
925 3116 971 3168 est
993 3102 1109 3168 bellum
1132 3103 1188 3167 ad·

125 3205 223 3256 ventu
249 3191 417 3276 repentino
444 3190 650 3274 Capenatium
678 3205 772 3275 atque
800 3189 1004 3254 Faliscorum.
1050 3187 1098 3253 Hi
1123 3189 1189 3254 duo

127 3277 267 3343 Etruriae
288 3275 408 3363 populi,
421 3276 499 3362 quia
516 3275 656 3362 proximi
679 3277 808 3364 regione
829 3289 929 3354 erant,
945 3274 1075 3340 devictis
1090 3275 1187 3354 Veiis,

125 3363 210 3428 bello
232 3383 360 3449 quoque
378 3362 524 3427 Romano
541 3385 573 3426 se
593 3363 759 3446 proximos
780 3361 848 3425 fore
869 3365 1049 3436 credentes;
1075 3361 1189 3426 Falisci

127 3451 259 3536 propria
284 3451 379 3512 etiarn
407 3470 514 3512 caussa
540 3447 654 3530 infesti,
676 3447 762 3535 quod
787 3447 932 3513 Fidenati
957 3446 1041 3510 bello
1066 3469 1099 3509 se
1119 3449 1187 3532 jam

126 3551 220 3602 antea
240 3534 477 3611 inmiscueraut,
493 3555 549 3616 per
571 3534 690 3622 legatos
707 3537 792 3599 ultro
806 3535 948 3620 citroque
971 3532 1080 3596 missos
1100 3533 1188 3616 jure-

121 3621 262 3709 jurando
288 3621 372 3684 inter
397 3644 431 3686 se
455 3621 597 3708 obligati,
622 3643 693 3685 cum
721 3623 907 3686 exercitibus
932 3619 1121 3703 necopinato
1146 3619 1188 3683 ad

156 3833 189 3882 23
205 3831 268 3880 AEra
282 3831 415 3894 procedere]
440 3833 525 3877 Annos
546 3829 640 3876 milities
673 3829 717 3875 tris
732 3831 800 3877 codd.
821 3832 910 3877 babent
928 3841 1010 3890 equor.-
1027 3826 1092 3873 unde
1110 3824 1188 3884 suspi-

125 3897 247 3946 numerari
265 3895 404 3956 perindeac
415 3895 460 3941 eie
476 3895 578 3942 tubunis
595 3895 641 3940 mi·
672 3895 721 3940 ceri
737 3891 822 3954 po'esis,
833 3909 889 3955 equo
900 3907 948 3940 aaa.
982 3893 1039 3939 lluc
1052 3903 1127 3950 usque
1139 3901 1187 3934 aon

125 3965 195 4010 litum
218 3961 275 4009 teeti
298 3965 385 4006 ment.
420 3959 511 4006 Eodem
534 3973 605 4005 sensu
623 3959 639 4004 l.
672 3959 712 4004 stu
740 3959 833 4018 equites
861 3959 957 4006 inerant
985 3958 1011 4002 in
1043 3953 1189 4002 exercitibus

127 4026 213 4074 XXV.
223 4039 246 4073 e.
258 4026 283 4073 ὅ.
295 4023 357 4071 dixit
368 4021 451 4070 Lirim
461 4023 573 4084 stipendia
584 4035 640 4084 pre·
673 4021 799 4077 flammis,
818 4035 893 4083 quam
914 4023 1002 4083 quibus
1020 4021 1076 4081 equi
1097 4017 1188 4078 publici

125 4089 205 4140 tedere.
672 4087 787 4146 assignati
798 4093 886 4133 essent.

157 4153 189 4202 tt
204 4155 282 4216 Equis
300 4151 400 4216 mnne]
424 4153 525 4200 Videtur
547 4152 587 4198 bic
604 4153 642 4198 in·
706 4151 738 4198 it
754 4149 861 4196 Proditis
876 4154 966 4210 repente
978 4153 1099 4210 partemne
1113 4149 1187 4192 cutie-

127 4215 294 4282 terjiciendum
314 4219 372 4276 mir,
392 4217 597 4277 quemadmodum
616 4225 642 4262 et
672 4213 737 4261 dibus
752 4227 883 4274 werram
899 4214 944 4276 ert]
965 4213 1047 4273 iunge
1063 4212 1108 4258 sibi
1126 4211 1187 4256 inri-

127 4285 150 4330 in
164 4287 271 4346 epitome
289 4279 364 4344 hujus
383 4282 447 4340 libri,
462 4290 486 4328 et
505 4294 578 4341 eume
595 4281 641 4328 boe
672 4293 726 4326 cem
737 4283 827 4340 repente
837 4291 967 4340 oppressum
977 4282 1017 4322 ert.

126 4349 174 4408 ipro
191 4350 272 4412 eapite
292 4349 389 4408 legitur.
422 4347 534 4406 Qumque
553 4359 568 4392 e
586 4357 640 4392 noe·

606 4473 726 4585 9⁹¹2
