3056 4928
337 175 394 228 488
708 163 1005 225 .'r11·11.1vr1

179 350 209 398 u,
220 355 247 401 c,
258 349 316 400 ιω,
332 327 503 410 prasentia
518 327 702 390 moderatam
716 328 774 389 ira
787 347 857 403 esse,
872 348 912 392 ne
925 327 1001 411 qnid
1014 327 1052 390 de
1065 329 1180 410 collega
1193 345 1277 391 meuc
1283 323 1404 408 popula
1507 311 1508 328 ¹

179 419 211 464 Α·
220 419 247 465 C·
258 413 314 466 ³22
340 423 395 476 ant
407 413 529 476 senatui
541 410 683 476 scriberet
688 446 700 483 ,·
714 414 778 487 sed,
795 433 883 496 qnam
894 413 1075 489 revertisset,
1084 415 1275 495 potissimam
1289 434 1328 475 en
1341 413 1402 475 tri-
1509 407 1510 488 Ῐ

340 500 429 563 bunis
442 496 648 563 concentoribus
660 497 808 575 babuisse,
820 520 905 582 quern
919 521 957 564 ec
966 499 1097 584 collegis,
1107 502 1232 582 optione
1244 498 1285 561 ab
1294 507 1404 562 senatu

322 653 326 664 ,
342 587 429 663 dato,
440 586 551 647 socium
564 583 625 648 sibi
639 585 763 666 imperii
776 585 930 667 delegerit.
953 585 1037 648 Nam
1046 587 1157 668 populi
1167 587 1297 668 quidem,
1308 603 1405 666 perses

343 692 427 754 quens
444 679 579 752 potestas
600 671 730 733 omnium
751 692 850 734 rerum
870 681 953 744 esset,
969 693 1008 734 ne
1022 674 1100 735 iram
1123 673 1242 755 quidem
1263 689 1404 753 impiam

343 757 520 820 atrociorem
522 755 628 840 fnisse
640 758 674 819 in
689 777 747 832 eos,
763 758 817 840 qni
830 759 999 822 temeritate
1012 768 1104 842 atque
1117 759 1241 822 inscitia
1254 757 1406 820 enercitns

342 844 522 917 amisissent,
533 863 622 925 qnam
634 851 668 906 ut
677 846 809 924 pecnma
824 865 873 906 eos
886 845 1038 907 multaret.
1052 846 1155 926 capite
1167 845 1354 927 anquisitum
1369 840 1406 903 ob

343 951 408 992 rent
422 927 499 990 bello
517 929 595 992 male
611 938 728 1012 gestam
743 931 780 992 ele
801 930 984 1011 imperatore
998 932 1081 1004 nubo
1095 932 1138 992 ab
1159 951 1224 992 eam
1238 930 1318 992 diem
1334 946 1404 992 esse.

345 1014 437 1076 Nunc
451 1013 573 1078 lucibus
588 1016 701 1096 populi
713 1015 860 1090 Romani,
875 1037 943 1098 quae
963 1037 1001 1078 ne
1014 1017 1103 1080 victis
1116 1017 1235 1100 quidem
1256 1015 1336 1078 bello
1344 1014 1408 1096 fas

331 1100 450 1184 fieerit,
461 1101 565 1185 virgas
579 1109 609 1164 et
622 1121 737 1164 secraes
751 1101 922 1176 victoribus,
934 1100 1154 1184 etjustissimos
1167 1103 1283 1165 meretis
1296 1101 1407 1164 triesa-

339 1187 419 1269 plsos
444 1188 605 1250 intentari.
653 1184 739 1262 Quid
763 1188 842 1251 enirn
867 1189 989 1251 tarcelem
1008 1209 1169 1270 passuram
1180 1188 1286 1272 fiisse
1295 1187 1406 1269 filiun

343 1293 438 1350 sunm,
452 1274 482 1336 si
495 1274 655 1336 caercilnne
676 1273 844 1338 amisisset.-
865 1275 895 1336 si
901 1273 1007 1356 stans,
1010 1273 1156 1358 fisgatns,
1172 1274 1281 1338 eastris
1302 1281 1409 1338 errans

330 1359 478 1442 fecisset?
501 1380 559 1440 quo
580 1359 663 1420 ultra
678 1359 757 1422 iram
771 1360 1005 1442 violaretiamque
1019 1359 1082 1444 ejus
1095 1379 1278 1423 eecessmam
1288 1358 1405 1442 fnisse,

222 1481 228 1490 ·
345 1465 434 1528 qnam
448 1444 483 1507 u't
496 1443 669 1509 uerberaret
690 1449 894 1527 necaretque?
908 1443 1019 1520 Quam
1036 1448 1213 1510 conveniens
1226 1465 1298 1521 esse,
1309 1465 1409 1527 prop·

345 1542 393 1594 ter
410 1529 450 1606 Q,
464 1529 593 1594 Fabium
608 1531 759 1594 civitatem
775 1531 808 1592 in
829 1532 952 1607 latitia,
968 1533 1108 1607 victoria,
1123 1530 1407 1614 supplicationibm,

345 1639 382 1680 ac
392 1615 654 1700 gratulationibus
666 1637 745 1682 esse.-
768 1638 843 1691 aea,
854 1627 984 1699 propter
997 1639 1082 1700 quem
1098 1615 1195 1682 aaa
1209 1615 1338 1680 atram
1348 1637 1410 1699 pa·

345 1713 440 1778 teant,
457 1722 524 1764 ara
537 1702 835 1785 sacrfflciissument,
850 1705 972 1778 bonore,
989 1705 1077 1768 danis
1097 1705 1293 1777 cunctentur,
1310 1705 1409 1766 nula-

345 1799 407 1851 tnrn
429 1789 526 1868 virgis
547 1789 682 1850 lacerari
707 1790 741 1850 in
765 1798 922 1870 conspeetu
938 1791 1051 1871 populi
1064 1791 1202 1854 Romani
1206 1819 1217 1861 ,·
1242 1790 1408 1854 intuentem

348 1874 533 1955 Capitolium
549 1885 641 1955 atque
655 1891 763 1948 accan,
781 1875 923 1958 Deosque
935 1875 974 1938 ab
988 1897 1019 1939 se
1033 1875 1057 1914 ⁸²
1066 1875 1178 1940 duobea
1187 1877 1313 1957 praeliis
1326 1876 1410 1938 bonel

330 1961 461 2044 firatra
483 1961 671 2022 advocatos?
697 1957 767 2034 Quo
792 1961 828 2022 id
847 1963 951 2036 animo
971 1963 1143 2036 accercitum,
1159 1962 1214 2044 qni
1234 1959 1298 2044 ejus
1319 1963 1410 2024 duan

345 2046 550 2128 auspiciisque
564 2045 691 2120 uicisset,
707 2047 865 2108 laturum?
889 2068 973 2130 quem
994 2049 1103 2110 luctum
1119 2049 1277 2111 incastris
1292 2048 1409 2110 Rama·

345 2133 405 2207 nis,
421 2154 510 2215 qnam
531 2133 674 2196 latitiam
697 2131 779 2196 inter
798 2131 896 2196 bostes
905 2132 1009 2215 fore?
1035 2132 1129 2208 Haec,
1151 2132 1243 2196 simul
1262 2133 1300 2216 jis
1361 2153 1408 2209 ns,

369 2239 488 2294 uerene,
507 2217 614 2282 Debm
636 2217 864 2303 hominumque
886 2218 979 2282 fidem
994 2217 1162 2296 obtestans,
1177 2233 1210 2284 et
1223 2239 1319 2304 comp
1330 2241 1410 2284 exus

346 2239 458 2378 balium,
497 2303 620 2368 lusimis
635 2325 707 2368 cum
723 2303 861 2368 lacrimis
876 2304 999 2392 agebat.
1307 2369 1311 2375 ,

391 2389 461 2454 XX
501 2389 559 2454 1v.
584 2389 696 2456 Stabat
717 2413 789 2454 cum
804 2413 842 2454 eo
862 2403 986 2456 senatus
1008 2392 1161 2477 majestas,
1176 2392 1265 2456 favor
1286 2393 1409 2480 populi,

346 2476 550 2542 tribunicium
587 2476 753 2553 auxilium,
791 2477 942 2541 memoria
974 2476 1111 2543 absentis
1144 2480 1312 2543 exercitus.
1360 2477 1410 2544 Ex

345 2577 435 2656 parta
450 2563 548 2628 altera
562 2561 588 2602 ⁸²
597 2565 755 2646 inperium
771 2565 913 2628 invictum
920 2565 1031 2647 populi
1040 2565 1186 2641 Romani,
1199 2575 1229 2628 et
1242 2567 1410 2648 disapIina

345 2653 394 2714 rei
407 2652 563 2724 militaris,
576 2661 605 2712 et
620 2651 781 2714 dictatoris
795 2651 922 2714 edictum
931 2671 994 2732 pro
1007 2653 1257 2734 numinesemper
1270 2652 1411 2717 obsana-

346 2746 420 2814 tum,
435 2746 464 2802 et
480 2736 651 2798 Manliana
670 2737 811 2818 imperia,
826 2745 857 2799 et
865 2736 1043 2818 posthabita
1050 2738 1125 2819 sttii
1144 2739 1262 2801 caritas
1277 2739 1413 2820 publica

187 2839 318 2888 metatoris
347 2823 493 2896 utilitati,
517 2821 729 2905 jactabantur.
775 2821 845 2884 Hoc
874 2823 965 2886 etiarn
995 2823 1035 2886 L.
1059 2824 1199 2899 Brutum,
1226 2825 1412 2888 auditorem

187 2907 270 2953 Μία
350 2908 499 2972 Romulea
511 2907 674 2980 libertatis,
687 2917 780 2969 antea
792 2909 825 2970 in
839 2907 952 2972 duobis
965 2908 1198 2993 liberisfecisse.
1214 2929 1295 2973 nnnc
1303 2903 1413 2992 patres

348 3015 452 3068 comes,
464 3003 494 3056 et
507 3014 591 3057 senes
589 2993 712 3076 faciles
724 2991 750 3030 ⁸³
760 2993 797 3056 de
810 2995 914 3057 alieno
928 2995 1056 3076 irnperio
1069 3005 1182 3077 spreto,
1196 3005 1353 3079 tansqnarn
1367 2997 1414 3060 rei

342 3099 464 3162 parua,
474 3079 647 3160 disciplina
657 3079 804 3142 militaris
814 3099 924 3144 eversa
922 3078 1083 3162 jemmtreti
1087 3082 1225 3165 gratiam
1227 3082 1367 3165 facere..
1377 3083 1414 3147 se

349 3177 451 3229 tamen
471 3173 678 3247 perstaturum
704 3165 739 3228 in
764 3165 900 3247 incepto:
923 3187 977 3230 nec
997 3167 1036 3247 ei,
1059 3167 1113 3249 qni
1136 3168 1281 3232 adversus
1302 3170 1413 3232 ἀὶείιιπι

348 3273 443 3329 suum,
455 3251 586 3314 turbatis
598 3249 796 3335 religionibus
806 3273 844 3314 ac
854 3251 955 3316 dubiis
966 3253 1123 3334 auspiciis,
1133 3255 1414 3339 pugnassetpesid-

350 3360 440 3422 qnam
455 3335 586 3422 eajnsta
602 3357 698 3420 pana
718 3338 918 3400 remissurum.
963 3336 1113 3420 Majestas
1127 3341 1414 3423 impes-iiperpetna

351 3447 389 3487 ne
403 3435 487 3501 esset,
504 3445 564 3488 nan
578 3445 639 3488 esse
653 3425 687 3486 in
697 3445 753 3487 seca
762 3432 925 3504 potestate.
970 3423 1011 3506 1..
1024 3424 1190 3506 Papirium
1205 3425 1287 3488 nibil
1300 3428 1341 3489 de
1353 3425 1415 3509 ejus

339 3510 416 3594 jure
441 3511 671 3574 dominatur-nm.
697 3518 816 3590 aptare,
839 3529 878 3570 ne
898 3519 1033 3591 potestas
1057 3509 1234 3586 tribunicia,
1261 3512 1415 3576 inviolata
1509 3543 1510 3558 r

351 3599 431 3680 ipso,
448 3598 538 3661 violet
554 3595 763 3660 intercessione
776 3615 830 3660 aaa
846 3595 1014 3660 llmsannm
1030 3598 1199 3678 imperium,
1214 3617 1273 3660 nere
1281 3599 1415 3680 papatus

305 3825 310 3832 ’
383 3821 412 3869 81
432 3821 867 3886 Dsobraproetr's'r1811prac.80.po·
901 3825 1002 3872 cratibus
1021 3825 1169 3886 ducibusque
1190 3825 1353 3872 commiscum
1374 3837 1416 3886 po·

351 3885 437 3934 aiacem
455 3887 567 3934 nabutae
585 3888 679 3934 videtur
693 3887 777 3934 Livius
795 3888 867 3934 fidem
900 3889 951 3948 pnli
977 3891 1076 3936 nomine
1100 3893 1207 3950 geratur,
1228 3887 1344 3952 majestas
1368 3890 1416 3934 huc

351 3963 435 3996 eorum
455 3959 590 4006 aucarum,
609 3952 650 4012 qui
673 3953 747 4000 semei
771 3959 867 3999 mutum
901 3954 1109 4012 usqueinvlolsta.

352 4027 471 4074 pugnasse
512 4013 613 4062 Fabium
652 4017 778 4064 tradidere.
821 4017 868 4063 Sed
932 4017 965 4064 88
980 4019 1017 4064 Dc
1039 4017 1125 4081 elimo]
1147 4017 1218 4078 Legit
1237 4017 1300 4064 Tan.
1321 4017 1413 4064 Faber:

351 4077 391 4123 hic
407 4079 544 4138 loquentem
564 4081 658 4128 inducie
678 4087 770 4139 patrem
789 4095 820 4128 ex
839 4094 869 4126 ee
900 4077 1030 4128 cidanea
1077 4081 1226 4129 Felicissime
1269 4078 1414 4143 wujecture.

351 4141 472 4200 opinione,
490 4157 546 4201 qua
565 4144 644 4204 magis
663 4157 741 4191 causo
760 4157 811 4191 suae
830 4145 867 4192 fa·
900 4145 990 4194 Sanum
1007 4149 1072 4193 enim
1087 4147 1195 4206 optimas
1209 4151 1255 4196 eet.
1267 4153 1292 4190 et
1307 4147 1416 4206 epp-lene

353 4211 415 4250 reat.
898 4212 1011 4272 congruit
1023 4219 1047 4258 et
1064 4223 1180 4258 numerus
1190 4211 1212 4256 ei
1230 4209 1310 4256 torma
1326 4211 1414 4256 liem-

383 4266 562 4326 salmariam
581 4272 695 4316 invictum
713 4271 798 4332 populi
819 4271 868 4318 aa·
900 4287 963 4320 rum.

350 4332 428 4395 mas]
447 4331 555 4392 Imperii,
568 4336 632 4395 quod
649 4348 663 4381 a
678 4337 768 4394 populo
779 4337 867 4396 magie-
