3034 4916
464 171 558 232 LlB.
580 171 619 230 X.
646 165 822 232 can'vl.
1101 169 1156 231 ⁶61

97 355 172 402 cum
196 334 290 418 plebe
311 335 499 424 ingratiam
523 335 664 402 reducto.
709 331 831 400 Consul
853 353 895 400 ex
915 331 1073 399 dictatura
1092 332 1181 400 fao.
1221 347 1225 368 ²

98 433 150 485 tus
173 420 225 486 M.
240 421 396 488 Valerius.
419 435 484 486 non
506 436 679 509 petentem,
702 433 796 508 atque
821 419 902 486 adeo
923 419 1016 485 etiam
1046 421 1158 486 abson-
1204 443 1206 450 ⁴

97 520 173 585 tem,
189 521 331 574 creatum
345 509 543 574 ”credidere
556 509 704 595 quidam3
726 521 758 572 et
771 529 829 594 per
847 507 1037 594 interregem
1053 531 1092 572 ea
1104 530 1159 572 co-

97 593 188 658 mitia
201 594 293 660 facta.
309 595 342 660 id
357 617 456 660 unum
469 617 534 660 non
546 595 730 684 ambigitur,
745 593 943 659 consulatum
959 614 1030 658 oum
1047 598 1159 680 Appu-

95 679 158 744 leio
176 680 280 746 Pansa
316 681 434 747 essisse.
890 709 891 714 ¹
1143 725 1147 732 ·

141 765 201 832 Vl.
226 767 276 832 M.
291 704 420 832 l'alerio
438 781 471 833 et
485 768 529 856 Q.
545 768 706 854 Appuleio
727 766 918 844 consulibua,
941 767 1014 832 satie
1035 780 1303 853 pacatianum.

96 851 173 918 foris
188 875 238 918 res
252 855 348 920 fuere.
395 855 565 920 Etmecum
586 855 774 920 ¹¹adversa⁰
796 853 869 919 belli
894 875 944 918 ree
967 865 998 919 et
1019 851 1195 921 induciet·
1206 853 1234 900 ⁶·
1245 851 1302 900 ³⁰⁰·

95 942 239 1026 quietum
254 939 419 1006 tenebant:
445 941 632 1024 Samnitem,
647 941 819 1006 multorum
843 961 999 1004 annorum
1015 916 1309 1044 cladibus¹,⁴.¹‚'Ql{³¹3‘f„¹⁰

95 1027 266 1103 domitum,
281 1026 446 1092 hauddum
464 1025 688 1093 foederisnovi
710 1027 896 1112 poenitebat.
943 1027 1055 1092 Romae
1076 1049 1154 1115 quo-
1164 1047 1318 1108 puraocoa.

9 1129 10 1132 ’
94 1135 157 1200 que
181 1113 304 1196 plebem
335 1113 472 1200 quietam
498 1127 530 1180 et
554 1127 758 1180 exoneratam
787 1113 925 1178 deducta
953 1115 985 1177 in
1016 1115 1156 1180 coloniae

94 1198 270 1265 multitudo
283 1203 465 1286 praestabat.
487 1213 606 1278 tamen,
629 1221 670 1266 ne
691 1200 831 1287 undique
850 1199 1030 1287 tranquillae
1045 1222 1093 1266 rea
1108 1223 1156 1265 ea·
1196 1277 1199 1286 .

93 1298 174 1362 sent,
202 1299 359 1352 certamen
385 1289 536 1374 injectum
561 1289 643 1352 inter
668 1290 821 1373 primores
843 1287 985 1352 civitatis.
1007 1287 1156 1372 patticios
1165 1303 1294 1350 mamea

95 1371 309 1459 plebeiosque,
335 1373 377 1437 ab
405 1373 541 1439 tribunis
566 1373 667 1459 plebia
690 1372 734 1449 Q.
761 1385 793 1437 et
819 1373 879 1438 Cn.
905 1371 1064 1461 Ogulniis,
1112 1369 1227 1453 ui,¹'¹¹‘’r
1237 1367 1312 1428 ΡΜ·

94 1457 238 1544 undique
252 1459 523 1524 criminandorum
541 1459 671 1525 Petrum
687 1458 772 1546 apud
798 1459 921 1546 plebem
938 1397 1155 1525 occasionibus
1163 1433 1318 1554 fflfflss,

94 1545 245 1632 quaeaitis,
260 1559 427 1632 postquam
449 1547 511 1611 alia
531 1547 648 1612 frustra
664 1558 783 1612 tentata
797 1559 897 1623 erant,
914 1565 983 1610 eam
998 1547 1154 1612 actionem
1164 1562 1285 1609 cernam

94 1646 310 1716 susceperunt,
340 1656 404 1719 qua
431 1655 497 1697 non
526 1633 668 1698 infimam
697 1631 824 1718 plebelo
853 1632 1072 1713 accenderent,
1101 1635 1163 1700 aed'

94 1720 167 1803 ipsa
181 1721 285 1803 capita
299 1719 410 1806 plebis,
427 1719 607 1784 consulares
616 1718 883 1806 triumphalesque
897 1718 1054 1805 plebeios:
1077 1739 1157 1809 quo·

95 1827 169 1869 rum
185 1806 361 1870 honoribus
381 1805 472 1883 nihil,
498 1819 615 1892 preater
635 1806 819 1884 sacerdotia,
835 1827 908 1893 quae
922 1805 1066 1872 nondum
1081 1830 1157 1893 pro-

93 1893 217 1957 miscua
231 1906 331 1969 erant,
347 1892 477 1958 deesset.
521 1893 733 1979 ¹Rogationem
748 1915 825 1979 ergo
838 1892 1093 1981 promulgarunt,
1109 1908 1155 1974 ut,

94 2001 196 2067 quum
215 1993 352 2065 quatuor
366 2001 511 2068 augures,
524 1993 660 2082 quotuor
697 1979 839 2045 ontifices
853 2003 890 2044 ea
909 1993 1094 2066 tempestate
1108 2001 1156 2046 ee·

93 2078 175 2141 sent,
212 2063 413 2152 placeretque
441 2087 551 2154 angera
582 2001 781 2130 sacerdotum
810 2087 990 2144 numerum,
1021 2081 1157 2154 quatuor

94 2150 274 2237 pontifices,
291 2153 431 2239 quinque
445 2173 591 2238 augures,
606 2151 648 2216 de
667 2151 760 2236 plebe
782 2172 900 2228 omnes,
924 2151 1155 2240 adlegerentur.

96 2237 378 2315 Quemadmodum
392 2237 431 2302 ad
448 2252 585 2325 quatuor
600 2257 754 2325 augurum
771 2257 952 2318 numerum,
967 2239 1029 2303 uisi
1054 2253 1158 2306 morte
1266 2235 1269 2244 ⁴

94 2325 246 2402 duorum,
262 2325 295 2390 id
318 2324 419 2413 redigi
442 2324 609 2426 collegium
631 2323 781 2409 potuerit,
803 2344 869 2387 non
891 2324 1034 2402 inveni03
1059 2347 1157 2412 quum

93 2413 179 2477 inter
193 2433 329 2499 augures
344 2422 478 2487 constet,
493 2411 520 2450 ²²
531 2431 673 2497 mparem
699 2431 865 2475 numerum
891 2409 1007 2476 debere
1029 2434 1106 2490 ease,
1122 2425 1160 2479 ut

93 2510 159 2563 tres
170 2499 308 2586 antiquae
319 2497 432 2578 tribue,
450 2499 599 2576 Ramnes,
612 2497 779 2574 Titienses,
796 2494 945 2575 Luceres,
961 2519 1053 2562 auum
1069 2520 1159 2600 quae·

93 2607 159 2671 que
173 2605 326 2674 augurem
348 2584 503 2662 habeant3
526 2597 591 2662 aut,
607 2585 633 2648 si
647 2583 793 2668 pluribus
814 2583 854 2648 sit
876 2605 966 2668 opus,
981 2585 1053 2669 pari
1075 2599 1159 2652 anter

93 2691 278 2736 sanumero
294 2671 471 2737 sacerdotes
493 2669 720 2756 multiplicent:
744 2670 824 2734 sicut
849 2668 1050 2756 multiplicati
1073 2684 1157 2754 mat,
1269 2693 1273 2704 ·

94 2779 195 2845 quum
211 2758 252 2823 ad
267 2771 405 2844 quatuor
419 2758 558 2847 quinque
572 2757 686 2843 adjecti
701 2777 814 2820 novem
829 2775 1007 2834 numerum,
1026 2769 1061 2822 ut
1076 2759 1158 2823 terni

93 2844 201 2908 insin
248 2844 293 2908 las
316 2859 429 2920 essem,
457 2844 673 2930 expleverunt.
719 2842 879 2920 Ceterum,
906 2843 981 2929 quia
1003 2843 1044 2908 de
1066 2843 1160 2931 plebe

94 2867 334 3018 adlegebdntur,
345 2932 443 3017 juxta
457 2953 526 2995 eam
543 2952 609 2995 rem
625 2953 653 2996 ae
692 2929 803 3014 epaesi
817 2928 939 3008 Patres,
951 2951 1045 3017 quam
1058 2951 1158 3018 quum

93 3017 296 3084 consulatum
313 3017 434 3102 vulgari
449 3017 604 3082 viderent.
650 2951 849 3083 §imulabant
864 3016 904 3081 'ad
922 3017 1013 3082 Deos
1035 3016 1067 3081 id
1092 3039 1159 3085 ma·

91 3103 159 3193 gis,
175 3125 269 3192 quam
285 3102 326 3168 ad
342 3125 385 3182 se,
397 3105 573 3189 pertinere:
596 3104 682 3191 ipsos
697 3103 829 3182 visuros,
844 3124 886 3168 ne
899 3123 989 3169 sacra
1010 3125 1068 3170 sua
1088 3105 1159 3191 pol·

452 3215 454 3218 Ι
484 3246 607 3296 ‘adcon
615 3248 689 3296 Gran.
699 3247 770 3298 crea.

127 3376 161 3424 20
183 3375 308 3426 Credidere
328 3377 433 3443 maban]
461 3379 540 3440 Magis
561 3379 612 3440 pla·
644 3378 859 3435 bellarablmldd.
1144 3403 1147 3410 ⁴

90 3446 160 3490 eeret
183 3443 315 3492 tradidere:
332 3451 357 3491 et
377 3457 406 3490 eo
427 3443 495 3491 duelt
514 3457 577 3490 unua
598 3457 613 3491 e
678 3443 709 3494 22
736 3445 856 3506 Imperare
890 3443 1025 3507 ammas]
1064 3443 1160 3508 Nempe

90 3507 309 3563 nostrislibdaln
326 3521 375 3570 quo
391 3509 528 3569 leglturtra
538 3509 613 3556 credi·
645 3510 788 3568 temanum,
815 3509 853 3556 vel
881 3524 896 3556 e
923 3510 1027 3556 ternarlo
1058 3511 1160 3558 foetum.

91 3570 156 3619 dere.
191 3569 316 3620 Nlmirum
334 3573 447 3620 librarius
463 3575 523 3620 dum
542 3574 613 3620 dubl·
647 3574 708 3622 llaec
723 3575 788 3622 enlm
800 3580 837 3622 est
849 3573 913 3621 Livii
923 3586 1002 3628 mens,
1014 3587 1063 3622 non
1074 3581 1112 3622 rat
1122 3588 1162 3622 ae·

91 3641 131 3681 tat
149 3641 234 3682 utrum
252 3651 372 3698 apponere
393 3638 499 3692 deberet,
523 3639 613 3685 uniue-
645 3645 728 3686 curate
746 3639 848 3686 {amesae
865 3640 897 3685 ab
916 3644 1014 3685 auctore
1035 3640 1162 3700 explicata.

92 3713 145 3759 que
156 3701 225 3747 verbi
241 3703 347 3762 primm
358 3701 476 3763 syllabam
486 3703 614 3762 expressit,
645 3703 747 3750 Constat
762 3709 811 3752 tres
830 3716 882 3750 esse
898 3701 978 3762 primo
988 3703 1075 3752 debere
1085 3717 1163 3764 augu-

92 3771 123 3811 ut
134 3765 235 3826 eligeret
246 3767 339 3827 perltua
350 3767 431 3812 lector.
646 3779 693 3820 rea,
713 3773 742 3814 ut
763 3779 836 3814 sunna
858 3779 962 3828 queque
983 3771 1033 3814 tres
1053 3769 1162 3829 antiquar

128 3828 160 3878 21
178 3828 290 3877 Adverso
300 3830 410 3894 bantra]
427 3830 614 3880 nautarum-
646 3831 724 3879 tribus
742 3845 859 3893 augurem
877 3833 997 3879 babeants
1015 3833 1036 3879 sl
1051 3833 1162 3894 plurlbua

92 3894 184 3942 noalua
194 3895 296 3957 serlptoe
306 3895 442 3956 plerosque,
453 3901 479 3942 et
489 3895 614 3956 antiqulus
646 3895 679 3942 sit
696 3909 766 3957 opus,
786 3897 947 3952 acerdotum,
965 3897 981 3942 l.
1000 3909 1023 3944 e.
1040 3909 1162 3960 augurum

91 3959 175 4006 editoe
196 3973 282 4008 omnes
303 3960 392 4007 babere
410 3960 514 4007 monae.
549 3961 613 4006 eon-
645 3973 776 4008 numerum
793 3961 828 4006 lte
845 3959 931 4006 debere
950 3961 1163 4024 ampliarl,utpar

91 4024 448 4086 sentiuntqadoqueenoatrb
463 4023 535 4071 MSS.
568 4026 614 4070 At·
645 4025 678 4071 rit
694 4037 815 4087 augurum
833 4037 951 4070 numento
972 4025 997 4072 ln
1017 4031 1163 4088 nnaqueqtle

90 4101 234 4149 qusquam
249 4089 276 4136 ln
292 4090 377 4136 mena
389 4101 460 4136 ’πω
474 4089 614 4148 paniosate
646 4089 801 4150 antiqoamm
821 4088 919 4134 illarum
941 4089 1058 4136 tribuum.
1093 4091 1163 4138 Unde

87 4149 146 4215 jam
168 4153 304 4213 repulsior
321 4153 466 4200 ambarum
485 4167 530 4208 rea.
552 4154 613 4200 illud
645 4154 768 4216 colligitur
776 4153 837 4200 illud
846 4152 974 4212 collegium
986 4155 1016 4200 ad
1032 4167 1163 4202 numerum

91 4219 135 4265 lu'c
157 4223 250 4264 tamem
272 4217 384 4265 addltum
404 4229 456 4263 erae
477 4219 613 4278 mrpleatm
645 4217 829 4279 qaataoeredigl
840 4227 888 4262 uon
900 4217 1006 4275 potuisse
1023 4217 1070 4265 olel
1085 4225 1163 4267 morte

90 4283 161 4330 idem
181 4281 328 4340 Gronovius,
352 4281 498 4341 lelumqua
517 4281 614 4329 dedleae
644 4283 759 4332 duorum.

93 4348 143 4394 hoe
162 4347 216 4393 loeo
232 4345 329 4394 durae
345 4343 406 4401 taut.
417 4351 445 4392 ut
455 4345 513 4393 aubi
524 4346 613 4398 incerta

138 4427 217 4476 l'Ol..
235 4427 259 4473 l.
690 4431 746 4475 00
