3032 4924
332 242 392 303 874
736 233 846 292 TITI
872 231 1009 292 LlVll

173 423 202 470 u.
215 419 309 471 csta
334 421 401 466 rem
422 398 597 464 temeritate
617 397 684 483 ejus
705 393 884 483 prolapsam
908 397 1061 474 madium
1084 397 1389 484 etpriratim,'qood

170 491 202 540 Α·
214 488 242 537 0·
252 487 310 536 ⁸⁷⁸·
333 507 373 552 ex
393 504 502 551 errore
522 485 657 573 gratiam
671 485 777 570 potius
790 485 857 570 ejus
870 483 940 559 sibi,
956 507 1052 572 mam
1072 507 1160 550 suam
1175 485 1321 571 gloriam,
1336 503 1390 570 pe·

332 575 393 639 tiit.
438 572 570 637 Exactee
593 573 655 635 'am
677 571 777 636 estatis
801 570 952 641 Camillus
974 585 1051 649 erat,
1067 572 1264 659 comitiisque
1280 573 1389 658 jurare

213 713 227 730 .
332 671 444 746 parato
471 659 505 722 in
534 595 632 723 verbs
655 658 849 722 excusandae
885 654 1059 722 ualetudini
1092 657 1185 724 solita
1220 680 1390 722 consensus

332 746 442 833 populi
460 745 632 810 restiterat:
656 745 709 809 sed
725 760 870 832 vegetum
894 746 1056 830 ingenium
1081 745 1111 808 in
1137 745 1243 810 vivido
1261 757 1390 830 pectore

332 833 468 920 vigebat,
484 833 665 918 virebatque
678 832 808 917 integris
822 829 972 908 sensibus,
988 845 1020 896 et
1034 831 1138 896 civiles
1154 833 1219 917 jam
1236 853 1286 896 res
1306 832 1388 896 haud

334 941 525 1008 magnopere
537 919 706 983 obeuntem
719 918 801 982 bella
815 916 1004 982 excitabant.
1050 918 1197 994 Quatuor
1211 917 1390 1006 legionibus

333 1007 524 1158 gpaternilm
553 1005 687 1069 millium
717 1004 853 1086 scriptis,
878 1005 1017 1068 exercitu
1043 1003 1164 1069 indicto
1191 1005 1233 1069 ed
1263 1020 1389 1090 portem

355 1092 533 1180 'equilinam
549 1090 581 1156 in
597 1095 777 1177 posterumd
791 1089 887 1167 diem,
903 1091 942 1154 nd
956 1091 1112 1156 Satricum
1124 1091 1293 1176 profectus
1340 1090 1389 1155 Ibi

332 1201 405 1244 eum
420 1192 656 1267 expugnatores
677 1177 811 1241 colouiae
834 1177 1079 1263 haudquaquam
1096 1177 1240 1261 perculsi,
1256 1177 1389 1242 fidentes

332 1265 466 1331 militum
480 1287 633 1342 enumero,
653 1287 717 1351 quo
741 1263 935 1348 aliquantum
960 1263 1164 1348 praestabant,
1181 1264 1389 1350 obperiebao·

332 1366 395 1418 tur.
418 1365 584 1438 postquam
599 1351 855 1436 adpropinquare
867 1351 1030 1414 Romnum
1044 1364 1218 1428 senserunt,
1230 1353 1389 1436 extemplo

330 1442 363 1504 in
387 1441 484 1504 aciem
507 1438 691 1524 procedunt,
709 1435 787 1500 nihil
801 1435 942 1524 dilaturi,
958 1437 1036 1522 quin
1057 1437 1231 1522 periculum
1252 1459 1387 1502 summm

331 1549 437 1592 rerum
465 1525 621 1590 tacerent:
658 1526 703 1588 ita
739 1523 887 1607 paucitati
920 1522 1057 1587 hostium
1094 1523 1174 1589 nihil
1209 1539 1294 1589 artes
1329 1525 1388 1588 im·

330 1611 484 1700 peratoris
499 1611 595 1690 unici,
611 1613 724 1696 quibus
739 1603 813 1674 solis
831 1608 1036 1688 confiderent,
1051 1609 1232 1696 profuturas
1245 1633 1324 1675 esse.

375 1697 514 1764 XXIII.
540 1697 627 1761 ldem
643 1696 738 1760 ardor
758 1709 790 1760 et
811 1695 843 1757 in
869 1695 1018 1760 Romano
1032 1697 1172 1762 exercitu
1197 1711 1277 1769 erat,
1300 1712 1332 1762 et
1355 1699 1387 1762 in

331 1785 431 1852 altero
446 1783 543 1848 duce:
567 1805 626 1846 nec
643 1782 804 1868 prresentis
826 1783 1036 1847 dimIcationis
1057 1783 1215 1848 fortunam
1241 1784 1306 1848 ulla
1328 1807 1387 1864 res,

330 1885 542 1956 praeterquam
565 1869 656 1933 unius
670 1870 728 1932 visi
750 1867 914 1932 consilium
931 1883 1026 1956 atque
1040 1869 1220 1954 imperium,
1241 1871 1387 1936 moraba·
1459 1945 1463 1954 ,

330 1974 401 2021 tur:
425 1956 480 2042 qui
503 1955 697 2020 occasionem
716 1955 929 2040 juvandarum
953 1955 1075 2020 ratione
1093 1957 1205 2021 virium
1231 1957 1387 2023 trahendo

288 2045 291 2050 ’
331 2043 414 2108 bello
428 2042 599 2130 quoerebat.
645 2041 806 2127 Eomagis
821 2040 919 2105 bostis
938 2043 1072 2118 instare3
1094 2063 1154 2106 nec
1163 2045 1229 2130 jam
1245 2066 1307 2129 pro
1321 2067 1387 2110 ces-

330 2130 387 2195 tris
402 2140 524 2195 tantum
544 2129 608 2192 suis
626 2128 787 2214 explicare
801 2128 911 2204 aciem,
927 2127 982 2192 sed
996 2129 1169 2214 procedere
1188 2131 1221 2194 in
1246 2131 1386 2196 inedium

330 2217 445 2302 campi,
466 2231 497 2280 et
521 2215 603 2280 vallo
625 2235 725 2301 prope
747 2213 883 2278 bostium
908 2218 997 2302 signu
1020 2215 1194 2293 inferendo,
1217 2219 1386 2304 superbam

329 2303 477 2368 fiduciam
504 2303 618 2366 virium
642 2313 808 2366 ostentare.
854 2301 892 2365 Id
919 2323 1004 2389 segre
1026 2301 1204 2386 patiebatur
1223 2303 1387 2373 Romanus

169 2407 199 2456 1..
210 2405 278 2456 trau
288 2390 435 2468 remiles;
458 2390 559 2454 multo
580 2391 696 2477 aegriua
717 2387 859 2452 alterex
880 2387 1015 2453 tribunis
1038 2389 1172 2454 militum
1196 2390 1237 2458 L.
1261 2391 1386 2472 Furius,

105 2507 110 2516 ·
168 2474 274 2523 “¹5⁸⁸-
330 2477 418 2542 ferox
432 2499 530 2564 quum
547 2488 639 2542 etate
653 2489 684 2540 et
699 2475 837 2561 ingenio,
859 2487 926 2539 tum
950 2473 1169 2552 multitudinis,
1185 2499 1226 2541 ex
1242 2477 1387 2544 incertis·

329 2565 409 2629 simo
425 2563 576 2629 sumentis
590 2563 723 2638 animos,
739 2581 794 2647 spe
809 2558 945 2626 inflatus.
991 2561 1057 2626 Hic
1076 2585 1134 2648 per
1147 2563 1255 2649 sejam
1273 2565 1387 2631 milites

328 2650 475 2716 incitatos
506 2650 636 2733 insuper
671 2647 840 2734 instigabat
874 2647 1036 2726 elevando,
1066 2671 1129 2734 qua
1159 2671 1221 2713 una
1248 2665 1384 2735 poterat,

328 2750 422 2802 aetate
444 2737 661 2800 auctoritatem
679 2733 825 2817 collegae:
849 2735 1014 2800 Juvenibus
1029 2735 1108 2799 bella
1123 2739 1209 2814 dcte,
1225 2733 1386 2817 dictitans,

328 2833 358 2888 et
371 2845 435 2887 cnm
450 2821 625 2905 corporibus
646 2823 748 2906 vigere
768 2832 799 2884 et
819 2822 1011 2909 dpiorescere
1024 2825 1158 2895 animm,-
1182 2835 1386 2892 cunmatorem

328 2933 366 2973 er
380 2909 525 2972 acerrimo
546 2908 691 2972 bellatore
699 2907 841 2992 sactum·
865 2918 905 2984 et,
922 2911 976 2993 qui
988 2909 1153 2973 adveniens
1165 2921 1270 2975 castra
1284 2913 1386 2978 nrbes·

328 3017 386 3079 que
396 2996 498 3077 primo
513 2995 741 3077 inprinrapere
755 2995 796 3058 sit
809 2996 924 3071 solitus,
940 3017 1005 3059 eum
1020 2997 1147 3058 residem
1166 3001 1257 3060 intra
1274 3001 1386 3063 solima

327 3093 442 3164 tempus
455 3091 572 3145 terere.-
595 3082 670 3165 quid
682 3101 864 3145 accessurum
876 3083 948 3160 suis,
963 3083 1182 3147 decessurumue
1195 3085 1325 3148 nostium
1340 3090 1386 3150 ni·

327 3169 412 3232 ribus
424 3173 621 3250 sperantem?
644 3188 732 3251 pamm
747 3170 939 3244 occasionem,
951 3169 1033 3252 qnod
1044 3179 1170 3250 tenpus,
1185 3191 1270 3253 quem
1285 3169 1386 3237 ‘insi-

327 3255 389 3318 diis
401 3255 587 3318 insinoendis
600 3251 716 3318 mmm?
723 3254 853 3338 frigere
865 3275 902 3317 ac
916 3265 1037 3337 torpere
1048 3256 1128 3320 senis
1141 3258 1282 3322 consilia.
1327 3260 1388 3324 Sed

329 3341 461 3406 Camillo
472 3361 559 3426 pamm
570 3351 581 3378 ⁰
594 3343 666 3406 nitoe
680 3343 766 3416 satis,
783 3351 844 3404 tum
855 3343 968 3426 glorier
981 3363 1051 3405 esse.
1067 3343 1143 3426 quid
1155 3344 1310 3424 adtinere,
1321 3369 1384 3412 nnn

325 3429 451 3492 mortali
471 3419 597 3511 scepeie
616 3449 686 3503 uno,
702 3429 847 3504 ciuitatis,
864 3447 954 3512 mmm
976 3428 1166 3498 inmortalem
1185 3451 1247 3494 esse
1269 3433 1383 3511 meret,

320 3517 395 3597 poti
407 3535 610 3579 emesenescere
624 3515 726 3578 vires?
751 3512 814 3576 His
829 3512 1026 3577 sermonibus
1044 3527 1111 3578 tota
1127 3513 1159 3578 in
1180 3538 1213 3579 se
1226 3531 1384 3584 arermat

325 3614 436 3666 castra.
459 3613 500 3676 et,
512 3623 610 3686 quum
626 3599 772 3664 omnibus
794 3597 871 3663 locis
891 3615 1070 3684 posceretur
1082 3621 1200 3688 pugna,
1217 3603 1382 3683 sustinere,

324 3687 438 3774 inquit,
455 3689 506 3752 M.
524 3689 613 3763 Furi,
630 3707 690 3750 non
706 3707 863 3768 possamus
884 3688 1017 3769 inpetum
1033 3689 1161 3751 militam
1175 3691 1201 3753 ¹:
1225 3700 1256 3753 et
1277 3691 1380 3769 homes,

323 3775 406 3859 cujm
428 3777 545 3838 animos
566 3775 738 3837 mactando
760 3775 908 3847 arsimus,
921 3773 993 3856 jam
1009 3773 1126 3838 minirne
1147 3777 1312 3840 toleranda
1333 3799 1381 3842 m·

264 3862 272 3873 “
318 3861 432 3944 perdia
446 3863 582 3926 insultat.
608 3861 687 3925 Cede
700 3879 777 3922 nnus
790 3860 934 3934 omnibns,
950 3870 980 3923 et
988 3870 1099 3942 patere
1113 3871 1143 3924 te
1157 3863 1234 3924 cirici
1244 3864 1379 3940 consino,

161 3959 358 4014 camenas-ut
380 3949 526 4012 maturius
548 3947 625 4011 bello
647 3947 758 4010 vincas.
803 3945 856 4009 Ad
880 3968 916 4009 en
933 3945 1105 4010 Camillus:
1132 3949 1207 4021 Qnae
1232 3947 1312 4014 bella
1326 3971 1379 4014 sem

160 4031 259 4078 “⁸²⁵⁰-
322 4035 409 4100 unius
430 4034 562 4117 auspicio
580 4043 667 4117 geste
689 4033 732 4095 cd
752 4055 818 4096 eam
832 4033 909 4096 diem
931 4042 1036 4108 essent,
1052 4054 1166 4117 negare
1182 4035 1215 4097 in
1230 4035 1273 4099 eis
1287 4057 1380 4122 neque

384 4219 397 4257 d
408 4226 524 4284 poticrm
535 4225 608 4270 Gron.
674 4227 685 4254 ⁶
702 4227 751 4268 tram
763 4223 838 4269 Gran.
851 4223 919 4269 Creu.
986 4213 997 4252 f
1011 4221 1113 4270 militnm
1124 4223 1235 4284 imprium
1246 4225 1312 4272 End.

357 4387 374 4436 8
391 4387 649 4452 restitissemus]
667 4389 706 4436 stc
717 4397 781 4438 recte
793 4391 938 4438 Gronovius.
972 4390 1038 4438 Libri
1050 4393 1170 4440 hebebant
1183 4393 1338 4442 testam
