3032 4924
436 211 532 271 ΜΒ.
552 211 606 270 v1.
636 209 740 280 CAP.
762 209 881 270 xv111.
1123 202 1181 274 ³69

118 378 186 440 luos
196 374 323 460 quidem·
334 375 481 459 ignorare
494 377 617 442 uoluit?
640 383 796 440 mannate
805 375 923 449 saltem,
938 379 1010 456 quot
1024 370 1088 452 ipsi
1099 366 1179 442 sitis,
1190 383 1220 431 n.
1231 381 1258 432 c.
1269 361 1325 434 ut.

118 471 189 546 quot
204 463 402 526 adversarios
411 462 559 528 tabentis.
602 464 639 528 Si
647 462 764 550 singuli
773 461 908 544 singulos
918 459 1095 543 adgressuri
1104 445 1327 562 ‘’⁸⁸‘'ffiffl'

117 550 166 622 tis,
182 559 287 612 tamen
310 549 413 612 acrius
433 551 582 614 crederem
605 569 656 612 uos
672 569 734 630 pra
748 547 901 622 libertate,
917 565 1006 629 quam
1029 544 1099 606 iilos
1118 562 1276 626 ewam

117 636 337 708 dominatione,
353 645 531 698 certaturos.
575 633 601 674 fl
613 633 694 710 Quot
708 635 787 697 euim
800 635 925 696 clientes
942 633 1025 696 circu
1047 629 1285 716 stugnlmmnffl·

106 721 218 805 fuistis
226 730 390 803 patronos,
406 730 450 784 tot
465 743 544 785 nunc
557 724 700 786 adversus
713 741 803 784 unum
814 720 926 784 hostem
937 720 1036 783 eritis.
1075 717 1183 780 Osten-

119 808 181 870 ditc
195 809 285 870 modo
304 807 430 879 betium·
448 829 556 890 pacem
576 807 734 872 hahebitis.
782 805 916 870 Videant
930 827 981 870 uos
995 812 1128 886 paratos
1142 804 1186 867 ad

118 895 175 957 vim
182 926 194 965 ,·
209 892 268 976 jus
282 894 346 976 ipsi
358 895 523 956 remittent.
566 895 746 958 Audendum
760 901 805 957 est
818 893 942 976 aliquid
954 891 1113 966 universis,
1129 899 1185 954 aut

119 980 533 1064 omniasingulispatieudc.
559 976 1090 1064 Quousquemecircumspectabitis?
1115 976 1186 1061 Ego

120 1067 240 1148 quidem
252 1067 334 1128 nulii
343 1073 471 1128 uestrum
480 1068 580 1130 deero.
595 1067 773 1151 nesortuna
785 1087 851 1128 mea
862 1067 950 1140 desit,
961 1065 1069 1128 videte.
1113 1061 1204 1146 Ipse,

119 1153 233 1216 uindex
246 1161 355 1230 uester,
370 1151 423 1214 uti
436 1153 530 1215 uistcm
545 1153 679 1217 inimicis
693 1161 747 1229 est,
763 1153 864 1216 nulius
877 1149 1064 1234 repentefiri
1072 1177 1083 1212 .·
1097 1159 1128 1213 et
1139 1151 1187 1214 ui·
1234 1223 1242 1228 ,

3 1301 5 1320 ,
119 1238 210 1300 distis
224 1238 260 1300 iu
274 1238 397 1302 vinmda
408 1238 480 1302 duci
489 1240 625 1304 uniuersi
637 1259 712 1314 curn,
729 1239 783 1322 qui
796 1260 817 1300 a
831 1239 961 1321 singulis
971 1236 1054 1302 subis
1063 1237 1186 1300 uincula

3 1343 4 1414 ᾖ
119 1324 307 1406 depuleram
354 1321 442 1398 Quid
455 1345 579 1406 sperem,
594 1326 624 1388 si
634 1325 709 1406 pius
723 1327 757 1388 iu
771 1344 818 1388 me
831 1325 966 1386 audeaut
980 1324 1127 1386 inimici?
1142 1343 1185 1384 an

3 1417 4 1480 i
119 1410 234 1473 aeidum
247 1409 351 1473 Cassii
361 1409 525 1494 Moesique
535 1415 726 1494 exspectem?
750 1409 966 1494 Benesacitis,
978 1411 1059 1493 quad
1071 1408 1186 1472 adarm-

3 1487 4 1516 ¹
119 1497 242 1560 nomini
251 1522 262 1557 .·
286 1496 351 1560 Dii
357 1495 572 1577 ‚moiibebunt
592 1496 675 1559 hac:
696 1497 751 1560 sed
767 1515 927 1579 rmmquam
942 1505 1075 1578 propter
1088 1496 1187 1560 mede

120 1583 193 1646 cala
208 1583 398 1646 descendent.
446 1581 538 1646 Vobis
548 1583 620 1646 deut
631 1591 765 1657 mentem,
781 1590 910 1663 oportet,
925 1591 960 1646 ut
968 1581 1186 1664 prohibeatiss

121 1671 198 1732 sicut
214 1669 292 1732 mihi
305 1668 455 1731 dederuut
468 1677 588 1732 armato
602 1677 774 1752 togatoque,
790 1677 824 1731 ut
837 1689 889 1732 vos
900 1689 921 1730 a
936 1667 1078 1732 barbaris
1091 1668 1187 1732 hosti-

120 1753 182 1830 bus,
198 1775 220 1818 a
234 1753 373 1837 superbis
386 1753 575 1842 defenderem
589 1753 714 1818 civibus.
742 1755 828 1822 'Tam
838 1775 957 1836 parcus
970 1755 1091 1818 animus
1104 1756 1188 1819 tanti

119 1842 230 1923 papuli
250 1851 304 1916 est,
321 1837 389 1904 83ut
401 1861 519 1924 semper
533 1841 616 1905 uobis
629 1841 778 1904 ancilium
793 1843 937 1905 aduersus
959 1841 1098 1906 inimicos
1110 1842 1188 1906 satis

120 1929 188 1991 sit?
213 1948 268 1990 nec
281 1927 387 2006 ullum,
402 1927 465 1991 nisi
478 1937 625 2010 quatenus
640 1929 790 2010 imperari
804 1927 886 1994 uobis
899 1928 1021 2004 sinatus,
1035 1937 1188 1992 certamen

122 2015 268 2078 advoces
283 2013 398 2076 Patres
407 2014 543 2077 noritis?
561 2014 625 2078 Nec
634 2014 690 2078 hac
703 2023 817 2077 natura
830 2016 954 2078 insitum
969 2013 1052 2080 uobis
1066 2024 1120 2092 est,
1136 2015 1191 2078 sed

121 2121 176 2164 usu
185 2099 401 2182 possidemini.
426 2098 575 2164 Curenim
586 2102 730 2164 aduersus
740 2110 879 2164 cunnos
889 2109 1007 2164 tantum
1018 2103 1189 2165 animorum

118 2187 244 2270 geritis,
255 2194 290 2248 ut
301 2185 454 2267 imperare
465 2186 530 2248 iliis
539 2205 655 2268 equum
669 2187 843 2250 censeatis?
859 2187 934 2269 quia
948 2189 1111 2252 corsstustis
1123 2209 1188 2250 curn

123 2273 167 2336 eis
176 2292 241 2354 pra
250 2272 380 2354 imperio
390 2279 517 2346 certare,
530 2271 736 2336 aduersusieos
745 2281 866 2340 tentore
876 2273 982 2355 magis,
995 2293 1084 2356 quam
1096 2274 1189 2354 tueri,

122 2357 305 2421 libertatem.
333 2357 448 2420 Tamen
459 2359 685 2441 qualescumque
695 2357 783 2422 duces
793 2356 952 2434 habuistis,
964 2360 1190 2441 qualescumque
1208 2415 1210 2423 .

123 2444 186 2526 ipsi
186 2443 316 2528 sedistis,
329 2445 434 2506 omnin
443 2444 553 2522 adduc,
562 2452 803 2527 quantummque
807 2444 942 2525 petistis,
954 2443 1129 2508 obtinuistis
1137 2465 1190 2508 seu

122 2529 363 2614 ui,seusartuna
372 2527 1041 2612 vesu-oneuposescetiammojoraconori.
1055 2530 1190 2612 Reperi·
1253 2529 1257 2548 ‘

122 2617 202 2680 mini
210 2617 299 2680 neoda
308 2625 339 2678 et
347 2625 476 2680 uestrum
471 2615 767 2700 filieitatem,etme
776 2619 823 2700 (ut
831 2615 1074 2700 spero)seiiciter
1083 2637 1190 2699 eaper-

122 2713 207 2766 acu:
231 2703 350 2766 minare
364 2702 496 2786 negotio,
512 2702 567 2786 qui
585 2703 712 2785 imperet
727 2701 888 2775 Patribus,
909 2703 1073 2784 inponetis,
1088 2723 1188 2786 mam,

122 2791 178 2874 qui
191 2789 369 2854 resisterent
384 2787 615 2870 imperantibus,
633 2790 818 2872 inposuistis.
863 2788 934 2853 Sola
947 2791 1107 2872 aequanda
1120 2799 1191 2854 sunt
1283 2831 1287 2838 -

123 2877 290 2940 dictatura
309 2875 548 2958 emundatusque,
572 2883 605 2938 ut
632 2885 725 2958 caput
750 2875 899 2938 adtollere
924 2873 1067 2938 Romano
1086 2875 1192 2958 plebes

119 2963 228 3043 possit.
273 2961 415 3024 Proinde
427 2961 543 3039 adeste,
553 2960 713 3043 prohibete
715 2959 821 3042 jusde
829 2961 970 3043 pecuniis
983 2963 1058 3024 deci.
1080 2984 1135 3046 ego
1145 2983 1192 3028 me
1239 3015 1245 3034 ,

117 3057 289 3130 patronum
304 3047 455 3128 profiteor
465 3045 575 3128 plebis,
591 3048 672 3131 quad
685 3046 762 3110 milei
774 3069 848 3112 curn
864 3069 929 3110 men
945 3056 974 3111 et
983 3049 1070 3130 fides
1085 3069 1191 3114 stamen
1321 3057 1327 3064 '

123 3134 239 3196 induit.
291 3132 348 3196 Vos
360 3133 390 3195 si
403 3153 462 3216 qua
484 3134 602 3217 insigni
624 3133 723 3216 magis
745 3135 871 3216 imperii
891 3133 1051 3198 honorisue
1071 3135 1192 3200 nomine

124 3229 255 3284 oestrum
266 3218 464 3301 adpeliabc'tis
474 3219 586 3294 ducem,
598 3241 634 3282 ea
644 3221 772 3282 utemini
779 3220 955 3301 potentiore
968 3221 1013 3283 ad
1024 3220 1191 3286 obtinenda

124 3326 174 3385 ea,
189 3325 260 3390 quce
273 3305 377 3368 uultis.
410 3302 490 3367 Inde
503 3303 544 3368 de
558 3325 659 3392 regno
669 3303 785 3392 agendi
795 3316 902 3368 ortum
917 3303 1041 3369 initium
1055 3305 1188 3374 dicitur:

124 3390 179 3456 sed
205 3412 265 3456 nec
288 3410 361 3456 cum
385 3388 512 3477 quibus,
527 3411 586 3454 nec
601 3411 694 3477 quem
714 3390 756 3456 od
781 3389 877 3456 finem
893 3391 1026 3458 consilia
1039 3413 1190 3477 petresse·

125 3477 201 3556 rint,
216 3490 268 3542 sas
281 3475 412 3562 planum
429 3477 575 3544 traditur.

539 3639 554 3669 ²
563 3639 617 3701 Jnn
628 3639 703 3686 Gran.
715 3640 795 3686 erens

125 3787 245 3842 ventum
264 3799 313 3832 mn
333 3787 375 3832 illc
391 3794 456 3834 reete
467 3789 602 3848 suspicetur
614 3787 646 3836 τὰ
679 3790 725 3836 uto
736 3794 780 3835 est.
816 3787 883 3839 Qum
894 3787 959 3834 enim
971 3818 978 3833 .
990 3817 997 3832 .
1009 3817 1035 3832 ..

124 3849 205 3898 aderat
226 3854 250 3896 ei
273 3864 325 3897 nan
347 3863 399 3898 csse
420 3866 437 3897 ι
463 3851 540 3898 Livio.
575 3855 646 3900 Certe
710 3853 743 3900 83
762 3851 796 3899 Ut
816 3865 903 3912 semper
924 3851 986 3897 uobis
1005 3847 1133 3912 caudium]
1160 3849 1193 3896 Ut

124 3917 231 3962 rotunda
253 3921 291 3962 cu
313 3915 366 3962 hac
385 3917 476 3964 oratioe
496 3915 574 3972 Qum
589 3931 648 3978 para
678 3917 739 3963 nihil
751 3916 967 3962 aliuddeeideretio
980 3916 1095 3962 adversus
1110 3915 1193 3961 inimi·

124 3983 238 4040 utraqu.
249 4007 257 4024 .
271 4011 279 4027 .
290 3982 381 4025 ‚coorta
391 3984 447 4028 cred
457 3983 482 4027 tn
489 3981 648 4042 propinquum
679 3994 731 4039 coc,
742 3993 817 4042 quam
828 3979 957 4036 auxilium,
972 3993 1021 4041 quo
1038 3993 1052 4026 a
1069 3979 1138 4024 vobis
1153 3993 1193 4025 co-

124 4047 251 4093 ccrtarneu.
676 4059 731 4092 rum
752 4045 802 4090 vim
824 4050 849 4088 et
868 4039 969 4104 injurias
990 4043 1107 4102 srceetis3
1126 4040 1194 4090 'nec

158 4105 285 4164 amau
306 4107 381 4172 men]
409 4108 474 4156 Ante
495 4108 549 4156 hec
572 4111 645 4156 verba
676 4121 785 4169 unquam
801 4108 916 4153 advorsus
934 4107 1018 4154 eum
1031 4109 1136 4162 certetis.
1150 4107 1197 4154 nisi

125 4173 234 4232 mppleri
250 4185 313 4234 opus
329 4178 411 4219 estex
433 4186 505 4222 neum
521 4173 644 4234 integrum
676 4175 707 4220 de
729 4171 840 4218 termini·
859 4171 958 4216 illorum
981 4173 1007 4218 in
1029 4185 1072 4218 vos
1094 4173 1196 4232 imperio

125 4237 243 4284 annonis
259 4239 408 4292 membrum,
420 4239 491 4300 quale
506 4244 570 4284 esset
585 4238 645 4284 hocs
679 4235 828 4283 statuendis:
850 4247 927 4293 quum
954 4235 1000 4282 hoc
1021 4237 1089 4282 vobis
1117 4237 1197 4296 potius

127 4297 348 4362 adiungentur
364 4315 403 4348 res
424 4315 450 4348 ee
471 4301 558 4348 habete
576 4302 647 4362 longe
679 4301 829 4362 propositum
846 4311 899 4346 esse
916 4299 1010 4358 debeas,
1033 4307 1059 4346 ut
1082 4301 1127 4364 ips!
1150 4301 1198 4354 ints

128 4361 176 4410 clia
196 4367 265 4413 vobis
282 4365 414 4414 dimicandi
432 4366 539 4414 conditio
561 4377 647 4426 propo·
680 4365 811 4424 imperetis.

170 4447 244 4493 vos..
261 4449 287 4496 ι.
721 4447 742 4494 ss
757 4427 779 4492 b
