2978 4918
435 173 530 232 LlB.
550 171 608 232 111.
634 173 736 232 CAP.
756 173 814 233 111.
1105 183 1161 236 155

103 328 308 398 hauddubie
331 357 388 422 spe
412 337 578 423 proiectus,
601 338 715 404 famem
743 339 879 403 nominis
905 339 952 404 sui
978 355 1240 426 passionemve
1252 360 1307 410 tes.

106 417 237 506 AEquos,
253 421 379 510 legatos
397 423 428 486 in
445 425 611 488 consilinm
627 425 730 513 gentis
749 425 862 490 missos
883 428 1034 490 nunciare
1050 427 1160 512 jussit3
1171 427 1202 471 Α·
1214 425 1308 474 ⁰⁶⁴⁸&

107 503 141 579 Q.
156 507 288 572 Fabium
311 513 461 575 cornnlem
484 513 593 591 dicere,
609 533 640 576 se
661 535 698 574 ee
713 512 829 596 AEquis
848 533 955 596 pacem
970 513 1100 576 Romam
1114 524 1163 578 tu-

103 591 176 668 lisse,
192 593 354 659 ubilona
371 597 485 681 AEquie
501 598 607 661 bellum
626 599 759 684 offerre,
775 600 878 662 eodem
898 601 1009 663 dextro
1028 611 1160 677 armato,
1170 621 1300 683 lnquteom

103 699 186 759 quon
194 683 427 762 paeoton'illis
436 695 528 747 antea
539 685 676 747 dederat.
691 705 815 768 qttonenr
827 687 863 748 id
869 687 1006 769 papinio
1017 695 1047 749 e‘t
1055 686 1162 771 perja-
1170 686 1270 734 bellum.

103 766 225 847 riofiot,
244 769 334 833 Deos
349 791 428 832 nurse
442 779 528 834 testes
541 791 612 846 esse,
625 771 773 855 mansore
785 773 908 836 altores.
934 772 973 836 se
987 782 1098 850 tomen,
1114 783 1166 837 ret·

102 871 217 934 oraque
230 855 286 931 sit,
298 857 394 918 atione
409 877 497 932 nnnc,
509 857 661 939 poenitere
673 877 729 920 arto
742 867 849 940 sponte
859 857 989 941 Equos,
1001 879 1091 942 quon
1100 880 1163 942 pa-

102 937 126 996 ti
137 937 276 1017 hostilia,
292 943 397 1005 nolle.
440 944 476 1007 se·
491 945 653 1025 peniteat,
669 951 765 1006 tutum
781 953 929 1026 receptum
945 946 989 1006 ad
1008 955 1164 1028 erpere.

103 1023 286 1089 elementiam
298 1028 402 1111 fore:
424 1030 473 1092 sio
491 1028 632 1112 perjurio
648 1031 819 1113 gaudeant,
841 1031 918 1094 Diis
938 1033 1038 1129 arogis
1059 1034 1161 1109 iratis,

102 1130 185 1192 pron
198 1113 351 1190 hedibiae,
362 1124 500 1199 gesturos
513 1115 629 1178 bellun
669 1113 753 1178 Hrec
765 1114 853 1180 dicta
867 1114 947 1180 adeo
961 1115 1041 1178 nihil
1057 1138 1163 1182 move·

103 1207 171 1260 runt
192 1219 405 1284 quemqnam,
421 1213 457 1264 ut
477 1200 572 1286 legati
597 1221 699 1286 prope
720 1200 827 1266 violati
850 1201 924 1281 sint,
946 1203 1163 1289 exercitusque
1240 1221 1243 1239 ¹

105 1281 131 1342 in
145 1281 303 1370 Algidum
326 1285 475 1353 adversus
491 1286 659 1351 Romanos
679 1287 801 1350 missus.
847 1285 931 1363 Qum
949 1285 1004 1350 ubi
1024 1287 1162 1354 Romam

102 1380 169 1431 sunt
189 1372 358 1448 nunciata,
382 1371 447 1436 indi
472 1373 552 1437 nitas
574 1372 631 1450 rei,
648 1374 746 1460 magis
768 1393 862 1460 quam
884 1372 1069 1458 periculum,
1085 1395 1162 1438 con-

101 1453 193 1518 sulem
208 1456 352 1522 alterum
369 1458 410 1522 sb
425 1395 502 1522 urgba
514 1459 640 1523 excivit.
664 1459 707 1523 ite
729 1459 794 1522 duo
808 1462 990 1524 consulares
1004 1461 1162 1528 exercitus

101 1539 136 1604 ed
154 1541 283 1608 hostem
299 1565 458 1608 accessere
472 1546 539 1611 acie
557 1545 721 1624 instructo,
734 1560 771 1610 ut
785 1545 946 1610 confestim
961 1545 1161 1612 dimicarent.

103 1626 158 1692 sed
171 1651 282 1716 qnam
300 1629 386 1694 iorte
405 1629 492 1694 hand
515 1629 649 1695 multum
663 1630 726 1696 diei
748 1645 931 1716 superesset,
946 1653 1028 1697 unus
1043 1633 1084 1698 ab
1099 1647 1163 1699 sto-

101 1713 177 1780 tiooe
191 1718 341 1783 bostium
356 1716 530 1784 exclamat:
557 1717 720 1782 Ostentare
733 1719 788 1782 lroc
801 1729 855 1795 est,
871 1720 1018 1796 Βοωαηί,
1035 1741 1096 1784 non
1106 1741 1162 1808 ge·

102 1803 302 1868 rochellam.
325 1806 360 1867 in
374 1814 488 1868 noctem
511 1806 704 1868 inminentem
726 1807 821 1870 aciem
835 1807 998 1870 instruitis.
1023 1808 1163 1892 longiore

101 1888 156 1954 tuce
167 1892 212 1954 orl
224 1892 271 1955 id
283 1900 445 1967 emoneo,
462 1892 543 1975 quod
560 1891 667 1968 instat,
682 1891 768 1955 nobis
782 1913 856 1975 opere
869 1902 925 1957 est.
953 1893 1096 1957 Crastino
1110 1895 1163 1959 die

102 1977 208 2041 oriente
220 1979 295 2042 sole
315 1977 415 2040 redite
429 1979 462 2039 in
480 1978 596 2040 aciem.-
619 1978 680 2040 erit
693 1980 783 2062 copia
799 1980 975 2062 pugrtondi,
990 1999 1029 2043 ne
1049 1981 1161 2045 timete.

103 2059 313 2128 Hiseocibus
334 2061 475 2126 irritatus
496 2061 585 2125 miles
606 2062 640 2125 in
654 2062 738 2127 diem
762 2079 921 2150 posterum
941 2064 974 2127 in
995 2079 1098 2130 castra
1112 2087 1162 2130 re·
1209 2071 1224 2092 '·

100 2147 234 2227 ducitur,
262 2149 414 2237 ⁶loogam
434 2149 542 2213 venire
562 2162 688 2213 noctem
711 2161 808 2227 retus,
823 2171 896 2236 quse
917 2171 1038 2215 moram
1062 2151 1163 2216 certa-

101 2234 169 2300 mini
191 2235 328 2301 iaceret.
372 2235 455 2299 Tum
493 2234 597 2300 uidem
612 2257 748 2321 corpora
763 2237 835 2301 cibo
849 2257 1024 2336 somnoque
1038 2251 1161 2304 curant.

103 2320 147 2386 ubi
171 2321 301 2387 inluxit
325 2331 453 2407 postero
470 2257 535 2398 bie,
559 2323 648 2406 prior
669 2321 831 2409 eliquanto
852 2323 993 2386 constitit
1016 2322 1163 2390 Romana

100 2408 195 2486 scisse
223 2407 355 2473 tandem
371 2421 404 2472 et
419 2407 520 2494 AEqui
533 2429 723 2493 processere.
759 2405 914 2472 Proelium
929 2405 990 2472 fuit
1002 2409 1162 2496 utrimque

101 2493 286 2570 vehemens3
316 2494 404 2581 qnod
432 2511 464 2560 et
494 2493 658 2560 Romnum
688 2493 735 2558 ira
763 2491 901 2579 odioque
928 2492 1104 2579 pugnabat,
1130 2508 1164 2561 et

102 2579 227 2671 AEquos
255 2581 448 2646 conscientia
470 2581 624 2646 contracti
648 2583 744 2664 culpa
764 2578 907 2665 periculi,
930 2591 963 2644 et
984 2580 1163 2672 desperatio

101 2667 215 2736 laturre
237 2667 299 2732 sibi
321 2680 430 2768 posteo
450 2665 535 2745 fidei,
552 2666 661 2768 ultima
683 2665 799 2730 audere
814 2678 846 2731 et
859 2665 997 2766 experiri
1018 2665 1163 2816 coqebst.

104 2753 173 2822 Non
199 2769 308 2822 tamen
337 2769 513 2819 sustinuere
538 2775 636 2819 acram
664 2754 841 2818 &manem
866 2751 986 2838 AEqtu:
1016 2774 1163 2840 puerque

103 2864 196 2928 quum
214 2843 247 2906 in
270 2841 351 2906 fines
373 2862 445 2906 suos
466 2863 499 2904 se
518 2840 718 2925 recepissent,
734 2838 835 2904 nihilo
848 2839 1100 2904 inclinatioribus
1122 2839 1164 2904 ad

103 2949 210 3012 pacem
240 2928 357 2994 animis
385 2925 475 2992 ferox
501 2925 672 2991 multitudo
696 2928 860 3012 increpare
882 2923 990 3004 duces,
1010 2923 1101 3012 'quod
1129 2927 1164 3012 in

104 3016 294 3101 aciemque
314 3013 479 3100 pugnandi
500 3026 568 3077 arte
583 3012 748 3077 Romsnus
768 3011 911 3089 excellat,
926 3013 1092 3077 commisso
1113 3035 1165 3078 res

104 3103 149 3169 rit.
194 3101 324 3188 Quos
340 3099 598 3187 populationibus
610 3099 907 3185 incursionibusque
920 3099 1066 3164 meliores
1079 3121 1164 3177 essee

104 3188 263 3254 eternitas
283 3187 399 3272 passim
415 3207 539 3266 menos,
553 3207 648 3272 quam
671 3206 819 3274 magnam
834 3185 949 3252 molem
966 3186 1058 3251 unius
1073 3207 1164 3250 exer-

106 3275 193 3354 citus,
210 3275 330 3340 rectius
345 3273 429 3338 bella
442 3295 562 3361 gerere.

143 3363 208 3427 ΙΙΙ.
234 3359 364 3426 Relicto
387 3361 411 3424 it
456 3383 495 3424 ue
516 3357 625 3424 cestris
650 3357 850 3443 pissidiae
888 3358 947 3422 essi
973 3371 1062 3421 tanto
1087 3377 1162 3424 cum

107 3449 241 3514 tumultu
263 3383 507 3512 invaseresslnes
523 3445 746 3523 Romanunm
761 3444 802 3509 sd
822 3465 861 3508 ur
904 3467 935 3509 m
957 3465 1001 3531 qn
1045 3463 1085 3508 ue
1099 3457 1164 3508 ter·

106 3555 204 3600 rorem
225 3532 428 3620 pertulerint.
451 3531 639 3619 necopinata
660 3531 754 3595 etiarn
777 3551 827 3594 res
852 3531 923 3615 plns
944 3531 1024 3616 trepi
1048 3531 1164 3596 ationis

107 3619 182 3700 iecit,
197 3620 288 3710 quod
310 3617 389 3684 nihil
413 3620 529 3698 minus,
544 3639 640 3705 quam
662 3639 703 3682 ne
717 3617 817 3682 vietus
832 3639 869 3681 ac
890 3638 991 3703 prope
1005 3617 1037 3680 in
1053 3617 1164 3682 castris

107 3707 244 3774 obsessus
270 3705 371 3772 hostis
396 3727 518 3770 memor
542 3703 757 3792 populationis
778 3715 867 3782 esset,
890 3703 992 3768 timeri
1019 3715 1163 3787 poterat,

106 3808 315 3880 agrestesque,
326 3791 432 3879 pavidi
446 3789 620 3858 incidentes
635 3791 745 3876 portis,
761 3811 825 3855 non
841 3789 1090 3875 populationem,
1107 3810 1166 3855 nec

104 3883 289 3966 prationem
305 3901 420 3964 pamas
431 3901 554 3954 msnus,
570 3877 636 3955 sed,
652 3878 761 3942 omnia
774 3897 856 3941 vano
875 3890 1025 3962 sugentes
1038 3875 1163 3953 timore,

106 3967 256 4034 exercitus
270 3979 303 4031 et
316 3964 456 4054 legiones
470 3965 579 4030 adesse
597 3963 747 4042 hostium,
763 3977 795 4028 et
817 3962 928 4028 infesto
950 3962 1077 4050 agmine
1091 3983 1164 4026 rue·

105 4054 190 4120 read
211 4053 337 4130 urbem
353 4051 543 4118 clamabant.
587 4053 640 4116 Ab
655 4049 705 4114 his
725 4049 863 4136 proximi
879 4049 1011 4114 “audita
1030 4047 1165 4132 incerta,

134 4223 285 4290 ³⁰Losgon
314 4226 393 4274 mire
421 4231 508 4274 mmm
539 4225 616 4290 rusa]
648 4224 705 4287 quir
716 4235 809 4271 mamm
821 4221 948 4270 certamini
958 4227 1021 4268 esset
1031 4221 1133 4268 Mora.

106 4287 270 4340 tenerum
286 4297 426 4354 manant
444 4297 617 4351 noctemque
682 4282 1166 4348 tiAuditoincerts‚eoquenontoro]lo·

106 4353 251 4412 dicamne,
285 4357 386 4417 longam
423 4355 469 4406 sibi
506 4357 616 4416 togam,
648 4353 792 4415 mquis
807 4351 933 4401 audinmt
949 4347 1164 4408 tantummono-
