3056 4928
409 194 513 254 Lus:
527 192 604 296 ῚῙΙΙ.ἱ
621 191 725 254 CAP.
752 193 835 256 xlv.
1096 203 1153 258 418

103 357 613 444 mmeitusateigmaoiaerutsmt
724 359 1301 444 ignomimaemossaffltessimmus.

104 455 200 510 tutum
214 446 282 510 sime
292 446 396 522 armis,
408 445 510 509 oravit
523 466 578 520 ose,
639 465 723 511 secam
737 467 871 512 caussam
885 449 971 530 apud
983 455 1014 511 te
1026 468 1155 532 agerem.
1164 447 1198 496 A.
1208 445 1235 494 ⁰·
1245 445 1302 494 ³⁵⁸

105 533 268 615 Equidem,
283 531 380 596 sicubi
392 533 458 594 loco
470 551 589 606 cessem,
604 532 633 595 si
646 539 733 614 tergo
744 533 821 595 data
835 533 925 608 besti,
936 535 966 597 si
975 532 1159 618 sigmasade

104 615 1159 703 amissaom'ieiuobisposseut,tameubocateinpetrarioeqsmmcen·

103 703 559 785 serem‚utmosvirtuteculpam
567 711 699 766 nostram
709 705 907 788 corrigerem
915 705 1036 769 abolere
1083 706 1161 788 gilii

104 779 646 873 memoriambooagloriapateresis.
661 789 1022 876 EtiamodAlliomjiua
1054 792 1162 876 gioum
1243 788 1246 798 '

104 877 345 959 comtemptum
349 896 409 956 per
411 895 556 956 pauorem
565 875 741 950 amiserant,
745 877 896 958 patriam,
901 876 1160 962 prosectapostea

102 961 143 1024 ab
160 961 254 1036 Veiis,
266 962 380 1025 uittscte
391 981 614 1043 recuperavere.
630 960 725 1036 nobis,
737 961 836 1025 Deum
848 962 1046 1046 benignitate,
1050 961 1162 1047 setici-

103 1055 170 1110 tate
180 1052 236 1110 tua
246 1047 413 1130 populique
423 1046 567 1120 Romam,
583 1055 613 1110 et
624 1056 711 1111 reset
721 1048 878 1130 gloriaest
889 1051 1021 1133 integra.
1046 1046 1161 1124 Quam·

103 1153 195 1217 quom
208 1131 237 1174 ⁷⁰
245 1134 283 1196 de
292 1133 398 1216 glorio
412 1133 464 1196 via
478 1133 578 1195 eiicere
591 1134 698 1208 ausim,
712 1135 742 1197 si
753 1154 808 1198 nos
822 1143 851 1196 et
864 1135 961 1198 hostes
974 1133 1059 1197 baud
1070 1153 1162 1214 semes,

106 1240 198 1302 pisam
211 1218 375 1302 faeminas,
391 1217 511 1281 abditos
525 1219 610 1280 iutro
625 1220 735 1281 vallum
750 1219 884 1283 omuibm
897 1220 1085 1285 emitumeliis
1098 1220 1162 1282 elu-

106 1307 202 1378 dom,-
217 1313 248 1368 et
258 1313 293 1368 tu
307 1305 473 1386 imperator
486 1313 596 1378 noster,
612 1305 693 1386 quoa
709 1306 822 1388 agrius
836 1307 985 1386 patimur,
1001 1307 1162 1369 eaereitum

107 1400 190 1454 tuem
198 1389 394 1466 simeonium,
404 1391 582 1469 siuearmis,
591 1388 925 1472 sinemaoibusjulieos
933 1413 1009 1463 esse,-
1025 1400 1055 1454 et
1060 1391 1161 1473 prius,

56 1471 59 1480 ’
107 1497 197 1561 quom
212 1486 354 1558 expertus
363 1496 415 1540 aas
425 1497 511 1554 esses,
520 1477 558 1538 de
569 1475 654 1539 uobis
665 1477 712 1538 ita
722 1477 984 1558 desperasti,utte
992 1497 1163 1540 maneamus

107 1585 145 1626 ae
153 1562 299 1626 debilium
308 1564 408 1626 ducem
413 1559 573 1644 judicares
587 1583 658 1625 esse.
697 1559 783 1636 Quid
793 1564 871 1625 euim
882 1564 1041 1628 aliudesse
1050 1583 1164 1627 caussa

107 1647 305 1724 ⁷¹credemus,
327 1669 382 1710 our
401 1655 560 1712 ammanus
580 1649 652 1723 luc,
666 1647 857 1730 fortissimus
871 1649 958 1725 bello,
978 1649 1163 1730 compressis,

109 1735 192 1820 quod
204 1735 305 1809 aiunt,
320 1733 457 1798 manibus
469 1734 599 1797 sedeas?
621 1742 776 1816 metasque
790 1736 914 1799 enimse
932 1733 1041 1798 babet⁰
1060 1755 1119 1810 res,
1134 1743 1165 1798 te

110 1824 148 1884 de
162 1829 270 1884 mostra
284 1821 397 1883 uirtute
421 1818 573 1882 dubitasse
585 1819 695 1894 uideri,
711 1841 800 1902 qscam
814 1841 869 1884 uos
890 1823 928 1884 le
948 1830 1012 1898 tua,
1028 1818 1054 1863 ⁷¹
1064 1821 1166 1884 aerius
1203 1817 1206 1824 ⁴

109 1915 162 1972 est.
206 1907 264 1970 Sim
278 1914 378 1968 autem
393 1925 452 1967 nou
466 1915 548 1968 mum
562 1906 648 1981 istuc,
662 1906 716 1968 sed
730 1905 882 1988 publicum
897 1917 939 1972 est
953 1907 1120 1982 consilium,
1136 1915 1167 1970 et

108 2012 269 2056 consensus
289 1992 404 2074 aliquis
417 1992 558 2065 Petrum,
573 2011 635 2052 nos
657 1987 808 2055 Gallicum
830 1991 946 2068 bellum,
962 2013 1016 2057 uos
1030 1993 1069 2056 ab
1082 1992 1166 2070 urbe,

110 2101 132 2142 a
149 2077 319 2142 Penatibus
332 2079 443 2141 uostris
453 2075 607 2160 ablegatos
621 2085 719 2148 temet,-
743 2097 851 2160 quasa,
863 2089 898 2142 ut
911 2101 957 2156 ea,
974 2097 1041 2162 qua
1054 2079 1164 2154 dicam,

111 2185 173 2228 mors
188 2186 208 2228 a
223 2162 371 2226 militibus
382 2163 562 2244 imperatori
576 2163 659 2224 clieta
668 2183 796 2239 censeas,
805 2165 859 2226 secl
868 2185 888 2226 a
897 2164 987 2246 plebe
995 2163 1146 2228 Patribus
1151 2197 1163 2235 ,-

112 2271 190 2334 quae‚
205 2251 283 2314 sieut
304 2270 354 2314 vos
376 2259 474 2313 uestra
495 2247 633 2312 babeatis
647 2249 786 2322 consilia,
806 2249 851 2312 sie
870 2271 902 2313 se
923 2270 978 2314 sua
992 2249 1166 2312 babituram

113 2338 207 2400 licat.
247 2334 325 2411 Quis
336 2337 456 2398 tandem
465 2343 643 2409 seiacensem,
655 2334 766 2398 milites
776 2355 830 2398 uos
843 2353 915 2411 esse,
925 2355 985 2398 uom
995 2355 1095 2398 servas
1103 2356 1167 2398 ves·

114 2427 205 2488 tros?
227 2424 271 2486 ael
284 2422 401 2496 bellum,
416 2442 477 2483 mars
492 2422 525 2482 iu
536 2421 684 2496 exsilium,
699 2422 828 2484 missos?
850 2421 879 2484 si
892 2421 960 2503 quis
974 2422 1025 2484 det
1037 2420 1167 2504 siguum,

115 2510 149 2572 im
163 2507 258 2572 aciem
273 2509 391 2583 educat,
405 2516 440 2572 ut
453 2507 528 2570 viris
542 2527 579 2569 ae
591 2505 740 2570 Romanis
753 2506 876 2590 liguum
887 2507 938 2582 sit,
948 2509 1165 2590 pugnaturos?

114 2597 143 2658 si
155 2595 238 2658 uibil
251 2595 346 2657 amnis
360 2613 434 2674 opus
454 2594 505 2668 sit,
521 2592 614 2655 otium
628 2591 736 2654 fflmae
750 2593 866 2674 potius,
881 2613 971 2675 qstam
992 2594 1025 2655 iu
1047 2592 1166 2666 castris,

115 2684 264 2746 acturos?
286 2680 350 2742 bae
363 2679 447 2744 elicta
461 2679 523 2742 sint
533 2677 691 2742 Patsibsu.
740 2677 794 2751 Te,
807 2679 983 2762 imperator,
998 2678 1110 2742 milites
1119 2677 1168 2740 tui

114 2787 246 2841 oramus,
261 2775 295 2828 ut
309 2765 395 2828 nobis
409 2764 575 2848 pugnandi
587 2765 704 2846 copiam
714 2763 833 2850 socias.
855 2770 964 2849 quum’
985 2763 1105 2828 vincere
1118 2784 1170 2827 su·

110 2854 224 2934 pimus,
242 2861 303 2915 mm
318 2861 349 2915 te
363 2853 457 2914 duces
470 2851 607 2920 vincere,-
631 2849 690 2913 tibi
702 2851 838 2914 lauream
860 2850 1008 2933 insignem
1029 2849 1165 2936 deferre·

117 2948 210 3002 temam
222 2937 444 3020 triumphantes
457 2936 559 2999 urbem
574 2936 656 2998 inire
661 2969 674 3008 ,-
697 2945 778 2999 tuum
789 2945 942 3020 sequentes
952 2957 1071 3000 cussum
1082 2935 1170 3000 Jouis

116 3025 226 3108 optimi
238 3024 366 3104 maaimi
378 3024 517 3105 templum
527 3029 690 3106 gratantes
704 3032 883 3106 ouantesque
897 3023 995 3087 adire.
1041 3021 1170 3086 Oratio·

118 3131 190 3173 nem
206 3107 307 3174 Tullii
329 3119 519 3192 exceperunt
540 3127 648 3191 preces
671 3107 898 3182 multitudiniss
924 3119 956 3173 et
970 3106 1120 3196 undique,
1135 3119 1171 3171 ut

117 3195 142 3258 si
190 3215 244 3259 um
259 3194 358 3270 daret,
374 3207 409 3259 ut
424 3192 983 3279 ceperesrmajube1·et,clamsbont

198 3280 257 3346 IV.
281 3280 438 3356 Dictator,
461 3299 650 3366 quamquam
675 3299 741 3342 rem
771 3280 886 3344 bouem
911 3279 1055 3364 'exemplo
1083 3275 1171 3342 haud

140 3367 275 3434 sobsbili
289 3379 390 3431 sctum
406 3365 565 3445 cernebat,
576 3377 682 3429 tumen
695 3363 863 3445 facturum,
879 3365 965 3451 quod
980 3365 1093 3429 milites
1107 3362 1169 3428 vel·

117 3389 194 3531 lent,
210 3475 243 3517 se
257 3454 392 3536 recepit3
415 3451 622 3537 Tulliumque
642 3463 772 3528 secreto,
788 3469 934 3556 quaeuam
957 3451 1026 3515 hoec
1048 3471 1096 3513 res
1119 3449 1169 3527 sit,

118 3554 261 3626 susque
286 3551 357 3603 acts
381 3559 477 3615 more,
503 3548 739 3622 percunctatur.
783 3536 909 3601 'luliius
935 3556 1126 3624 magnopere
1151 3557 1171 3599 a

61 3699 65 3708 ,
116 3627 271 3692 dictatore
291 3637 408 3710 petere,
424 3646 463 3690 ue
481 3647 513 3688 se
533 3623 656 3686 oblitum
682 3623 856 3706 disciplima
880 3624 1037 3698 militaris,
1060 3623 1170 3698 uesui,

116 3735 189 3778 usae
204 3713 412 3796 imperatoria
431 3709 608 3795 osojestatis,
623 3711 778 3772 mederet.-
799 3710 990 3773 multitudini
1002 3710 1171 3784 comitata,

235 3833 505 3880 obtestantium.
613 3828 765 3876 ssimum
862 3827 1051 3876 summum.

148 3955 181 4002 69
196 3955 344 4002 aestuosum
361 3949 411 3996 sisse
427 3947 512 4010 omis]
537 3945 630 3994 Altudtt
695 3941 793 3990 io'De
817 3943 895 4004 glorta
921 3944 962 3989 otu
988 3941 1062 3988 dieses
1083 3937 1171 4000 summ]

118 4021 148 4068 sd
164 4021 270 4068 militm
289 4027 367 4075 pause
384 4025 527 4074 gestumque
543 4013 570 4068 ii,
588 4009 630 4070 qui
661 4007 769 4064 Gloriam
780 4009 879 4068 quidem
899 4008 967 4055 uobis
983 4007 1103 4065 integrm
1120 4015 1172 4050 esse

118 4085 169 4132 loco
186 4087 319 4137 emerat,
336 4077 475 4138 ignominie
492 4089 564 4124 sauss
581 4075 631 4120 dis-
661 4073 702 4118 vix
713 4072 791 4118 dicere
802 4072 889 4118 susim.

119 4143 362 4208 mumistqusetiam
377 4142 506 4203 aliquunde
519 4139 647 4196 mnicau,
695 4135 724 4183 tl
743 4135 881 4199 Credamus]
907 4135 945 4182 Sic
966 4133 1048 4194 scripu
1066 4137 1091 4178 st
1112 4137 1171 4178 vett.

119 4215 236 4262 deuictis
260 4207 359 4271 gladiis,
387 4211 450 4253 sisse
482 4203 630 4265 aliquamdiu
662 4199 729 4248 editi.
761 4199 844 4260 Vulgo
857 4199 980 4247 metemus.

117 4272 272 4336 jubebuntur.
288 4273 345 4319 vid.
358 4270 412 4319 Lis.
429 4268 630 4318 xxv11.1uee
695 4263 748 4312 72·
759 4263 852 4327 Verius]
869 4263 979 4324 AEquius,
993 4263 1106 4310 decorum
1121 4274 1174 4308 ms·

118 4335 405 4398 nummismata
662 4331 708 4392 gis.
