3034 4916
175 345 242 396 U.0·
254 342 309 392 484.

173 410 203 458 Α.
216 409 243 459 C.
254 407 310 458 318.

176 3701 265 3750 Proellc
275 3703 329 3750 vla·

176 3773 266 3815 cuntur

176 3831 297 3880 &multet
308 3847 322 3880 a

175 3897 285 3944 Publilio.

333 168 391 220 510
667 211 671 220 ,
718 153 830 220 TJ'I'I
865 151 1004 225 Llllll

333 343 371 386 ar
385 321 556 386 martures
565 317 811 401 follsrrdaefidri
824 316 1012 399 exquirere?
1034 315 1065 391 Ι,
1078 316 1180 392 lictor,
1195 318 1397 382 desomnem

335 407 500 472 Romanis:
523 413 657 470 maurus
670 405 713 468 rit
723 423 819 480 nemo,
834 421 893 486 qao
904 403 1013 479 mima,
1028 402 1081 468 odi
1094 403 1309 488 visumfirerit,
1325 403 1396 468 ube·

334 503 401 558 art.
446 489 490 556 Et
504 490 549 555 illi
563 490 704 590 quidem,
718 487 849 556 forsitan
865 499 899 556 et
920 487 1059 572 publica,
1075 511 1133 554 aaa
1154 502 1241 554 certe
1261 489 1396 554 liberata

334 578 408 654 lide,
424 579 463 642 ab
481 575 607 642 Caudio
622 575 655 640 in
670 587 774 640 castra
791 575 937 641 Romana
952 574 1095 640 inviolati
1107 574 1281 640 rediemnt.

377 663 459 730 ΧΗ.
485 662 691 739 Samnitibus,
716 684 776 746 pro
801 659 937 744 superba
988 682 1043 726 ace
1071 659 1305 726 infestissimum
1327 684 1397 728 cer-

331 750 483 816 nentibus
507 750 653 816 renatum
676 747 805 823 bellum,
829 747 947 823 arania,
998 768 1071 832 quoe
1092 747 1207 814 deinde
1228 760 1395 828 reanum,

334 859 400 902 non
415 837 450 900 in
470 837 582 908 animis
607 835 720 912 solum,
737 833 793 900 ssd
816 855 916 918 prope
937 834 971 898 in
994 833 1095 902 oculis
1120 856 1204 902 esser
1224 850 1397 900 etsercsc

335 923 551 1011 nequidquam
577 921 706 988 laudaro
729 920 812 985 scriis
830 918 944 986 ¹Pontii
969 934 1103 1006 utraque
1125 919 1280 1000 canulia3
1313 920 1396 986 inter

336 1032 409 1096 quae
432 1032 465 1074 se
493 1007 598 1074 media
621 1008 725 1157 lqpaos
750 1006 890 1074 victoria
919 1007 1146 1092 possessionem
1176 1030 1253 1108 paca
1275 1009 1397 1072 ineerta

336 1109 483 1174 mutasse,
499 1111 541 1174 et,
557 1095 636 1160 bene
661 1094 701 1158 cii
718 1108 752 1160 et
772 1092 917 1160 maleficii
936 1097 1101 1158 occasione
1123 1117 1248 1172 anima,
1270 1117 1396 1181 pugna·

338 1195 426 1248 turos
449 1204 522 1246 cum
548 1182 604 1258 eis,
627 1201 707 1267 quos
732 1179 893 1266 potuerint
907 1179 940 1244 in
965 1191 1154 1264 perpetuum
1178 1181 1225 1246 vel
1252 1181 1396 1246 inimicos

338 1269 459 1348 tollere,
475 1271 521 1334 vel
538 1268 656 1336 amicos
669 1266 783 1334 facere.
804 1265 959 1351 adeoque,
974 1265 1140 1334 nullodum
1161 1268 1334 1334 certamine
1348 1267 1397 1330 in-

336 1355 462 1420 clinatis
484 1355 614 1432 viribus,
630 1365 703 1438 post
725 1352 904 1418 Caudinam
1063 1353 1162 1418 animi
1183 1369 1393 1430 mutaverant,

337 1455 373 1508 ut
400 1441 567 1508 clariorem
604 1441 686 1506 inter
717 1440 880 1504 Romanos
939 1439 1036 1504 editio
1067 1439 1277 1519 Postumium,
1300 1463 1395 1528 quam

338 1527 489 1594 Pontium
519 1529 686 1592 incruenta
721 1526 852 1592 victoria
886 1525 987 1628 iutcr·
1000 1525 1168 1626 Samnites,
1196 1526 1332 1592 faceret:
1365 1533 1396 1592 et

335 1612 1395 1768 titillatill¹llrltlttlstitzlttlffillttt‘t

336 1787 424 1854 Inter
447 1785 518 1853 haec
542 1785 698 1852 Satricani
727 1785 768 1850 ad
792 1786 949 1850 Samnitas
977 1783 1170 1864 defecerunt,
1186 1800 1218 1852 et
1240 1785 1395 1878 Fregellae

336 1872 461 1938 colonia
490 1873 680 1956 necopinato
706 1871 848 1938 adventu
866 1871 1055 1940 Samnitium
1077 1871 1185 1958 (fuisse
1205 1888 1237 1938 st
1260 1875 1396 1940 Satrica-

336 1980 396 2024 nos
417 1980 491 2024 cum
516 1959 555 2024 iis
577 1958 652 2024 satis
675 1959 811 2038 coastat)
832 1969 928 2024 nocte
949 1972 1104 2045 occupata
1119 1975 1177 2026 est.
1201 1961 1298 2028 timor
1323 1960 1396 2026 iada

337 2057 466 2112 mutuus
487 2057 638 2132 utrosque
659 2045 812 2131 usquead
829 2043 930 2110 lucem
954 2046 1076 2146 quietos
1099 2047 1218 2114 tenuit:
1241 2048 1298 2114 lux
1315 2071 1396 2136 pag·

337 2151 389 2196 nra
417 2131 542 2196 initium
571 2129 649 2210 suia
681 2153 777 2218 qaam
802 2130 998 2216 aliquamdiu
1022 2153 1159 2219 mquam,
1185 2148 1217 2197 et
1239 2134 1314 2219 quis
1336 2156 1397 2220 pro

337 2219 400 2284 aria
415 2240 453 2282 ac
466 2215 544 2284 focis
558 2217 780 2294 dimicabatur,
796 2230 830 2282 ct
840 2217 919 2302 quia
932 2240 973 2282 sx
989 2219 1081 2286 tectis
1103 2220 1274 2307 adjuvabat
1293 2222 1395 2287 inbel-

337 2303 376 2370 lis
390 2303 572 2381 multitudo,
589 2319 696 2373 tamen
713 2303 893 2392 Fregellani
900 2305 1127 2372 sustinuerunt.
1166 2307 1268 2372 Fraus
1281 2307 1398 2374 deinde

336 2411 405 2458 rom
420 2391 594 2470 inclinavit,
607 2391 695 2478 quod
709 2413 819 2456 vacem
835 2389 937 2458 audiri
958 2393 1114 2476 praeconis
1129 2395 1212 2477 parsi
1227 2407 1300 2460 sunt
1309 2419 1319 2472 ;
1345 2397 1396 2459 la·

336 2480 477 2544 columem
491 2479 656 2555 abituram,
672 2479 728 2562 qai
740 2499 829 2542 arma
839 2479 999 2560 porciam.
1022 2503 1060 2544 aa
1073 2502 1145 2564 spes
1161 2482 1282 2548 remisit
1294 2505 1316 2548 a
1330 2503 1398 2546 car·

336 2565 455 2630 tatuine
469 2565 602 2642 animos,
617 2577 648 2630 et
660 2567 780 2649 passim
794 2587 883 2633 arma
901 2565 1153 2651 jactaricoepta.
1195 2567 1397 2634 'Pertinacior

336 2671 410 2736 pars
426 2663 548 2718 armata
563 2672 620 2734 per
629 2673 771 2716 aversam
787 2655 911 2735 portam
924 2653 1048 2738 erupit3
1070 2653 1231 2742 tutiorque
1238 2656 1284 2720 eis
1298 2655 1398 2720 suda-

337 2737 386 2802 cia
401 2737 471 2814 fuit,
494 2757 588 2822 quam
614 2738 759 2803 incautus
773 2736 815 2801 ad
829 2735 1023 2804 credendum
1046 2741 1157 2806 ceteris
1179 2765 1296 2826 paror:
1320 2764 1399 2828 quor

337 2822 549 2890 circumdatos
572 2823 651 2910 igni,
673 2824 886 2911 nequidquam
909 2824 998 2890 Deos
1022 2825 1182 2914 fidemque
1203 2829 1398 2906 invocantes,

336 2909 803 2988 Samnitesconcrsmareraot.
848 2910 1013 2990 Consules,
1035 2914 1117 2978 inter
1138 2936 1172 2978 aa
1194 2915 1303 3000 partiti
1325 2937 1398 3001 pro-

336 2995 465 3076 vincias,
490 2994 636 3080 Papirius
665 2997 697 3060 in
712 3027 715 3034 Δ
729 2995 879 3082 Apuliam
904 2997 980 3062 ⁴⁰ad
1008 2999 1175 3066 Luceriam
1200 3023 1259 3087 per
1283 3001 1318 3082 Ἰ,
1344 3002 1397 3068 ubi

335 3081 459 3167 equitas
482 3081 621 3148 Romani
645 3081 770 3148 obsides
785 3083 825 3147 ad
844 3082 1003 3150 Caudium
1027 3085 1095 3150 alati
1120 3091 1261 3154 custodis
1285 3101 1394 3154 antur:

337 3167 494 3258 Publilius
508 3169 542 3234 in
558 3167 690 3250 Samnio
708 3169 850 3240 substitit
869 3172 1018 3238 adversas
1032 3172 1056 3210 ⁴¹
1069 3173 1233 3240 Caudinas
1247 3175 1397 3263 legiones.

337 3253 501 3320 Distendit
514 3277 553 3320 ea
566 3277 616 3318 res
632 3255 822 3320 Samnitium
839 3257 961 3322 animos
969 3282 978 3335 ;
1001 3262 1087 3347 quod
1101 3283 1160 3326 nec
1174 3261 1214 3326 ad
1229 3261 1398 3328 Luceriam

336 3340 395 3417 ire,
410 3363 451 3406 nc
465 3344 506 3406 ab
521 3354 610 3429 tergo
634 3342 765 3406 instaret
786 3343 895 3423 hostis,
913 3365 970 3408 nec
983 3367 1124 3425 manere,
1140 3369 1182 3412 ne
1197 3347 1337 3416 Luceria
1350 3351 1398 3414 in·

335 3428 430 3492 terim
441 3426 649 3512 amitteretur,
661 3428 736 3494 satis
744 3427 915 3497 audebant.
961 3429 1128 3518 Optimum
1139 3433 1240 3500 visum
1252 3451 1398 3502 estcom·

336 3515 462 3580 mitters
484 3537 550 3580 rem
573 3511 720 3593 fortunas,
736 3531 769 3582 et
783 3516 957 3604 transigere
978 3540 1052 3586 cum
1070 3517 1209 3586 Publilio
1226 3535 1398 3590 certamem

336 3601 452 3752 Itaque
465 3601 499 3664 in
514 3601 613 3667 aciem
629 3602 736 3688 copias
749 3601 901 3669 educunt.

413 3687 483 3754 111.
507 3687 669 3754 Adversus
686 3711 765 3776 quos
781 3686 938 3756 Publilius
953 3691 1060 3760 consul
1078 3713 1176 3781 quum
1190 3691 1399 3764 dimicaturus

338 3787 431 3855 esset,
447 3775 535 3861 prius
555 3773 771 3860 adloquendos
792 3775 907 3844 milites
928 3791 1025 3856 ratus.
1041 3779 1227 3848 concionem
1248 3779 1399 3850 adaami

370 3927 402 3980 89
420 3928 478 3985 0·oe
495 3929 575 3980 delude
589 3931 786 3996 mamillae
800 3945 851 3980 eae·
884 3938 969 3993 postca
985 3935 1010 3980 ln
1028 3933 1176 3982 mnarum
1194 3942 1342 3997 porratam
1359 3951 1399 3986 ra·

336 3997 655 4050 mtatdaoaaoean
669 3997 738 4044 libris
752 3997 852 4056 amar,
882 3997 1080 4059 naumurum
1095 4000 1121 4046 ld
1140 3997 1226 4049 lelus
1238 4015 1290 4050 nou
1304 4015 1399 4052 memo·

338 4059 635 4118 atpostulatamsladnl
646 4061 772 4110 monia
881 4065 982 4110 mouit.

370 4123 853 4188 condumam18uma2.anu
917 4125 947 4174 41
973 4129 1092 4176 causas
1114 4129 1214 4193 Ιιμσω
1250 4131 1398 4182 Smnltlrm

337 4187 577 4248 carrdinrmparsm
599 4190 713 4240 Laeuini
738 4191 853 4240 dicimur
883 4193 1166 4258 montanarius·
1284 4209 1401 4262 mg·-

338 4251 396 4298 boni
429 4253 557 4314 fidelesque
589 4253 757 4302 Romanmum
785 4255 853 4302 ascll.
882 4261 956 4306 ma·

339 4315 386 4363 Sed
408 4316 523 4364 nimirum
551 4318 736 4380 intellgendum
754 4326 792 4366 ast
813 4333 854 4366 eos
