3008 4908
181 415 209 460 U.
222 416 250 461 c.
259 411 314 460 ulo.

179 482 209 524 Δ.
222 477 250 527 C.
260 476 315 525 442.

339 239 395 292 232
753 229 1027 291 T1T1L1v11

340 413 406 456 uem
420 391 676 475 subiturassuisse
686 395 799 475 patius,
810 413 898 476 quam
909 415 961 456 eas
971 395 1050 478 teges
1060 393 1120 459 sibi
1134 392 1239 474 inponi
1247 397 1382 472 pateren-

339 489 401 542 tar.
424 479 498 560 qnia
519 487 581 540 tum
602 499 767 542 concessum
790 479 831 541 sit
854 481 892 542 de
912 479 1058 554 tribunos,
1075 479 1100 518 ¹⁰
1110 481 1215 562 iterum
1229 495 1380 539 concessum

341 587 412 628 esse.
434 562 457 600 ¹¹
467 564 574 626 Finem
589 565 733 646 nonfieri
742 583 840 646 posse.
857 565 890 626 in
901 567 1003 628 eadem
1015 567 1139 630 ciuitate
1152 559 1382 641 tribunusplebis

341 660 371 713 et
387 651 500 713 Patres
514 670 594 713 esse:
617 659 673 712 aut
686 651 764 712 nune
778 651 924 726 ordinem,
941 661 995 714 aut
1016 653 1100 714 ittum
1114 649 1317 732 magistratum
1330 645 1382 706 tot·

228 747 232 758 '
340 737 460 799 undrim
475 756 555 799 esse:
573 737 735 820 potiusque
756 757 833 807 sero,
850 757 939 819 quam
961 759 1120 821 numquam
1137 735 1253 798 obuiam
1267 732 1382 794 eundum

184 2031 293 2078 Canuleii

183 2096 260 2142 anno
270 2107 315 2155 pro

185 2159 279 2220 iegibus

184 2223 242 2271 suis.

341 822 723 906 oudaciaetcmcritatiqne.
753 821 778 859 ¹²
787 823 885 886 Illinc
896 831 930 885 ut
941 825 1055 904 inpune
1063 824 1166 904 primo
1176 817 1383 883 discordiosu-

341 916 441 970 rentes
450 909 598 971 suscitent
604 909 743 990 finitima
755 907 844 982 bella,
856 909 966 970 deinde
975 911 1118 972 aduersus
1128 929 1175 982 ea,
1188 923 1254 988 qua
1262 902 1385 966 concito·

342 995 453 1072 verint,
465 995 585 1056 armnri
594 994 746 1058 civitatens
758 994 939 1077 defendique
948 989 1160 1076 prohibeant?
1180 1001 1219 1066 et,
1231 1009 1315 1076 ςιαιπι
1326 988 1385 1050 isos·

341 1091 385 1143 tes
400 1078 551 1142 ¹³tantum
560 1101 618 1142 non
628 1081 831 1154 arcessierint,
842 1079 1145 1144 exercitusconscriisi
1153 1079 1292 1141 aduersru
1299 1075 1387 1136 isostes

342 1187 403 1229 non
415 1163 609 1248 patiantur?
632 1165 693 1229 Sed
705 1168 820 1228 audeat
835 1167 999 1230 Canuleius
1014 1169 1047 1229 in
1061 1175 1169 1228 senatu
1185 1159 1335 1245 proloqui,
1348 1179 1384 1232 se,

342 1254 406 1316 uisi
418 1273 488 1316 sicas
502 1253 582 1334 leges
595 1261 747 1334 tamquam
758 1253 882 1314 uictoris
893 1253 1006 1314 Patres
1017 1253 1118 1334 accipi
1126 1252 1241 1320 sinant,
1256 1247 1387 1308 tenena

343 1338 452 1402 haberi
460 1337 695 1419 prohibiturum.
712 1338 858 1422 quidesse
868 1339 965 1412 aliud,
977 1359 1066 1422 quam
1077 1337 1205 1414 minari,
1216 1357 1246 1397 se
1257 1331 1387 1414 proditu·

343 1445 408 1487 rum
419 1425 586 1505 patriam?
609 1423 781 1507 obpugnari
792 1433 883 1506 atque
892 1426 965 1505 capi
975 1428 1162 1506 passurum?
1185 1420 1333 1504 quitiam
1344 1435 1388 1478 ao·

343 1532 404 1573 cem
426 1510 604 1583 animarum,
621 1529 682 1570 non
697 1510 785 1590 plebi
799 1509 957 1583 Romana
979 1512 1032 1574 sed
1050 1509 1165 1572 Voiscis
1186 1517 1216 1571 et
1237 1504 1345 1587 AEquis
1364 1511 1389 1564 et

350 1595 522 1658 Veientibus
543 1593 745 1657 amaturum?
772 1595 889 1671 Nonae,
908 1597 1057 1659 Canuleio
1078 1596 1161 1668 uae,
1177 1615 1209 1657 se
1229 1597 1389 1676 speraturos

346 1682 533 1763 Capitolium
555 1688 646 1763 atque
667 1701 765 1743 arcem
787 1683 931 1749 scandere
947 1703 1045 1763 posse,
1060 1683 1089 1745 si
1105 1679 1255 1744 Patribus
1275 1673 1389 1745 tribuni,

344 1789 408 1830 cum
423 1764 500 1848 jure
521 1787 558 1828 ac
579 1764 735 1848 ncajestatc
757 1768 909 1849 adempta,
936 1769 1054 1831 animos
1081 1767 1176 1830 etiam
1205 1763 1389 1846 eripuerint?

347 1854 489 1917 constes
498 1861 629 1932 paratas
643 1873 704 1915 esse
718 1853 805 1915 diaes
813 1855 906 1934 prins
919 1854 1061 1918 aduersus
1075 1853 1169 1916 scetus
1182 1853 1300 1923 civium,
1312 1865 1391 1931 quun

345 1941 488 2002 adversius
502 1939 629 2001 hostium
644 1959 743 2004 arma.

390 2023 455 2087 111.
478 2023 588 2100 Quum
605 2024 743 2088 maxime
763 2024 834 2089 haec
855 2025 887 2088 in
903 2037 1012 2091 senatu
1033 2037 1216 2114 agerentur,
1234 2019 1392 2089 Canuleius

345 2131 406 2196 pro
421 2109 543 2196 legibus
558 2112 621 2173 suis
635 2122 667 2174 et
681 2111 829 2176 adversus
848 2111 990 2176 consules
1011 2114 1056 2176 ita
1076 2113 1241 2177 disseruit:
1267 2109 1393 2186 Quoto

341 2218 418 2280 pere
432 2219 492 2263 vos.
511 2197 658 2273 Quirites,
674 2207 895 2261 contemnerent
912 2200 1033 2274 Patres,
1050 2219 1138 2282 psam
1160 2201 1303 2282 irsdiguos
1316 2197 1393 2256 deae·

346 2293 424 2359 rent,
441 2286 495 2368 qui
515 2305 577 2346 una
599 2305 694 2346 secum
717 2284 791 2346 ecrite
812 2287 896 2347 intra
912 2287 1013 2348 eadem
1032 2288 1143 2350 mania
1158 2285 1309 2357 viveretis,
1324 2299 1394 2359 sapt

345 2371 482 2455 equidem
497 2379 527 2433 et
541 2379 615 2432 ante
636 2371 741 2433 uideor
762 2373 1033 2435 animadvertisse.-
1056 2391 1135 2434 nunc
1149 2381 1251 2434 tamen
1266 2368 1393 2436 marine,

321 2477 325 2486 “
347 2459 427 2541 qnod
440 2458 517 2519 odeo
527 2466 644 2520 atroces
656 2458 688 2518 iu
700 2457 756 2520 iras
768 2458 941 2539 rogationes
952 2467 1072 2521 nostros
1082 2459 1181 2520 coorti
1194 2465 1283 2520 utut:
1299 2449 1395 2538 quibus

346 2545 423 2626 qnid
443 2545 531 2606 atiud
545 2563 634 2625 quam
649 2544 850 2622 admonemus,
872 2545 950 2606 cives
971 2563 1025 2606 ruas
1046 2565 1144 2605 eorum
1161 2564 1232 2618 esse,
1249 2553 1286 2615 et,
1301 2541 1329 2603 si
1341 2555 1394 2598 non

347 2631 463 2692 easdem
478 2650 548 2710 opes
562 2627 682 2701 trabere,
699 2630 831 2690 eamdem
845 2638 946 2690 tamen
960 2631 1100 2711 patriam
1117 2627 1275 2691 incolere?
1296 2625 1395 2690 ittera

346 2715 524 2778 connubium
543 2715 683 2794 petemus,
699 2717 781 2796 quad
792 2716 940 2795 finitimis
953 2717 1144 2798 eaternisque
1158 2717 1233 2777 dari
1245 2715 1327 2778 solet.
1348 2727 1396 2770 nos

348 2802 467 2884 quidem
477 2800 643 2875 ciuitatem,
656 2819 723 2880 qua
732 2801 804 2880 pius
814 2821 903 2881 psam
915 2801 1091 2863 connubium
1102 2811 1156 2876 est,
1172 2797 1397 2864 hostibusetion

348 2887 437 2950 victis
450 2885 595 2947 dedimus.
633 2886 741 2946 Altera
757 2885 838 2948 nituit
848 2885 1074 2968 naviferimns5
1090 2889 1144 2950 sed
1154 2889 1199 2963 id,
1212 2879 1398 2969 quodpoptdi

349 2981 403 3049 est,
418 2971 581 3053 repetimus
595 2978 687 3052 atque
700 2991 897 3052 usurpamus:
920 2979 963 3048 ut,
979 2971 1085 3056 quiores
1099 2975 1184 3051 uelit,
1196 2974 1327 3055 populus
1340 2968 1398 3032 Ro·

349 3077 455 3118 manus
468 3056 596 3118 honores
606 3057 737 3118 mandet.
784 3055 871 3132 Quid
879 3060 1001 3122 tandem
1011 3068 1064 3132 cst,
1076 3080 1131 3121 mer
1141 3061 1246 3122 caium
1261 3080 1298 3120 ac
1308 3067 1399 3120 tarot

349 3143 520 3205 misceant?
543 3163 596 3204 cnr
610 3142 644 3203 in
660 3161 704 3206 me
719 3144 838 3224 inpetus
851 3145 938 3206 modo
955 3163 1035 3225 pene
1049 3146 1082 3206 in
1096 3153 1206 3208 senatu
1219 3147 1261 3208 sit
1271 3141 1397 3226 sactus?

349 3237 458 3314 negent
472 3249 504 3290 se
518 3227 655 3291 manibus
675 3237 902 3312 temperaturos,
918 3231 1140 3314 uiolaturosque
1162 3232 1342 3294 denrcncient
1355 3247 1399 3290 sa·

187 3329 235 3378 Pro
245 3331 298 3390 sege
310 3323 535 3378 decrasanetam
546 3319 751 3395 potestatem?
768 3315 804 3379 Si
813 3317 929 3397 populo
939 3316 1080 3380 Romano
1089 3316 1217 3380 liberum
1229 3315 1399 3402 suffragium

186 3395 252 3441 Cass·
264 3395 314 3456 pie·

188 3459 254 3506 beitr-

349 3403 451 3476 datur,
468 3409 511 3475 ut,
528 3399 634 3484 quibus
647 3401 729 3476 uelit,
745 3403 929 3464 consumtum
943 3403 1075 3476 mandet,
1092 3413 1121 3466 et
1143 3423 1204 3464 nan
1225 3402 1400 3484 preciditur

348 3510 415 3572 spes
435 3486 556 3570 plebeio
579 3507 703 3570 qnoque,
718 3489 748 3550 si
768 3488 878 3571 dignus
899 3509 1008 3552 mmma
1030 3489 1142 3552 ionore
1162 3491 1234 3566 crit,
1251 3482 1400 3572 apiscendi

383 3745 414 3792 lo
429 3745 518 3792 Iterum
536 3757 662 3790 rorwcrsnm
679 3745 735 3806 erse]
757 3743 795 3792 De
818 3745 861 3790 tri·
927 3743 1100 3809 wltonem]
1119 3745 1399 3808 Eilipsisauexpnmeu·

349 3811 420 3856 bunis
440 3809 558 3862 mundis,
581 3807 622 3862 qui
650 3821 691 3868 per
719 3809 860 3865 triennium,
894 3811 951 3856 ciem
992 3811 1182 3871 indignationem
1222 3809 1400 3872 oppositissim-

348 3888 397 3934 quo
418 3871 593 3932 resnpubiicum
616 3879 730 3919 rexerunt
759 3871 861 3919 Decem·
893 3873 973 3927 Quem
993 3875 1013 3919 si
1032 3871 1127 3934 expiere
1147 3877 1263 3930 volueris,
1285 3871 1401 3930 intelliges

349 3936 592 3992 virinullituenrnt.
625 3935 654 3980 id
666 3935 699 3981 ita
709 3938 860 3998 perspicuum
893 3935 954 3990 Quis
971 3931 1400 3999 hociiiiseoneedst,ut.·.Pnrti·
1441 3958 1444 3966 =

348 4003 509 4056 crederemus,
532 4006 559 4044 ut
582 3999 700 4045 monitore
728 4013 776 4045 non
798 4009 860 4047 esset
893 4003 949 4048 cuis
967 4009 1049 4048 autern
1067 4007 1094 4050 ut
1112 4004 1219 4051 cadisin
1236 4003 1319 4050 omnis
1335 3998 1401 4046 verb·

349 4079 419 4126 opus,
447 4063 493 4108 nisi
521 4063 627 4110 Clericus
654 4065 684 4110 de
712 4065 860 4112 Decemviris
892 4078 948 4124 quse
970 4067 1083 4128 deinceps
1103 4075 1240 4128 sequuntur
1261 4057 1401 4128 subjunctivi

348 4131 414 4174 iruna
426 4129 506 4172 iocum
517 4126 681 4174 intellexisset.
893 4131 969 4187 modi,
991 4133 1100 4179 metunt
1307 4132 1402 4174 πίω·

383 4191 411 4238 ll
430 4191 514 4237 Finem
523 4205 566 4236 non
571 4191 627 4252 peri
637 4205 707 4252 poree
736 4191 862 4256 luscam}
895 4195 1182 4256 aucupatiantur....ar
1219 4201 1252 4243 at.

349 4255 486 4301 Gronovius
509 4263 572 4300 recte
595 4255 692 4301 videtur
718 4257 861 4306 emendares
930 4257 961 4306 18
982 4259 1082 4308 Pontem
1105 4261 1162 4325 reon]
1191 4260 1261 4314 Fere,
1283 4265 1403 4320 propemv·

349 4320 433 4364 Finem
453 4331 497 4364 nan
518 4319 581 4379 peri.
616 4319 673 4366 Non
690 4333 757 4382 posse
779 4321 803 4366 in
825 4335 862 4367 eo·
895 4321 962 4372 dum.

383 4398 478 4431 tion..
