3008 4908
321 162 386 222 240
708 163 819 224 TlTl
852 164 986 226 LlVll

158 337 188 386 tt.
199 337 226 384 c.
237 337 292 387 812
316 340 394 393 tunc
408 327 490 410 erat)
505 327 605 416 magis
624 317 841 406 necessariam,
857 350 951 415 quem
967 331 1098 416 speciosi
1121 331 1285 398 ministerii
1301 355 1393 418 pro-⁴

158 404 188 450 Α·
201 403 227 450 ‘²
237 403 293 452 ⁴⁴⁰·
317 413 512 479 curationem
529 414 695 491 intuentes,
711 435 752 477 ne
766 415 797 478 in
813 417 917 499 parvis
931 439 1056 504 quoque
1069 418 1161 484 rebus
1175 418 1383 484 Incommode

193 492 200 521 '
318 500 568 577 adversarentur,
584 497 670 564 baud
693 522 768 564 sane
793 501 963 567 tetendere.
1008 503 1119 580 Quum
1145 529 1164 570 a
1184 506 1383 589 primoribus

318 587 453 651 civitatis
481 599 604 670 spretus
628 586 732 649 honor
760 601 849 664 esset,
882 588 1047 673 Papirium
1077 591 1380 676 Semproniumque,

317 673 451 760 quorum
466 671 507 736 de
517 670 681 736 consulatu
694 671 721 716 ⁶⁷
729 672 944 752 dubitabatur,
961 689 1048 741 uteo
1063 678 1246 763 magistratu
1265 699 1379 762 parurn

317 757 453 823 solidum
489 757 687 822 consulatum
723 759 895 844 explerent,
932 763 1039 826 censui
1075 762 1200 849 agendo
1240 763 1381 849 populus

317 845 473 928 suffragiis
486 843 636 928 praefecit.
683 844 837 910 Censores
848 845 889 910 ab
900 867 934 910 re
948 847 1096 932 adpellati
1110 863 1193 914 sunt.

154 947 298 995 Ardeatium
361 931 426 998 IX.
449 931 539 996 Dum
562 931 632 995 brec
655 931 769 995 Rornae
793 944 957 1019 geruntur,
980 934 1077 1020 legati
1099 936 1138 1001 ab
1162 934 1269 1000 Ardea
1291 936 1379 1000 veui-

153 1011 275 1090 inmune
316 1030 395 1096 unt,
408 1038 470 1118 pro
495 1018 663 1082 veterrima
691 1018 838 1082 societate
867 1032 1079 1106 renovatoque
1101 1019 1220 1086 foedere
1245 1021 1378 1098 recenti,

153 1077 286 1124 amcam
315 1105 472 1168 auxilium
487 1125 587 1188 prope
601 1104 797 1168 eversaeurbi
807 1105 1009 1188 inplorantes.
1048 1105 1123 1171 Frui
1137 1129 1273 1194 namque
1289 1129 1378 1192 poce,

315 1190 437 1276 optimo
452 1190 583 1254 consiliu
603 1211 675 1253 cunr
699 1188 818 1275 pupulo
847 1192 992 1258 Romano
1006 1205 1136 1270 servata,
1153 1215 1211 1278 per
1225 1193 1377 1260 intestina

314 1299 404 1342 arma
418 1298 482 1341 non
497 1276 601 1352 licuit;
626 1295 761 1362 quorum
785 1299 895 1342 caussa
918 1290 1011 1364 atque
1037 1279 1162 1344 initium
1185 1278 1324 1344 traditur
1339 1303 1379 1344 ex

313 1366 486 1428 certamine
509 1361 682 1450 laptionum
704 1374 828 1426 ortum:
852 1386 924 1449 quaa
948 1365 1034 1428 luere
1058 1381 1215 1452 eruntque
1231 1366 1378 1447 pluribus

314 1449 441 1534 populis
456 1449 555 1536 magis
570 1449 676 1525 exitio,
715 1471 786 1512 uam
802 1449 885 1514 bella
898 1463 1038 1529 externa,
1061 1473 1157 1537 quarn
1177 1450 1275 1517 sames
1289 1474 1376 1518 mor-

316 1537 395 1612 bive,
412 1557 548 1621 quaeque
573 1535 634 1598 alia
656 1535 688 1598 in
738 1557 810 1598 eurn
837 1537 909 1613 iras,
923 1535 1007 1601 velut
1037 1536 1149 1602 ultima
1172 1536 1375 1622 publicorum

314 1619 482 1698 malorum,
497 1633 633 1685 vertunt.
680 1620 843 1707 Virginem
867 1618 981 1706 plebeii
1000 1625 1135 1710 generis,
1151 1624 1292 1688 maxime
1312 1624 1378 1689 lor·

314 1727 367 1772 nra
381 1723 499 1782 notam,
516 1707 634 1790 petiere
643 1707 796 1792 juvenes:
823 1707 901 1772 alter
915 1707 1029 1796 virgini
1044 1731 1160 1796 genere
1174 1732 1243 1794 par,
1260 1713 1376 1776 tutori·

313 1793 372 1858 bus
385 1792 495 1870 frctus,
511 1793 611 1879 quiet
626 1793 684 1876 ipsi
700 1791 838 1878 ejusdem
861 1797 1001 1879 corporis
1021 1810 1128 1869 erant;
1152 1796 1267 1860 nobilis
1282 1797 1375 1874 alter,

315 1878 403 1943 nulla
418 1901 460 1955 re,
477 1891 688 1965 praeterquam
711 1877 821 1952 forma,
839 1893 959 1963 captus.
990 1881 1179 1966 adjuvabant
1194 1903 1267 1946 eum
1290 1884 1375 1968 cpti-

314 1965 445 2032 matium
462 1964 574 2041 studia,
590 1985 648 2049 per
662 1987 734 2050 quae
749 1965 780 2028 in
796 1965 925 2028 domurn
941 1989 1068 2052 quoque
1084 1967 1196 2051 puellae
1211 1981 1374 2034 certamen

313 2053 452 2136 partium
487 2052 673 2136 penetravit.
704 2049 818 2114 nobilis
847 2053 986 2134 superior
1010 2053 1132 2138 judicio
1161 2055 1270 2119 matris
1295 2079 1374 2132 esse,

313 2159 386 2225 qute
409 2157 504 2224 quam
524 2136 786 2223 splendidissimis
811 2138 930 2222 nuptiis
953 2139 1046 2226 jungi
1073 2139 1210 2224 puellam
1236 2141 1376 2210 volebat.

313 2237 446 2301 tutores,
458 2225 491 2287 in
507 2247 542 2288 aa
556 2246 683 2324 quoque
699 2245 732 2288 re
745 2225 883 2308 partium
896 2245 1060 2302 memores,
1072 2227 1112 2292 ad
1127 2248 1218 2291 suum
1231 2227 1374 2304 tendere.

236 2309 239 2319 “
313 2309 422 2387 Quum
439 2331 488 2375 rea
502 2310 611 2397 peragi
626 2325 712 2375 rutra
725 2311 859 2393 parietes
873 2311 1042 2395 nequisset,
1059 2326 1187 2378 ventum
1201 2313 1234 2376 in
1245 2316 1300 2399 Jus
1315 2331 1374 2380 est.
1409 2337 1413 2344 ’

176 2401 179 2409 “
310 2396 470 2482 postulatu
490 2395 600 2462 audito
623 2397 732 2462 matris
750 2409 966 2482 tutorumque,
981 2397 1182 2485 magistratus
1195 2399 1372 2466 secuudum

225 2539 227 2544 ,
310 2486 449 2568 parentis
473 2483 639 2550 arbitrium
664 2483 742 2548 dant
763 2484 816 2570 jus
839 2483 1031 2567 nuptiarum.
1061 2483 1115 2549 sed
1138 2487 1184 2548 ris
1211 2487 1373 2570 potentior

310 2569 380 2635 fuit.
401 2591 475 2634 natu
500 2591 540 2634 ue
562 2583 691 2646 tutores,
707 2571 790 2633 inter
813 2591 880 2634 suae
903 2569 1002 2654 partis
1024 2569 1167 2636 homines
1189 2571 1231 2636 de
1256 2572 1375 2659 injuria

309 2655 428 2720 decreti
452 2592 556 2740 peilam
581 2658 613 2719 in
640 2654 708 2719 loro
732 2655 920 2732 concionati,
937 2677 1031 2720 manu
1053 2654 1137 2722 facta
1158 2657 1314 2746 virginem
1329 2683 1372 2724 ex

309 2741 407 2806 domo
421 2741 530 2807 matris
545 2742 682 2827 rapiunt.
712 2739 859 2805 adversus
886 2764 967 2828 quos
990 2741 1131 2808 infestior
1153 2757 1264 2808 coorta
1289 2747 1374 2832 opti·

310 2829 442 2892 matium
457 2827 540 2891 acies
565 2849 598 2890 se
623 2827 708 2892 uitur
728 2847 892 2893 accensum
909 2828 1023 2914 injuria
1038 2829 1197 2915 juvenem.
1227 2830 1263 2896 lit
1286 2853 1375 2917 proe·

309 2913 387 2980 lium
403 2925 508 2978 atrox.
554 2849 652 2976 Pulsa
673 2911 770 2996 plebs,
787 2913 867 2976 nibil
894 2913 1051 2979 Romanae
1075 2915 1159 3000 plebi
1183 2916 1303 2994 similis,
1320 2941 1373 2983 ar-

310 3011 397 3063 mata
418 3020 457 3062 ex
483 2997 561 3064 urbe
583 2996 736 3084 profecta,
751 2999 831 3063 colle
852 3000 991 3085 quodam
1006 3015 1110 3086 capto,
1127 3003 1191 3068 ina
1218 3025 1270 3068 ros
1286 3006 1373 3090 opti-

310 3085 440 3150 matium
464 3105 536 3148 cum
559 3083 642 3149 ferro
667 3085 795 3170 ignique
818 3085 1015 3151 excursiones
1029 3085 1113 3152 iacit.
1127 3026 1275 3154 ⁵⁸urlrem
1313 3115 1373 3156 uo·

309 3193 380 3258 que,
406 3170 509 3235 omnis
534 3171 627 3235 etiam
658 3183 819 3255 expertem
851 3185 924 3238 ante
950 3173 1139 3251 certaminis,
1167 3114 1374 3242 multitudine

307 3255 460 3342 opificum
475 3255 515 3321 ad
530 3279 615 3344 spem
638 3259 757 3344 praedae
783 3273 922 3336 evocata,
937 3259 1083 3324 obsidere
1100 3276 1204 3345 parat.
1234 3285 1293 3327 nec
1308 3264 1375 3330 ulla

308 3367 322 3408 s
346 3344 426 3409 ecies
447 3342 613 3432 cladesque
627 3343 699 3407 belli
715 3341 802 3408 abest
811 3367 820 3420 ;
842 3343 869 3384 ⁵⁸
879 3344 965 3410 velut
983 3359 1129 3410 contacta
1142 3347 1268 3413 civitate
1284 3352 1374 3416 rabie

331 3452 446 3496 uorum
455 3431 620 3516 juvenum,
635 3429 773 3494 funestas
787 3432 913 3517 nuptias
935 3455 976 3496 ex
995 3454 1109 3496 occasu
1124 3433 1236 3516 patriae
1257 3449 1373 3520 peten-

307 3517 398 3582 tium.
445 3517 562 3582 Parum
593 3516 675 3600 parti
704 3517 830 3602 utrique
859 3517 945 3582 domi
970 3540 1130 3583 armorum
1156 3519 1294 3606 bellique
1323 3537 1374 3588 est

308 3604 420 3668 vinam.
458 3603 625 3690 optimates
656 3603 819 3667 Romanos
853 3605 891 3666 ud
920 3604 1072 3668 auxilium
1104 3604 1191 3670 urbis
1220 3609 1372 3686 obsessae,

146 3707 253 3755 maun
307 3689 396 3777 plebs
419 3688 459 3755 ad
486 3687 732 3778 expugnandam
754 3709 858 3752 secum
874 3688 1011 3756 Ardeam
1035 3690 1165 3754 Volscos
1190 3694 1371 3762 excivere¹.

145 3773 258 3894 ῧᾞῑ
722 3789 957 3842 &semermem-
1355 3788 1358 3794 ’

306 3891 823 4017 salbiffll'dlnllffll'llllii
855 3893 982 4004 liudi,
990 3895 1373 4022 lt'bd‘ddll‘t‘lfdtli

306 4025 371 4070 cauti
389 4037 416 4068 re
435 4021 548 4069 dahiud.
581 4021 772 4067 emendavimus
791 4033 821 4067 ex
854 4019 999 4068 Serbonleue
1016 4023 1092 4069 codex
1111 4025 1183 4071 habet
1202 4027 1277 4074 amalr
1293 4033 1317 4074 el
1330 4044 1373 4077 es-

235 4119 237 4125 ·
307 4083 805 4147 onoeregurcoddetedittonenndree.
849 4089 948 4146 pulcra.
982 4085 1097 4135 Libenter
1116 4089 1251 4138 delerentur
1267 4091 1321 4138 rive
1339 4099 1372 4146 et.

338 4151 371 4197 38
391 4149 475 4196 Uriam
496 4163 582 4210 quoquae
598 4149 759 4196 amberiam
779 4163 817 4196 er-
851 4149 989 4197 circellum.

302 4217 391 4274 perlem
412 4217 466 4259 rate
490 4213 634 4277 aramue]
651 4213 727 4260 Nulla
748 4213 819 4260 nimi·
884 4211 936 4260 59'
949 4213 1370 4284 Velalmatactan'vllaimbiqvet.

306 4291 361 4324 rum
376 4291 431 4338 pm
447 4278 531 4324 damni
545 4277 625 4324 adhue
640 4283 780 4336 pervenerat
790 4278 821 4323 rd
854 4283 881 4325 ut
892 4279 914 4324 ιί
928 4279 1033 4326 duorum
1048 4277 1169 4342 juvenum
1188 4283 1267 4330 rabies
1284 4285 1329 4330 ron·
1345 4297 1375 4332 re

306 4343 401 4396 urbem,
412 4343 437 4389 id
455 4349 500 4396 ert,
517 4344 547 4389 ad
567 4353 650 4388 muros
669 4353 693 4388 er
713 4341 820 4388 aaran.
853 4343 946 4389 civitati
958 4357 1000 4403 per
1010 4347 1179 4406 mntaglonern
1190 4348 1329 4396 infudisset.
