3056 4928
354 742 629 828 ΕΡΙΤΟΜΕ
643 725 827 826 'LIBRI
852 741 983 828 VIII.

571 943 765 988 -0—

135 1111 325 1194 LATINI
343 1141 406 1190 oum
433 1129 599 1210 Componis
624 1129 805 1214 desecemus,
832 1137 871 1205 et,
898 1128 996 1192 missis
1021 1127 1131 1211 legatis
1154 1127 1200 1190 ad

135 1224 282 1294 senatum,
307 1215 507 1276 conditionem
532 1217 676 1290 tulerunt,
699 1225 742 1290 ut,
761 1217 790 1278 si
811 1236 919 1297 pacem
943 1213 1054 1276 trabere
1077 1213 1197 1288 vellent,

135 1303 265 1365 alterum
287 1322 325 1362 eu
342 1300 470 1364 Latinis
494 1303 640 1364 consulem
652 1300 811 1382 facerent.
858 1298 936 1375 Qua,
954 1299 1106 1382 legatione
1122 1319 1198 1381 per-

135 1389 215 1462 lata,
227 1395 347 1468 prator
368 1407 468 1448 eorccm
484 1388 607 1450 Annius
621 1389 658 1450 dc
675 1388 831 1468 Capitolio
853 1389 899 1450 ita
919 1387 1081 1470 prolapsus
1095 1393 1149 1460 est,
1164 1393 1199 1446 ut

135 1474 373 1538 enanimaretur.
423 1472 458 1534 T.
478 1471 621 1537 Manlius
642 1475 744 1536 consul
757 1474 872 1555 filium,
889 1473 969 1555 quod
990 1481 1097 1534 contra
1118 1471 1200 1532 edic·

134 1569 198 1622 tum
223 1559 367 1620 adomsus
392 1559 536 1633 Latinas,
562 1561 697 1642 quamms
719 1580 877 1640 prospere,
898 1567 1077 1642 pugnasset,
1102 1557 1201 1622 seueri

130 1646 293 1728 permissit.
337 1643 566 1708 Laborantibus
587 1647 620 1707 in
643 1647 710 1708 acie
729 1645 889 1720 Romanis,
907 1643 971 1708 ¹P.
988 1645 1113 1720 Decius,
1128 1652 1201 1706 tuno

134 1733 240 1797 consul
268 1751 332 1792 cum
360 1730 495 1806 Manlia,
522 1732 641 1794 denovit
664 1752 696 1795 se
714 1752 777 1812 pro
806 1732 1023 1808 exercuisset,
1049 1729 1201 1792 concitato

136 1839 211 1902 equo
235 1837 324 1900 quum
347 1817 381 1878 in
408 1817 519 1880 medios
543 1818 640 1880 hostes
664 1839 696 1880 se
721 1818 882 1894 intulisset,
908 1817 1082 1899 interjectus
1106 1824 1202 1878 morte

135 1925 191 1970 sua
213 1903 366 1966 Romanis
388 1903 544 1976 victoriam
565 1904 709 1968 restituit.
753 1903 869 1968 Latini
893 1906 925 1984 iu
947 1904 1130 1966 deditionem
1152 1922 1201 1964 ne·

135 1998 258 2054 nerunt.
307 1989 344 2050 T.
361 1988 484 2050 Manlio
504 1990 538 2051 in
552 1989 652 2052 urbem
675 2011 794 2052 reverso
814 2011 898 2052 nemo
917 2011 955 2052 eu
966 1988 1129 2072 juventute
1149 1985 1201 2050 ab·

136 2079 218 2142 viam
228 2076 386 2158 processit.
430 2073 576 2140 Minucia
599 2077 686 2159 virgo
707 2075 836 2140 Vestalis
856 2076 964 2138 incesti
985 2076 1134 2138 damnata
1148 2081 1202 2136 est.

138 2160 311 2228 Ausonibus
326 2163 423 2238 victis,
440 2161 473 2223 in
495 2161 640 2244 oppidum
659 2183 697 2226 ea
716 2163 756 2226 iis
777 2170 897 2243 captum
914 2161 1003 2224 Cales
1016 2161 1136 2223 colonio
1150 2159 1203 2222 de·

136 2249 228 2311 dsuta
243 2256 295 2310 est.
326 2245 424 2310 ’Item
439 2247 728 2330 Fregettoecolonin
748 2248 884 2310 deducta
899 2256 979 2310 suut.
1026 2244 1204 2328 Venrficium

135 2334 333 2416 complurium
358 2342 565 2396 matronarum
588 2333 800 2416 deprehensum
827 2341 891 2404 est.-
913 2351 1041 2416 quamn
1057 2331 1204 2414 plurima

136 2421 242 2484 statim
257 2420 354 2502 epotis
369 2419 614 2484 medicaminibus
623 2421 794 2500 perierunt.
835 2418 905 2482 Lea
920 2419 958 2480 de
977 2417 1118 2498 veneficio
1131 2425 1203 2478 tunc

130 2506 268 2588 primum
294 2507 462 2568 comtitnta
491 2513 544 2570 est.
600 2503 847 2582 Priuernatibus,
876 2525 963 2587 quum
997 2501 1201 2576 rebellassent,

136 2593 226 2656 victis
240 2592 351 2654 civitas
365 2593 441 2654 data
456 2601 510 2656 est.
553 2591 789 2673 Paleepolitani,
806 2590 883 2654 bello
896 2599 926 2653 ct
940 2589 1097 2652 obsidione
1117 2587 1202 2664 victi,

138 2679 172 2743 in
187 2679 372 2741 deditionem
394 2687 546 2742 venerunt.
569 2675 635 2752 Ἦ.
650 2677 799 2753 Publilio,
815 2678 869 2760 qui
887 2697 935 2740 eos
953 2675 1121 2751 obsederat,
1130 2675 1203 2756 pri·

136 2785 185 2828 mo
199 2772 229 2826 et
245 2765 403 2846 imperium
419 2765 587 2845 prolatum,
603 2773 633 2826 et
649 2785 712 2846 pro
732 2765 851 2828 consule
867 2764 1002 2826 decretus
1022 2760 1202 2842 triumphus.

136 2849 231 2914 Plebs
253 2871 332 2912 nenu
350 2849 483 2913 liberata
503 2859 548 2915 est
563 2859 695 2932 propter
710 2849 749 2914 L.
764 2849 897 2932 Papirii
914 2848 1076 2913 creditoris
1095 2845 1203 2910 libidi-

138 2957 217 3012 nem,
241 2936 295 3018 qui
319 2935 352 2999 C.
368 2935 509 2999 Publilio
531 2937 662 3000 debitori
682 2957 735 2999 suo
759 2945 894 3019 stuprum
920 2935 1038 3019 inferre
1056 2935 1203 2998 uoluerat.

140 3019 241 3098 Quum
267 3022 309 3084 L.
324 3022 478 3104 Papirius
502 3023 637 3086 dictator
661 3044 795 3086 reversus
820 3025 852 3086 in
880 3021 981 3084 urbem
1005 3019 1046 3084 ab
1071 3021 1205 3086 exercitu

136 3117 213 3172 esset
234 3117 365 3189 propter
386 3109 527 3190 auspicio
551 3110 727 3190 repetenda,
754 3107 794 3184 Q.
810 3109 924 3172 Fabius
949 3109 1095 3191 magister
1119 3107 1204 3190 equi·

136 3204 211 3270 tum,
236 3194 392 3256 occasione
416 3195 464 3256 rei
492 3193 564 3257 bene
588 3196 732 3278 gerenda
756 3196 915 3270 invitatus,
940 3204 1048 3257 contra
1077 3195 1204 3256 edictum

136 3279 202 3362 ejus
217 3301 368 3362 prospere
387 3280 530 3344 aduersus
546 3279 697 3344 Samnites
716 3283 879 3364 pugnavit.
920 3279 966 3344 Ob
978 3301 1047 3360 eam
1069 3299 1206 3342 cucusam

138 3387 228 3449 quum
251 3366 386 3428 dictator
402 3367 441 3430 de
465 3368 611 3448 magistro
633 3367 765 3449 equitnm
787 3367 967 3448 supplicium
988 3375 1137 3430 mutuus
1158 3365 1205 3428 vi·

137 3453 273 3527 deretur,
302 3449 417 3514 Fabius
441 3452 571 3516 Ιίοηιαηι
591 3452 756 3536 prcffugit:
786 3462 825 3530 et,
852 3474 941 3536 quum
965 3472 1072 3516 cerusa
1090 3471 1206 3534 parum

131 3539 307 3620 proficeret,
317 3539 431 3620 populi
445 3537 588 3620 precibus
602 3540 732 3602 danatus
745 3549 799 3602 est.
843 3539 907 3603 Res
924 3547 1081 3622 praterea
1098 3546 1205 3600 contra

136 3625 293 3688 Samnites
299 3644 449 3706 prospere
458 3634 561 3708 gestus
574 3625 718 3688 continet.

137 3807 658 3856 .IP.DmiustuncmnlaumMan·
689 3813 751 3854 sunt

137 3872 184 3936 tia]
212 3869 310 3950 Adjssip
332 3873 445 3934 SIganius
466 3885 550 3920 vocem
571 3874 658 3932 musa,
720 3871 1207 3948 SQ.Pubtilio..·pslmaetlrppesbm

137 3944 273 4050 “³553
283 3938 659 4062 “lwwuem
687 3938 827 4048 mbo
837 3931 1208 4062 ᾝοῗιῗῖἵὲοέῗέἶᾛὲ

136 4065 207 4130 aas]
225 4065 418 4126 Velsegendnm
436 4071 481 4122 est,
494 4066 607 4126 Fregellae
622 4079 658 4112 co·
689 4067 757 4128 psius
777 4067 914 4126 legeremus
939 4065 969 4121 Q.
984 4065 1124 4112 Publilio..
1137 4097 1144 4112 .
1156 4063 1208 4126 pri·

137 4128 657 4191 mmmcmqmmdmodumlih
689 4131 1209 4192 memmmprumuprm

139 4192 348 4242 Lanatum
363 4195 465 4242 earmu
481 4195 575 4242 deducta
590 4200 657 4250 erate
689 4197 750 4246 sulcu
774 4196 799 4242 ei
824 4194 926 4242 dearum
952 4195 1093 4255 summm.
1114 4195 1208 4243 ,Suam

139 4261 188 4316 vel,
199 4257 299 4306 mactis
314 4259 406 4320 aliquot
417 4260 515 4305 vocibus
526 4259 551 4308 in
561 4261 592 4306 iis
602 4273 667 4320 quse.
689 4261 818 4308 sennonem
834 4259 949 4308 formavit
962 4259 1074 4320 signnm
1089 4273 1120 4307 u
1137 4260 1208 4321 ospi-

138 4325 293 4384 mont,
309 4323 336 4368 tu
351 4322 461 4384 oppletum
474 4337 505 4370 es
519 4321 550 4368 us
564 4327 657 4386 captum
690 4325 772 4372 saliuis
793 4325 882 4372 nbulls
900 4331 926 4372 st
942 4325 1012 4372 Livio
1032 4325 1085 4386 Ipso
1104 4325 1169 4370 intro
1185 4335 1207 4370 e.

140 4387 219 4446 Cales,
235 4389 293 4434 tum
308 4387 542 4448 meaalonioe
557 4387 658 4435 dedum
690 4389 849 4438 aaut&
