3034 4916
348 171 407 236 aaa
659 149 661 158 ’
741 171 853 235 τιτι
881 171 1017 235 nrvrr

191 345 259 394 uc.
270 345 328 408 4⁵⁴»
361 385 367 397 ·
394 336 496 405 XIII.
519 333 644 404 Eodem
664 359 751 406 anno
763 337 966 406 ”Carseolos
980 337 1105 405 colonia
1119 336 1150 402 in
1165 354 1279 422 agrum
1296 329 1414 420 AEqui-

191 410 327 462 ΝΜ
351 423 494 491 colonam
517 423 665 494 deducta.
711 427 841 493 Fulvius
868 428 980 492 consul
1008 427 1049 491 de
1076 421 1271 492 Samnitibus
1300 420 1415 484 triam·

373 510 471 577 havit.
528 510 638 589 Quum
660 514 788 580 comitia
810 513 987 578 consularia
1008 515 1170 588 instarent,
1186 507 1271 572 fama
1292 516 1415 584 exorta,

373 598 504 664 'truxos
528 600 651 665 Samnit
707 623 746 666 ue
770 602 915 688 ingentes
939 598 1138 664 conscribere
1161 594 1337 669 exercitum
1361 615 1416 677 pa·

209 749 214 762 ,
352 685 417 748 Iam
439 685 585 758 omnibus
610 623 752 753 coriscbiis
771 688 878 751 vexari
898 687 1055 772 principes
1081 683 1305 760 Etruscorum,
1328 679 1415 764 quod

283 819 289 828 .
353 793 418 836 non
435 770 547 837 Gallos
570 793 770 860 quacumque
784 773 969 838 conditione
983 771 1138 837 traxerint
1152 771 1192 834 ad
1202 766 1343 833 bellum:
1368 767 1416 829 in-

354 859 476 942 crepari
492 860 693 947 magistratus
709 861 910 934 Samnitium,
948 858 1012 923 uod
1026 857 1247 934 ⁶¹exercitum,
1262 852 1417 919 adsersus

355 943 523 1010 Lucanum
539 947 661 1011 bostem
679 959 907 1032 comparatum,
922 967 943 1010 o
960 945 1096 1032 jecerint
1112 939 1285 1008 Romanis:
1309 939 1418 1026 itaque

354 1030 418 1095 suis
443 1032 664 1119 sociorumque
684 1033 803 1098 viribus
827 1053 1018 1120 consurgere
1040 1031 1146 1096 hostes
1168 1029 1209 1094 ad
1234 1025 1366 1103 bellurn,
1386 1038 1417 1089 et

186 1188 188 1194 ,
354 1115 599 1206 haudquaquam
614 1121 683 1203 pari
697 1118 933 1205 defungendum
955 1137 1024 1182 esse
1043 1117 1224 1182 certamine.
1270 1113 1341 1178 Hic
1356 1125 1419 1178 ter·

194 1217 224 1272 o,
236 1217 325 1264 rastas
353 1225 419 1280 ror,
435 1225 533 1291 quum
554 1205 700 1271 inlustres
723 1205 781 1270 viri
803 1204 1001 1270 consulatum
1025 1217 1178 1289 peterent,
1193 1221 1308 1268 ornnes
1321 1201 1356 1263 in
1372 1199 1416 1274 Q.

193 1283 491 1393 thelasson-pamm
508 1289 702 1370 Maximum,
724 1290 829 1377 primo
851 1313 916 1355 non
936 1303 1108 1378 petentem,
1126 1289 1251 1364 deinde,
1267 1299 1306 1351 nt
1326 1286 1418 1351 incli-

194 1360 206 1391 '
245 1360 300 1394 Μ
311 1359 430 1443 uf'nata
444 1378 548 1443 studia
562 1379 651 1456 vidit,
666 1378 760 1442 etiam
775 1389 971 1442 recusantem
993 1379 1156 1442 convertit.
1203 1373 1291 1451 maia
1303 1396 1336 1439 ae
1347 1373 1417 1456 jan

353 1486 462 1542 senens,
478 1487 515 1530 aa
524 1463 720 1550 perfisrtctnm
732 1465 886 1529 laboribus
898 1465 1094 1550 laborumque
1101 1464 1253 1546 martiis,
1268 1462 1418 1524 sollicita·

355 1556 451 1615 rent?
475 1551 542 1614 Nec
551 1553 698 1635 corporis,
713 1573 767 1616 nec
780 1553 882 1614 animi
894 1553 1028 1636 uigorem
1042 1571 1198 1614 emanere
1211 1549 1369 1612 ennam.-
1390 1555 1418 1610 el

342 1638 509 1723 fortunam
524 1638 622 1720 ipsam
636 1639 747 1715 oneri,
763 1659 801 1701 ne
814 1639 864 1700 ersi
875 1639 1010 1702 &mum
1022 1639 1119 1700 nimia
1124 1635 1194 1719 jam
1207 1637 1242 1699 in
1252 1658 1295 1710 se,
1307 1643 1339 1698 et
1350 1653 1417 1696 son·

355 1725 500 1803 stantior,
511 1745 601 1807 qaam
612 1725 920 1804 oalintbamonoeres,
933 1725 1084 1788 uideantr.
1106 1721 1418 1806 Etsegloriaesenio-

355 1831 422 1873 mm
436 1809 622 1887 subcrevisse,
638 1818 668 1874 et
681 1811 726 1873 ad
742 1831 826 1874 amm
845 1811 979 1894 gloriam
1000 1819 1209 1893 conangentes
1223 1809 1305 1873 alios
1319 1809 1418 1870 marn

356 1897 524 1978 adspicere.
547 1917 601 1959 nee
614 1897 741 1960 bonores
754 1914 880 1980 magnos
881 1897 1070 1980 fortissimis
1083 1897 1160 1960 viris
1168 1895 1287 1971 Rosnae,
1298 1915 1355 1957 nee
1367 1894 1418 1955 bo-

356 1980 481 2046 noribus
502 1982 601 2082 deesse
611 1981 718 2067 ferles
731 1983 823 2046 viros.
869 1981 1015 2046 Acuebat
1029 1980 1089 2048 bac
1113 1980 1332 2045 moderatione
1356 1991 1418 2043 tam

352 2065 1050 2241 {libeliittrlttlffilllititti
1065 2066 1418 2219 :tibilim

356 2238 457 2304 sulem
472 2239 560 2304 refici
581 2261 647 2304 non
668 2240 786 2305 liceret.
830 2241 894 2306 Vix
918 2263 986 2326 praa
1009 2253 1071 2306 stre
1096 2241 1141 2305 itu
1167 2239 1276 2306 audita
1292 2242 1342 2304 lex
1357 2253 1416 2304 est:

311 2349 313 2352 ·
356 2326 541 2411 tribunique
554 2326 665 2412 plebis,
679 2329 762 2391 nilril
783 2331 818 2391 id
839 2329 1040 2412 inpedimenti
1130 2326 1369 2405 transiebant:
1390 2348 1419 2390 se

355 2415 402 2476 ad
409 2415 555 2496 papalum
570 2415 698 2496 laturos,
712 2415 761 2478 nti
773 2415 889 2500 legibus
902 2417 1076 2480 solveretur.
1120 2415 1163 2478 Et
1176 2413 1230 2477 illc
1241 2413 1373 2499 quidem
1387 2413 1419 2476 in

359 2499 535 2564 recusando
549 2499 721 2584 perstabat,
734 2503 810 2584 quid
823 2522 896 2586 ergo
906 2503 1061 2566 adtineret
1070 2501 1253 2586 legasserri,
1268 2500 1418 2584 rogitans,

357 2584 569 2671 quibns.⁶³per
577 2588 702 2662 eosdem,
715 2588 1147 2672 quitidisscnt,srausfieretl
1171 2587 1243 2652 lam
1252 2589 1323 2672 regi
1330 2589 1417 2671 leges,

358 2693 420 2736 raon
444 2693 557 2756 regere.
604 2671 746 2758 Populus
771 2672 978 2737 nibilominus
1003 2672 1154 2760 suffragia
1177 2671 1297 2737 inibat:
1320 2685 1365 2752 et,
1386 2685 1420 2736 ut

355 2779 495 2845 quaeque
512 2756 632 2823 “intro
655 2773 767 2824 vocata
791 2774 861 2825 erat
882 2760 1035 2840 centuria,
1061 2761 1221 2825 consulem
1249 2757 1337 2824 haud
1364 2760 1419 2824 du·

355 2966 359 2973 ⁸
391 2911 666 2962 ao·carmlos...ts
686 2917 874 2978 agramAEqsa'·
904 2918 930 2964 in
948 2917 1011 2973 aliis,
1026 2923 1079 2964 mm
1095 2916 1122 2964 ia
1141 2917 1194 2978 ipso
1214 2914 1290 2962 Fabio
1313 2917 1420 2976 neglecta

359 2975 474 3040 solarum]
491 2977 546 3024 vio,
562 2985 612 3027 not.
626 2979 648 3026 2.
669 2981 699 3026 ad
716 2995 737 3026 c.
757 2980 778 3027 1.
799 2978 873 3044 hujus
905 2983 991 3029 luerat.
1024 2981 1112 3029 Sedet
1131 2981 1264 3028 doctissimi
1281 2981 1338 3034 viri,
1356 2980 1421 3040 Sigu-

355 3039 430 3087 llbrls
448 3045 473 3086 at
484 3043 584 3089 observa
591 3044 690 3103 insuper
700 3057 731 3090 ex
742 3059 762 3092 c.
774 3045 798 3093 3.
809 3047 873 3094 hanc
905 3047 969 3102 nius.
987 3046 1096 3107 Pighius.
1114 3046 1266 3102 Dodwellus,
1283 3057 1377 3091 annum
1394 3057 1419 3090 u·

353 3103 478 3150 colonim
495 3119 560 3154 nune
575 3108 656 3167 potius
672 3110 787 3170 suppleri,
798 3123 873 3172 quam
905 3123 965 3158 num
976 3124 1020 3170 per
1035 3111 1096 3158 duas
1105 3113 1189 3158 ordina
1199 3111 1336 3157 dictaturas
1347 3117 1420 3156 nana

352 3169 453 3232 ,aedua
905 3182 998 3234 actum,
1019 3176 1064 3222 etsi
1079 3189 1128 3222 non
1149 3189 1179 3222 aa
1200 3173 1265 3222 Livii
1286 3181 1381 3232 mente,
1396 3181 1419 3220 st

390 3231 422 3280 bl
440 3233 580 3281 Eaercs'tam
604 3235 713 3284 adamans
737 3237 873 3304 Lmassssm]
905 3241 1006 3286 sartam
1027 3254 1058 3286 ex
1079 3240 1114 3286 rei
1135 3240 1237 3286 verimte
1264 3239 1419 3286 inserendum

353 3297 450 3344 omnes
472 3301 548 3346 nostri
574 3299 645 3348 MSS.
667 3305 875 3364 quamadmudum
906 3317 1021 3351 censuere
1034 3305 1149 3351 intereos
1167 3316 1318 3364 annosquoa
1328 3301 1419 3351 stre
1496 3343 1497 3364 ,

358 3369 384 3408 at
410 3363 570 3423 Gronovlsui,
589 3373 673 3414 esrem
699 3367 732 3430 σᾷ
758 3369 875 3418 adsum
906 3367 962 3416 lbi.
974 3369 1172 3416 numerariorum
1188 3369 1232 3430 qul
1246 3380 1329 3416 annus
1345 3368 1419 3414 inrid-

358 3427 552 3488 Antiquissimus
570 3431 693 3492 regiorum
717 3433 790 3479 babet
810 3445 875 3482 eaer-
906 3434 956 3480 uus
966 3434 1039 3482 aflicit
1054 3438 1083 3479 ut
1096 3435 1142 3480 toti
1152 3433 1238 3480 dacem
1254 3433 1314 3479 anni
1324 3434 1356 3480 ab
1367 3433 1420 3479 ulti·

360 3492 419 3537 eitrd
430 3491 569 3541 Laamamr
587 3495 652 3555 quod
668 3496 734 3542 idam
750 3510 826 3558 quum
838 3511 874 3544 re·
907 3511 948 3546 nro
966 3496 1033 3543 Fabii
1050 3499 1177 3545 consulatu
1193 3493 1248 3559 jam
1266 3497 1346 3558 elapsi
1366 3499 1420 3544 sint.

357 3556 448 3620 parim
468 3557 495 3604 in
514 3559 638 3619 aliquota
659 3561 710 3606 suia
729 3561 875 3620 Gronovius,
907 3563 967 3609 lnds
984 3557 1080 3624 judicat
1096 3563 1161 3608 idem
1184 3561 1419 3620 Dodrrellus,1)isa

358 3634 408 3669 non
419 3621 575 3672 incommode
586 3625 634 3686 legi
644 3637 714 3685 poma
725 3627 876 3686 putsbster·
906 3625 941 3674 X.
953 3627 984 3674 da
994 3625 1074 3687 cyclis
1092 3627 1163 3674 Rom.
1182 3633 1240 3673 sect
1257 3626 1298 3674 68.
1317 3641 1374 3687 qun
1391 3627 1420 3672 de

257 3721 261 3730 .
359 3687 496 3733 mimenni
508 3687 638 3736 Lamnum.
905 3691 1030 3738 mannan
1046 3690 1099 3754 legs
1117 3691 1258 3738 dimisse
1272 3697 1420 3738 memoratur

392 3748 424 3796 62
441 3749 543 3812 largent.
558 3783 565 3798 .
578 3767 624 3813 qao
634 3753 698 3801 intra
707 3754 781 3801 ᾰανηι
789 3756 874 3820 annm]
905 3756 937 3802 ad
947 3755 1065 3816 populum
1077 3753 1175 3810 Faqus,
1184 3769 1213 3802 aa
1222 3754 1323 3802 Livium
1333 3756 1358 3801 in
1367 3756 1421 3801 aba·

361 3814 432 3862 lianc
453 3816 533 3877 lagena
555 3817 659 3878 reperias
679 3835 700 3866 c.
720 3817 761 3866 42.
780 3820 797 3864 l.
817 3821 873 3866 Vll.
906 3820 1058 3866 numiocum
1074 3821 1240 3876 unnstulisssr
1259 3821 1420 3882 etsiquidsa

280 3911 284 3920 .
359 3876 483 3941 Ejusbsso
499 3882 536 3928 vis
555 3895 608 3928 casa
626 3883 720 3942 debuit,
731 3889 759 3931 ut
770 3885 874 3932 wlidum
905 3884 1031 3931 inaerari
1047 3885 1309 3946 sibidpotiusloenm
1326 3885 1421 3932 babuis-

358 3945 503 3992 decennium
529 3947 593 3992 inter
617 3949 743 4009 geminum
765 3943 875 4009 ejusaem
907 3961 933 3994 ss
954 3961 1030 4010 quam
1051 3949 1077 3996 in
1102 3961 1196 3997 annum
1217 3947 1274 3997 458.
1296 3951 1418 3996 eunardenr

358 4008 465 4054 hominis
475 4012 628 4058 consulatum
645 4013 765 4059 effluxisse
783 4009 876 4061 'ubere-
907 4025 964 4060 sunr
976 4027 1023 4060 non
1037 4021 1159 4073 petamm
1170 4015 1275 4075 populus
1283 4027 1366 4061 mesre
1374 4013 1420 4059 rel·

358 4077 406 4118 tur·
430 4073 544 4134 Alioquin
555 4083 769 4124 eanonteneretur
777 4027 875 4134 Iunius,
907 4077 951 4136 let,
961 4079 1098 4138 supracb.

358 4135 402 4196 qul
423 4139 506 4184 consul
528 4140 642 4187 ultimum
661 4141 709 4189 luit
731 4155 796 4188 anno
818 4141 875 4192 445.
940 4141 972 4188 68
987 4140 1314 4206 Pereasdeanaa'talr'ascst]
1327 4143 1418 4203 Nempe

358 4207 460 4247 etnunc
470 4209 565 4250 cantur
575 4205 601 4250 in
612 4203 772 4253 assumtae
805 4206 874 4254 Cate-
906 4207 1016 4254 tribunos
1024 4207 1108 4266 plebis.

359 4278 414 4340 rum
426 4277 455 4312 aa
468 4265 508 4312 lex
524 4280 611 4326 parum
625 4270 753 4330 diligenter
764 4271 801 4316 his
812 4277 874 4318 tern-
939 4269 972 4318 bl
987 4271 1055 4318 latro
1066 4269 1158 4332 mats]
1171 4269 1202 4318 In
1212 4271 1284 4320 ovile.
1302 4271 1361 4320 vid.
1371 4277 1417 4318 not.

358 4331 457 4393 ponbus
468 4333 648 4393 servabatur‚et
658 4334 785 4396 aliquoties
796 4349 872 4396 quarn
906 4335 947 4384 lb.
955 4336 987 4384 sd
997 4349 1018 4384 e.
1033 4335 1072 4384 ll.
1084 4335 1161 4386 tan.
