3056 4928
332 180 387 240 472
733 169 842 233 ΤΙΤΙ
872 161 1027 232 ΗῊῘ-

174 356 203 403 ιι.
214 357 240 402 c.
252 357 307 405 ott.
332 336 427 400 etiam
451 335 573 416 Romoe,
588 335 700 400 elatos.
723 336 807 400 redes
822 336 908 402 luere
928 337 961 402 in
980 337 1103 402 Palatio
1117 337 1193 424 ejus,
1208 355 1281 423 que
1296 328 1396 400 Vacci

174 424 204 468 Α·
217 422 307 470 0³2⁷·
333 434 433 506 prata,
450 421 559 486 diruto
573 422 709 486 aedifieio
729 422 950 510 publicatoque
972 423 1050 500 solo,
1066 423 1229 507 adpellata.
1274 423 1396 486 Adver-

334 529 385 572 sus
400 507 496 582 hunc,
513 521 682 573 vastantem
705 507 802 573 effuse
819 510 961 574 Setinum
979 509 1231 660 Norbanumque
1246 522 1280 574 et
1295 508 1398 574 Cere·

334 616 410 658 num
427 615 549 668 aprum,
566 595 605 674 L.
624 594 769 680 Papirius
793 594 960 679 protectus,
978 595 1061 660 haud
1081 619 1180 680 procu
1206 595 1317 662 castris
1332 595 1399 680 ejus

334 680 485 744 consedit.
530 681 677 745 Vitruvio
691 703 760 758 nee,
776 697 810 746 ut
824 681 907 748 vallo
920 706 953 746 se
972 696 1091 747 teneret
1106 682 1253 746 adversus
1266 680 1397 746 validio-

336 789 400 830 rem
426 770 556 843 bostem,
579 789 655 830 sana
676 782 820 832 constare
842 791 941 850 mene,
956 790 1025 846 nec,
1050 782 1084 832 ut
1109 769 1233 855 longius
1252 791 1271 832 a
1287 765 1399 830 eastris

335 851 509 927 dimicaret,
524 854 648 918 animus
667 853 843 936 subpetere·
866 855 919 919 rix
941 869 1008 920 tota
1027 873 1116 919 extra
1138 871 1262 940 portem
1274 867 1397 918 veneno·

335 961 406 1002 rum
428 938 585 1023 explicata
605 940 679 1015 acie,
695 939 800 1026 fugem
825 941 924 1028 aragia
946 959 1041 1016 retro,
1057 963 1151 1027 qnam
1175 939 1325 1024 proeiium
1343 951 1399 1004 aut

334 1025 470 1101 hostem,
486 1039 646 1109 spectante
666 1026 774 1098 milite,
791 1027 858 1092 sine
878 1027 1018 1104 consilio,
1035 1027 1103 1092 sine
1123 1027 1252 1092 audacia
1274 1025 1399 1113 depug-

175 1123 302 1169 vtent’ri·
336 1123 410 1176 nnt:
435 1128 465 1174 et
488 1126 523 1176 ut
543 1111 600 1176 levi
625 1127 786 1176 momento
808 1135 866 1178 nee
887 1113 1035 1199 ambigue
1054 1115 1230 1191 restrictum
1254 1113 1310 1189 ita,
1326 1112 1400 1178 bre·

174 1195 291 1234 vernaus.
338 1199 433 1260 vitate
452 1198 519 1281 ipsa
539 1197 598 1261 loci
621 1197 767 1285 docilique
788 1213 918 1284 receptu
940 1200 971 1262 in
995 1213 1059 1266 tom
1084 1202 1262 1286 propinqua
1283 1212 1402 1274 caetra,

335 1283 420 1348 haud
435 1305 521 1370 tegre
536 1285 667 1348 militem
684 1308 702 1347 ιι
718 1284 816 1350 ιιιιιΙιιι
831 1285 918 1350 eoede
932 1300 978 1351 est
994 1299 1132 1351 tutatus:
1156 1308 1214 1350 nec
1231 1284 1297 1350 fere
1312 1285 1399 1370 quis·

336 1393 430 1455 quom
458 1369 488 1433 in
520 1373 588 1454 ipso
613 1371 795 1448 certamine,
821 1373 912 1456 pauci
943 1372 974 1435 in
1003 1377 1096 1436 turba
1124 1371 1208 1455 fupae
1233 1388 1399 1447 extremae,

335 1478 433 1540 quum
451 1457 482 1519 in
495 1469 597 1520 eastra
613 1471 749 1533 ruerent,
764 1461 853 1532 caesi;
871 1459 1041 1546 primisque
1057 1457 1192 1524 tenebris
1207 1457 1399 1523 Privernum

335 1542 410 1606 inde
432 1543 563 1628 petitum
585 1543 711 1630 agmine
728 1543 864 1626 trepido,
880 1559 915 1608 ut
936 1545 1035 1610 muris
1061 1546 1175 1630 potius,
1191 1565 1287 1630 quam
1305 1541 1399 1620 vallo,

335 1653 401 1692 sese
429 1643 618 1694 tutarentur.
663 1631 694 1694 A
723 1629 876 1694 Priverno
903 1629 1047 1696 Plautius
1075 1631 1153 1696 alter
1177 1629 1301 1707 consul,
1329 1653 1401 1712 per·

337 1718 463 1778 vastatis
476 1715 589 1799 passim
606 1718 690 1801 agris
728 1715 875 1802 raedaque
888 1717 1010 1795 abacta,
1025 1717 1058 1782 io
1076 1739 1187 1805 agrum
1204 1716 1399 1781 Fundanum

295 1820 303 1831 “
335 1801 505 1866 exercitum
531 1803 660 1866 inducit.
704 1739 899 1889 ingredienti
921 1803 999 1866 fines
1020 1817 1143 1870 senatus
1167 1802 1400 1868 Fundanorum

335 1886 497 1961 obcurrit3
522 1899 644 1970 negant,
660 1911 692 1952 se
706 1909 769 1970 pro
789 1889 928 1954 Vitruvio
942 1900 1109 1974 sectamque
1125 1889 1187 1974 ejus
1200 1892 1310 1954 renuis
1326 1912 1396 1972 pre·

334 1984 432 2037 cutum
453 1977 577 2047 uenisse,
592 1976 646 2036 sed
662 1995 721 2054 pro
739 1975 890 2039 Fundano
908 1979 1041 2058 popula·
1060 1979 1149 2061 ‘quera
1169 1985 1258 2040 retra
1278 1977 1400 2059 culpam

335 2061 407 2123 betti
431 2083 502 2132 esse.
526 2062 621 2142 ipsum
647 2059 674 2098 ¹²
689 2060 856 2126 Vitruvium
871 2061 1040 2144 judicasse,
1066 2084 1154 2147 quum
1179 2064 1400 2145 receptaculum

320 2147 416 2231 sargae
429 2149 613 2210 Priuernum
627 2145 778 2224 debonat,
791 2169 852 2210 non
861 2150 1002 2231 patriam
1017 2149 1150 2213 matos.
1173 2150 1325 2214 Priuerni
1340 2150 1401 2233 igr·-

335 2242 386 2296 lnr
396 2235 493 2296 tuentes
503 2234 614 2315 populi
629 2234 765 2297 Romani
778 2237 954 2318 quaerendos
962 2237 1242 2319 persequendosque
1256 2257 1330 2310 erse,
1346 2237 1401 2319 qui

333 2321 423 2383 simut
441 2342 461 2382 u
476 2320 639 2383 Fundanis
653 2341 690 2384 ec
704 2321 864 2396 Romanis,
880 2319 1069 2405 ”utriusque
1078 2323 1198 2405 putrr'ae
1212 2324 1399 2398 inmemores,

333 2407 510 2491 defecerint.
553 2405 579 2443 ²⁴
588 2406 750 2470 Fundanis
769 2427 875 2489 pacem
901 2429 972 2483 esse,
994 2418 1023 2470 et
1048 2408 1355 2485 animoaltomonor,
1370 2417 1401 2472 et

329 2503 455 2574 gnatam
472 2494 644 2556 memorium
665 2503 797 2576 acceptae
817 2494 962 2558 civitatis.
1010 2493 1112 2558 Orare
1132 2516 1163 2558 se
1183 2496 1343 2572 certantem,
1366 2505 1399 2558 ut

334 2575 439 2642 bellum
466 2578 506 2642 ab
532 2580 659 2642 innoxie
683 2581 798 2662 populo
820 2579 996 2644 abstineat:
1019 2602 1120 2666 agros,
1143 2580 1244 2644 urbem
1269 2603 1400 2665 corpora

334 2665 475 2747 ipsorum,
490 2665 713 2750 conjugumque,
725 2687 761 2729 oe
775 2666 936 2730 liberorum
950 2687 1078 2741 ιιιοηιιιι,
1092 2669 1124 2730 r'n
1135 2676 1290 2748 potestate
1297 2689 1401 2752 pepu-

332 2752 511 2814 tillonem·
532 2773 602 2825 esse,
614 2751 800 2835 facturaque.
847 2750 1054 2816 conlaudaris
1078 2751 1251 2830 Fundanis,
1275 2753 1397 2832 consul,

332 2835 493 2921 literisque
516 2835 652 2900 Romam
678 2836 786 2912 missis,
804 2837 836 2902 in
857 2837 961 2903 officio
980 2837 1152 2904 Fundanos
1173 2861 1251 2916 esse,
1268 2839 1310 2906 ad
1328 2839 1399 2906 Pri·

333 2943 466 2986 vernum
481 2921 569 2986 flexit
584 2923 651 2986 iter.
699 2921 792 2987 Prius
813 2923 1064 2989 animadversum
1085 2925 1119 2988 in
1134 2948 1198 3010 eos,
1213 2927 1268 3012 qui
1292 2927 1398 3014 capita

333 3007 559 3093 conjurationis
579 3006 713 3086 fueraut,
734 3033 753 3072 a
767 3009 896 3075 consule
918 3011 1026 3076 scribit
1039 3011 1246 3076 ”Claudiusr
1271 3013 1311 3078 ad
1336 3027 1399 3079 tre·

333 3111 442 3162 centos
459 3093 687 3181 quinquaginta
709 3118 748 3158 ex
775 3097 944 3183 conjuratis
966 3097 1087 3162 vinctos
1105 3098 1241 3162 Remum
1265 3099 1397 3177 missum
1501 3128 1504 3134 ·

332 3203 467 3266 eamque
489 3179 681 3246 deditionem
702 3181 743 3246 ab
764 3195 874 3247 senatu
900 3205 963 3247 oon
985 3197 1166 3268 acceptam:
1189 3185 1279 3270 quod
1299 3209 1398 3275 egeu-

332 3269 411 3424 pium
429 3267 522 3353 utque'
539 3266 705 3368 bumilium
726 3289 823 3354 poenu
838 3267 968 3357 defungi
984 3270 1063 3335 uelle
1081 3271 1270 3336 Fundanum
1295 3295 1399 3360 popu-

347 3377 398 3422 um
415 3369 604 3419 censuerant.

170 3461 312 3572 empnam
378 3441 459 3509 XX.
485 3440 673 3510 Privernum
695 3441 822 3514 duobus
843 3442 1061 3512 consularibus
1085 3445 1275 3510 exercitibus
1297 3471 1398 3535 quom

169 3540 184 3572 0
238 3533 299 3573 ΕΜΓ.
804 3571 807 3574 .

364 3651 395 3698 22
417 3650 552 3696 Vitruvium
556 3650 687 3714 judicatae]
705 3651 744 3698 Sic
755 3651 847 3697 Grono·
881 3655 956 3700 norm
967 3654 1035 3702 codd.
1047 3662 1075 3701 ut
1087 3653 1219 3713 sigemani.
1231 3653 1333 3702 Fundit.

331 3717 385 3762 vius
399 3712 529 3775 legijueait
541 3717 659 3762 extribus
672 3717 742 3762 Mss.
760 3717 847 3776 quium
914 3717 945 3765 25
963 3719 1086 3782 curator]
1116 3719 1163 3765 Hie
1181 3719 1276 3766 ridetur
1295 3733 1349 3766 ene
1368 3721 1398 3774 0.

330 3781 496 3828 assentiuntur
514 3781 653 3840 quinquen
676 3782 771 3826 nostris.
804 3781 848 3826 Ce-
882 3783 1303 3843 claudiurouadrtgariur,aequalir
1316 3785 1398 3831 suen·

331 3846 376 3892 teri
388 3845 506 3891 ladleuree.
882 3861 929 3901 nm.
949 3855 1046 3894 anetem
1066 3847 1169 3900 Velleio.
1185 3848 1219 3893 11.
1235 3849 1259 3894 9.
1278 3849 1323 3909 qui
1341 3861 1398 3910 fto-

363 3907 551 3968 remotusque
568 3907 666 3970 patrie]
700 3910 731 3955 Et
751 3909 847 3956 Fundo-
880 3913 937 3958 inde
969 3911 1075 3958 floruerit
1105 3912 1209 3972 Syllanta
1238 3914 1398 3973 terupcrlbuu.

329 3981 430 4028 rum‚et
442 3973 536 4019 Romu.
563 3973 689 4033 Quotquot
705 3974 847 4020 enimcivec
882 3973 964 4039 Hujus
983 3989 1046 4036 caepe
1066 3977 1178 4023 meminit
1196 3977 1229 4021 el.
1242 3977 1354 4032 Gelliuat
1370 3993 1399 4026 nc

329 4039 434 4084 Ξὶοιιιιιιιί
448 4037 671 4093 amnemamnem
690 4039 793 4098 patriam
805 4040 849 4085 ha·
880 4042 1006 4101 rpeeletim
1024 4042 1040 4086 l.
1058 4041 1106 4088 lx.
1123 4055 1146 4088 c.
1165 4041 1202 4088 18-
1219 4041 1304 4088 laudat
1322 4043 1350 4088 iu
1369 4056 1398 4090 ce

330 4104 426 4149 bebont.
460 4101 506 4148 Sed
528 4103 545 4148 ii
570 4102 612 4160 qni
637 4104 797 4150 rreaeebontur
820 4105 846 4150 in
879 4105 1005 4165 atneptr'eem
1024 4109 1047 4152 et
1065 4106 1204 4166 incomptam
1223 4107 1338 4152 ammte
1356 4122 1398 4153 n·

328 4167 477 4225 municipiis,
498 4168 600 4212 alteram
625 4181 721 4226 quoque
742 4169 848 4226 petriam
880 4171 951 4228 tique
960 4171 1105 4216 euwltatern.
1140 4169 1216 4226 Eum,
1233 4183 1282 4216 neu
1300 4183 1398 4230 expeu-

328 4232 458 4286 habebant,
476 4243 562 4290 nempe
578 4245 634 4278 eam
651 4233 735 4278 urbem
754 4231 780 4277 in
799 4246 848 4293 qua
880 4247 907 4280 ao
928 4239 1010 4280 temen
1032 4236 1141 4292 nomine,
1159 4236 1260 4282 indicari
1281 4235 1357 4282 amul
1376 4243 1401 4282 et

327 4297 379 4340 uati
390 4303 467 4341 erant.
510 4311 517 4332 ·
879 4299 982 4345 euertbi
1001 4311 1016 4344 a
1036 4299 1399 4359 tartosupnr.vrr.e.1a

360 4359 392 4407 et
408 4359 532 4406 Furnlentr
557 4375 637 4420 pacem
664 4359 721 4422 erre]
755 4361 846 4410 Omnes
880 4363 1294 4412 raonmmminnocts.rdil1um
1309 4365 1398 4412 locum·
