2978 4918
439 208 531 270 arn.
556 207 597 268 ιι.
628 207 732 268 car.
755 161 842 271 ιιιιι.
1118 211 1174 272 roa

109 389 179 436 uum
201 371 378 456 pedestris
399 373 489 451 acies,
503 383 674 458 postquam
690 371 864 457 juventutis
883 392 1033 457 proceres
1101 385 1176 437 uato

106 479 208 540 genere
223 481 359 547 pugnae
373 481 480 528 secum
495 473 617 545 partem
632 457 763 543 periculi
774 457 962 524 sustinentes
976 391 1175 524 vidiffium

106 541 225 610 demum
243 547 375 630 inpulsi
392 546 510 626 Latini,
524 545 733 632 perculsaque
747 545 910 610 inclinavit
924 544 1026 610 acies.-
1043 544 1176 632 Equiti¹

43 641 45 646 '
106 631 215 697 admoti
240 634 333 720 equi,
353 647 391 699 ut
415 633 561 718 persequi
585 631 709 696 hostem
732 640 866 714 possett
890 644 999 697 secuta
1012 647 1045 697 et
1064 632 1177 733 ped-es·

106 717 155 782 tris
167 719 267 784 acies.
313 719 379 799 lbi,
394 718 553 790 nihilnec
566 717 683 784 divium
703 739 761 782 nec
783 717 931 786 humanae
944 717 1014 804 opis
1028 718 1178 784 Dictator

105 806 372 890 praetermittens,
387 805 489 886 ¹uadem
513 805 640 870 Castori
662 806 781 871 vovisse
803 805 921 870 fertur:
945 827 981 869 ac
1003 803 1178 891 pronunci-

106 913 166 956 asse
187 893 290 958 militi
316 893 461 978 praemia,
482 892 538 978 qui
563 891 696 977 primus,
712 891 768 977 qui
792 891 959 969 secundus,
975 907 1079 956 castra
1104 893 1178 956 bos

106 977 181 1042 tium
198 979 364 1044 intrasset.
389 990 556 1065 tantusque
578 976 674 1042 ardor
695 975 765 1054 luit,
780 990 817 1042 ut
840 978 951 1043 eodem
975 979 1096 1064 inpetu,
1112 999 1179 1064 quo

107 1059 257 1130 luderent
277 1063 416 1142 hostem,
434 1065 569 1130 Romani
593 1076 696 1130 castra
715 1075 875 1149 caperent.
920 1064 997 1130 Hoc
1020 1062 1177 1129 modoad

107 1150 210 1216 lacum
227 1151 397 1238 Regillum
419 1166 596 1238 pugnatum
612 1161 670 1214 est.
713 1149 863 1217 Dictator
876 1165 908 1218 et
922 1152 1073 1238 magister
1088 1151 1178 1238 equi-

107 1251 173 1302 tum
188 1237 429 1322 triumphantes
443 1239 474 1304 in
491 1238 601 1304 orbem
617 1235 748 1302 rediere.

149 1321 255 1388 XXI.
281 1324 440 1390 Triennio
461 1324 576 1390 deinde
599 1345 659 1388 nec
677 1337 764 1390 certa
790 1345 863 1408 pax,
885 1343 947 1390 nec.
967 1321 1091 1388 bellum
1107 1322 1176 1388 fuit
1186 1346 1215 1393 u.
1225 1346 1251 1394 c.
1264 1347 1320 1397 ssa.

110 1408 269 1476 Consules
293 1411 338 1488 Q.
362 1411 493 1476 Cloelius
518 1424 550 1475 et
576 1407 653 1474 181Τ.
675 1409 813 1476 Lartius.
858 1407 939 1474 Inde
966 1411 1008 1474 A.
1027 1411 1322 1496 Sempro-acau-

107 1495 179 1562 nius
201 1511 234 1562 et
254 1496 306 1563 M.
325 1497 497 1567 Minucius.
543 1495 609 1562 His
629 1495 811 1560 consulibus
827 1495 946 1562 ¹⁹aedes
968 1486 1109 1562 Saturno
1123 1477 1322 1592 ἀε-Ηζὲἶξὲ

109 1583 232 1648 dicatae
257 1584 284 1622 ¹⁰
298 1585 479 1650 Saturnalia
496 1585 658 1648 institutus
679 1581 775 1647 festus
789 1582 866 1647 dies.
910 1583 951 1648 A.
966 1581 1082 1650 deinde
1097 1583 1178 1648 Pos-

110 1671 232 1734 tumius
246 1682 281 1736 et
297 1669 338 1735 T.
356 1670 519 1757 Virginius
533 1667 677 1736 consules
687 1667 773 1735 lacu.
807 1668 921 1734 ²¹'Hoc
941 1671 1068 1734 demum
1091 1693 1217 1760 apnou.
1228 1695 1256 1742 c.
1267 1692 1324 1744 258.

110 1756 150 1821 ad
167 1757 335 1844 Regillum
353 1757 457 1822 lacum
479 1769 668 1844 pugnatum,
683 1755 769 1840 apud
791 1754 946 1842 quosdam
966 1756 1112 1833 iuveni03
1136 1757 1322 1821 Medi&

111 1841 330 1925 Postumium,
351 1845 427 1930 quia
451 1843 573 1932 collega
597 1842 704 1908 dubiae
730 1842 806 1908 fidei
829 1841 936 1922 fucrit,
959 1865 992 1908 se
1012 1843 1180 1908 consulstu

110 1929 294 2008 abdicasse;
316 1929 502 1997 dictatorem
517 1927 736 1996 indefectam.
776 1928 876 1996 Tanti
890 1951 1013 1996 errores
1025 1929 1184 2016 inplicant

110 2029 306 2102 temporum,
323 2017 415 2082 aliter
430 2015 515 2102 apud
535 2015 614 2082 elios
629 2013 784 2080 ordinetis
799 2016 1044 2104 magistratibus,
1059 2029 1108 2094 ut,
1121 2039 1183 2082 nec

110 2103 164 2186 qui
186 2103 378 2170 consules²²
390 2103 563 2173 secuudum
586 2101 751 2188 quosdam,
771 2125 831 2168 nec
850 2103 926 2189 quid
947 2126 1075 2191 quoquc
1095 2125 1182 2169 anno

109 2205 218 2258 actum
244 2192 296 2270 sit,
313 2191 346 2255 in
374 2204 462 2257 tauta
482 2201 638 2256 vetustate
656 2211 721 2254 non
748 2211 855 2255 rerum
881 2190 988 2268 modo,
1004 2189 1059 2254 aed
1085 2189 1187 2255 etiam

110 2291 293 2358 unctorum,
308 2277 454 2366 digerere
468 2275 578 2361 possis.
624 2276 687 2361 Ap.
704 2273 857 2342 Claudius
871 2276 988 2342 deiude
1002 2289 1035 2342 et
1051 2276 1090 2342 P.
1106 2278 1181 2342 Ser·

111 2363 203 2430 vilius
226 2364 376 2439 consules
396 2362 481 2428 sacti.
525 2361 661 2451 Insignis
686 2361 738 2428 hic
763 2384 864 2426 annus
886 2375 934 2426 est
959 2363 1077 2428 nuncio
1097 2362 1325 2428 Tar-nessa

111 2451 212 2536 quinii
226 2454 353 2518 mortis.
394 2449 545 2516 Mortuus
559 2463 606 2524 est
622 2449 745 2527 Cumis,
761 2470 825 2535 quo
841 2471 875 2514 se
888 2463 962 2534 post
974 2447 1090 2513 finctus
1103 2443 1220 2534 opesA
1230 2443 1257 2490 ⁰·
1268 2439 1324 2491 ⁴⁹⁸

346 2585 663 2648 aspernationem.
761 2589 873 2648 rporreat
884 2585 952 2634 lired.

111 2699 173 2748 nur.
191 2701 217 2750 3.
241 2701 460 2762 antesignanorum
479 2701 577 2747 nominc
596 2699 634 2746 ln·
665 2699 942 2762 tum.capp.i.et10.
960 2707 985 2748 et
1001 2700 1070 2762 Lips.
1084 2699 1181 2750 Satura.

111 2767 187 2826 tetigt
221 2773 302 2814 totam
334 2767 441 2827 primam
468 2765 555 2823 adem,
582 2765 633 2811 slve
664 2765 713 2811 LI.
725 2779 793 2826 capp
804 2763 829 2812 3.
840 2763 900 2812 eat.

111 2830 231 2882 Euctus
244 2831 387 2892 iegiouumr
405 2831 531 2890 nonquod
546 2830 632 2878 iisnta
697 2830 800 2878 2111oe
818 2829 910 2876 mam
927 2829 999 2895 anuo]
1033 2832 1072 2877 lta
1099 2837 1181 2880 namt

111 2898 194 2944 omnis
210 2897 390 2958 rigrmeareut,
402 2893 632 2956 ιὶιιιιίἀοιιιιιυιῑιιι
665 2896 810 2955 Dionysius
844 2901 917 2956 atque
939 2897 1002 2944 hanc
1034 2897 1182 2944 warentiam

112 2959 201 3016 burres
230 2961 274 3007 sed
297 2961 356 3020 quia
377 2965 434 3006 ante
455 2959 577 3020 precipua
598 2959 632 3004 le·
666 2961 747 3008 firmat
764 2961 816 3020 ipsa
832 2959 917 3006 Liuius
933 2961 1007 3015 infra.
1021 2962 1082 3008 dum
1098 2963 1183 3010 scribit

111 3025 214 3084 giorum
233 3026 314 3085 signa
332 3039 389 3086 quae
404 3023 500 3084 longius
516 3025 548 3070 ab
564 3024 633 3070 hoste
665 3037 729 3071 anno
740 3025 850 3084 sequenti
861 3021 958 3074 Volscis
969 3025 1061 3072 bellum
1076 3025 1182 3085 illatum,

112 3091 311 3140 murnum.
665 3095 792 3149 proptcreu
818 3089 884 3150 quod
908 3090 1000 3138 auxilia
1026 3103 1183 3150 comparare.

144 3155 176 3204 18
197 3154 228 3204 Τ.
246 3153 369 3216 lartius]⁴
394 3153 442 3204 liic
461 3154 566 3200 dictator
587 3154 634 3200 hoc
665 3160 730 3212 rant,
746 3167 802 3214 que
824 3153 918 3200 utinis
936 3156 1070 3204 ntttoenr.
1105 3153 1193 3218 ilujua·

111 3231 175 3266 anno
192 3220 290 3281 primus
306 3226 403 3265 cresim
420 3217 466 3264 luit
480 3231 511 3264 ea
524 3217 632 3280 Dionysii
666 3213 762 3278 injuria
774 3219 893 3266 ultionem
909 3221 993 3267 statim
1005 3225 1120 3269 erecutos
1130 3233 1183 3268 esse

112 3286 246 3343 munch,
263 3291 292 3330 ιιι
307 3280 362 3346 jam
377 3283 549 3330 annaurimus
564 3283 596 3328 ad
611 3295 632 3329 e.
667 3281 790 3328 Romanos
809 3287 863 3344 post
883 3297 991 3344 pugium
1010 3285 1042 3330 ad
1060 3286 1183 3345 Regillum

114 3347 152 3394 la
163 3363 249 3410 anpn.
335 3369 343 3378 -
666 3347 746 3394 lacum
770 3347 840 3409 longa
861 3349 1016 3396 renomilius
1037 3355 1084 3402 est.
1108 3361 1183 3409 quam

145 3411 281 3460 lawa
302 3409 419 3472 Saturno]
453 3409 569 3472 Legimus
589 3411 634 3458 So·
666 3411 692 3458 in
719 3411 834 3470 quintum
862 3419 917 3472 post
941 3427 1034 3460 sunum
1056 3408 1183 3474 rejecisse3

111 3481 186 3524 tmr'.
222 3477 283 3525 Vid.
300 3477 364 3524 infra
380 3483 431 3521 not
448 3477 505 3521 adl.
518 3475 547 3523 V.
560 3475 633 3524 cis.
666 3473 731 3536 qaod
752 3490 783 3524 ex
805 3477 869 3524 Livii
891 3479 1027 3526 nrmtiona
1049 3478 1184 3526 maliciam.

113 3537 176 3590 ihc
195 3543 262 3590 edes
281 3543 330 3592 tuit
348 3539 464 3587 aerarium
482 3542 565 3602 populi
585 3541 635 3588 ito·
666 3541 737 3588 Adde
751 3543 817 3602 quod
828 3543 859 3590 Α.
872 3541 1024 3600 Postumius,
1035 3549 1185 3603 tamquam

112 3610 190 3662 mani,
202 3609 230 3654 in
245 3621 297 3669 quo
312 3614 367 3654 tum
384 3605 499 3665 peeuma,
510 3613 565 3652 tum
581 3612 636 3654 scta
666 3619 682 3652 a
693 3605 764 3654 Livio
776 3614 945 3656 nreurorantur
958 3613 1053 3654 creatus
1070 3607 1184 3654 essedis·

111 3673 211 3732 wbiie'a
227 3673 423 3719 merebantur.
440 3669 532 3731 †Eam
547 3671 636 3718 deseri·
667 3675 742 3729 tator,
761 3673 846 3732 (supra
864 3686 886 3720 c.
905 3669 953 3732 19.)
970 3674 1080 3721 nondum
1099 3671 1182 3718 consui

113 3735 274 3785 bitMacrob.
286 3737 384 3783 Satura.
396 3733 413 3778 l.
427 3732 446 3779 1.
459 3747 480 3782 a.
491 3736 514 3782 8.
668 3736 763 3784 inarata
781 3738 847 3798 quod
862 3742 982 3797 repugnat
997 3737 1046 3798 legi
1062 3736 1186 3784 dautem.

144 3799 178 3848 2]
199 3799 351 3864 Mandu]
387 3797 555 3846 Satur-nalitus
582 3811 636 3847 mos
668 3806 724 3846 tore
741 3803 845 3853 mundo
866 3803 933 3860 latae,
954 3802 1006 3862 ipso
1025 3805 1087 3848 teste
1104 3799 1200 3859 Liuio...

113 3865 162 3912 rua
181 3867 269 3914 crebra
283 3863 397 3912 conuiuis
413 3862 514 3923 agitare,
533 3870 558 3912 et
580 3865 636 3911 mit-
669 3877 741 3926 supra
751 3880 773 3915 c.
785 3865 824 3914 ls.
856 3866 891 3915 At
905 3865 951 3914 hoc
967 3879 1032 3914 anno
1043 3865 1127 3926 conam
1138 3872 1186 3922 est,

114 3937 164 3977 tere
180 3932 229 3978 sibi
247 3931 354 3978 invicem
368 3939 448 3989 quum
464 3929 511 3975 slis
525 3941 637 3986 munera,
669 3943 697 3976 ac
708 3931 808 3990 proinde
819 3930 981 3992 dictatorlegl
990 3937 1078 3990 potest.

115 4001 173 4042 tam
186 3997 264 4044 etim
280 4005 370 4042 cereos·
403 3990 470 4045 Quin
486 3993 532 4053 ipsl
543 3995 637 4042 domim
693 3989 990 4058 '22'Semndam11’oatr
1009 4002 1037 4042 ut
1048 4007 1134 4044 sensus
1143 3993 1186 4050 sit,

115 4073 197 4108 mos
219 4071 277 4108 suot
303 4055 423 4106 eonvtvtu
450 4056 588 4106 liberalibus
612 4064 638 4105 et
669 4059 788 4121 quosdam
810 4073 863 4106 esse
882 4061 1003 4118 consules,
1023 4059 1112 4122 quibus
1133 4057 1187 4122 qui.

115 4125 221 4186 opiparis
238 4124 402 4185 acdpiebant,
417 4120 496 4181 litque
514 4123 637 4170 ministra-
670 4137 728 4172 uam
747 4124 907 4172 mocesserint
924 4124 1017 4172 monui
1035 4139 1085 4172 non
1102 4124 1186 4189 possit.

116 4189 183 4238 hant.
216 4188 353 4238 iteruin
373 4185 558 4236 celebrabantur
573 4201 595 4234 a.
613 4187 637 4236 d.
670 4185 974 4250 Possislegererecsndam
985 4189 1189 4256 qaomirequrr·

118 4251 190 4301 xlv.
208 4253 378 4302 mserum.
393 4263 422 4297 ac
438 4251 518 4310 primo
534 4265 584 4300 uno
599 4252 638 4300 die
670 4267 743 4302 nam:
766 4259 794 4300 ιιι
812 4253 933 4301 incertum
953 4253 986 4302 sit
1002 4255 1103 4320 quinam
1125 4265 1189 4316 pro·

119 4319 308 4368 ιδιοικιιιιιιιιι.
352 4319 482 4375 Augustus
500 4319 639 4366 castaldeo
671 4318 907 4381 summaquense
920 4319 1107 4382 mutiluerint.

120 4381 301 4448 *majoma
336 4379 640 4431 vlr.Mrcrob.1.1.sa·
938 4379 942 4388 '
