3032 4924
484 253 578 316 tta.
600 219 680 316 vn.
695 251 800 316 car.
820 255 871 315 vr.
1135 259 1194 320 sos

143 410 169 462 ’Ἰ
179 439 259 505 quos
276 417 410 484 Rufulos
423 432 545 497 vocant,
560 421 766 505 imperatores
788 418 849 505 ipsi
868 417 1036 494 faciebant)
1049 415 1233 486 ⁸'secun-t).
1244 437 1272 484 c.
1282 433 1338 484 utu

145 503 223 569 dum
237 505 270 569 in
286 527 342 570 sex
356 506 433 570 locis
452 507 564 586 tenuit,
579 505 674 571 nullis
696 506 784 571 domi
800 504 980 590 militiaeque
1003 502 1044 567 ad
1066 502 1233 571 conat-2¹-
1243 499 1270 549 ⁰·
1281 499 1338 549 ⁸⁵⁹·

145 591 259 655 audam
275 593 409 678 gratiam
426 592 560 668 mentia
583 607 619 656 ut
638 593 693 677 qui
715 613 788 656 rure
811 603 842 655 et
860 589 972 676 procul
991 602 1074 654 coetu
1094 591 1197 658 homi-

143 697 220 742 uum
222 691 394 826 parentam
408 679 530 768 egisset.

187 763 248 827 V.
272 761 393 828 Eodem
422 785 516 841 anno,
547 786 600 828 seu
629 775 719 828 motu
748 776 853 843 terre,
881 782 936 826 seu
965 783 1028 848 qua
1058 765 1088 828 vi
1125 764 1197 847 alia,

143 847 248 914 iorum
274 848 413 913 medium
436 848 533 912 ferme
558 871 653 935 specu
682 862 769 915 vasto
790 847 980 934 'conlapsum
1009 849 1043 912 in
1074 852 1197 916 inmen-
1299 917 1303 924 ,

144 956 210 998 sam
236 933 434 999 altitudinem
464 934 595 1001 dicitur:
626 956 727 1022 neque
750 957 818 1002 eam
845 935 1025 1018 voraginem
1054 939 1304 1023 conjectuvmgo
1314 955 1350 1001 tn·

143 1032 248 1097 terrae,
286 1043 361 1085 uum
385 1043 443 1106 pro
466 1043 499 1085 se
513 1021 643 1108 quisque
656 1033 791 1110 gereret,
806 1019 924 1106 expleri
947 1020 1268 1108 potuisseprtussvw·

144 1128 240 1191 quam
300 1107 374 1170 etim
396 1107 518 1172 monitu
570 1109 647 1173 uteri
674 1121 824 1194 coeptum,
848 1129 913 1192 quo
934 1106 1107 1191 plurimum
1138 1131 1196 1193 po·
1244 1113 1249 1121 ’

142 1191 238 1277 pulus
254 1193 418 1257 Romanus
439 1130 568 1279 possetl
602 1193 639 1260 ld
652 1197 736 1257 enim
759 1193 806 1256 illi
825 1191 895 1257 loco
913 1190 1096 1275 dicandum,
1112 1208 1198 1260 vates

144 1277 308 1355 canebant,
333 1279 359 1342 si
383 1278 609 1363 rempublicam
635 1279 812 1344 Romanam
858 1291 1019 1362 erpetuam
1046 1301 1112 1343 esse
1134 1280 1197 1344 vel-

144 1361 220 1430 lent.
265 1363 351 1429 Tum
375 1365 423 1429 M.
448 1365 603 1442 Curtium,
622 1366 772 1450 juvenem
798 1299 882 1428 bello
906 1362 1078 1451 egregium,
1105 1367 1338 1430 casti-luemus

144 1470 234 1536 gasse
248 1449 353 1516 lerunt
367 1451 555 1528 dubitantes,
570 1473 611 1515 an
627 1450 727 1515 ullum
742 1451 843 1536 magis
861 1449 1042 1514 Romanum
1066 1445 1348 1531 bonum„¹¹·curtim

144 1557 239 1622 quarn
254 1559 342 1601 arma
356 1537 525 1622 virtusque,
540 1550 629 1602 esset.
667 1535 800 1602 Silentio
814 1534 906 1612 facto,
923 1535 1040 1620 templa
1054 1535 1199 1604 Deorum
1206 1510 1317 1560 mmm

144 1622 371 1700 inmortalium,
387 1646 459 1708 quaa
473 1622 542 1686 foro
557 1622 720 1700 inmineat,
738 1620 994 1708 Capitoliumque
1012 1622 1197 1702 intuentem,

145 1721 176 1773 et
190 1729 303 1773 manus
321 1709 454 1773 nuncin
469 1707 595 1786 coelum,
613 1729 697 1772 nunc
712 1709 743 1771 in
760 1721 901 1792 patentes
922 1721 1017 1772 terrae
1038 1706 1142 1774 hiatus
1158 1711 1199 1775 ad

145 1793 234 1860 Deos
254 1793 368 1859 Manes
389 1796 612 1883 porrigentem,
628 1817 661 1858 se
674 1794 854 1859 devovisse:
877 1815 957 1882 equo
974 1792 1090 1860 deinde
1103 1818 1198 1882 quam

145 1893 269 1964 poterat
291 1881 431 1944 maxime
450 1895 604 1945 exornato
619 1879 816 1957 insidentem,
832 1893 987 1945 armatum
1014 1891 1048 1944 se'
1069 1882 1103 1945 io
1130 1905 1201 1966 spe-

144 1988 217 2030 cum
237 1967 401 2044 iomisisse,
419 1965 566 2053 donaque
586 1988 624 2030 ac
642 1965 747 2054 fruges
761 1987 855 2051 super
869 1988 941 2030 eum
961 1989 981 2030 a
999 1966 1201 2032 multitudine

145 2053 287 2117 virorum
311 2074 349 2116 ac
374 2052 540 2118 mulierum
565 2051 934 2138 congestes31acumque
960 2050 1119 2132 Curtium,
1134 2075 1199 2119 non

145 2139 186 2204 ab
219 2138 438 2223 antiquo'illo
463 2139 506 2204 T.
532 2137 619 2202 Tatii
649 2137 748 2201 milite
782 2137 897 2201 Curtio
927 2137 1044 2219 Metto,
1077 2139 1131 2204 sed
1160 2139 1202 2206 ab

146 2223 207 2289 boc
230 2223 434 2310 adpellatum.
479 2225 567 2289 Cura
590 2245 654 2287 noo
678 2223 808 2301 deesset,
829 2223 855 2287 si
877 2245 940 2309 qua
962 2223 1128 2288 adrerum
1151 2227 1203 2290 via

146 2312 355 2397 inquirentem
376 2313 489 2374 ferret:
512 2330 598 2374 nunc
616 2307 735 2372 ”lanta
760 2329 866 2372 rerum
891 2309 1037 2373 standum
1063 2321 1122 2386 est,
1146 2311 1202 2374 ubi

147 2409 264 2462 certam
299 2395 430 2484 derogat
458 2409 594 2460 vetustas
625 2393 728 2458 fidem.
754 2407 787 2459 et
817 2393 904 2458 lacus
929 2415 1046 2458 nomen
1076 2395 1118 2459 ab
1142 2395 1203 2461 hac
1255 2427 1259 2436 ·

148 2483 323 2548 recentiore
358 2482 536 2569 insignitius
571 2479 678 2546 sabula
716 2493 772 2545 est.
833 2479 908 2544 Post
944 2479 1024 2544 tanti
1067 2483 1202 2572 prodigii
1211 2497 1308 2544 usuum

147 2569 412 2654 procurationem,
442 2568 552 2633 eodem
588 2589 673 2631 anno
704 2567 743 2630 de
777 2565 929 2631 Hernicis
961 2564 1122 2631 consultus
1154 2573 1268 2634 sestum

148 2668 250 2731 natus,
278 2673 375 2740 quum
400 2653 525 2719 feciales
549 2651 590 2718 ad
618 2675 668 2717 res
692 2651 877 2737 repetendas
903 2651 1115 2738 nequidquam
1146 2625 1332 2718 ιιιί-Ηεπηιείι

148 2743 243 2816 sisset,
265 2741 370 2825 primo
391 2761 519 2842 quoque
543 2739 595 2804 die
619 2737 784 2804 serendum
811 2737 850 2802 ad
876 2739 1030 2822 populum
1055 2737 1097 2804 de
1121 2739 1206 2805 bello

149 2827 318 2892 indicendo
340 2825 488 2891 Hernicis
502 2825 640 2900 censuit;
662 2823 860 2911 populusque
873 2823 906 2887 id
921 2823 1039 2888 bellum
1059 2823 1205 2911 frequens

146 2912 250 2998 jussit.
305 2911 343 2976 L.
371 2912 516 2977 Genucio
545 2911 666 2976 consuli
702 2934 739 2974 ea
774 2910 937 2996 provincia
973 2922 1056 2974 sorte
1091 2911 1205 2978 evenit.

150 2999 188 3064 lu
211 2999 443 3084 exspectatione
464 2997 572 3063 civitas
595 3011 674 3076 erat,
699 2997 784 3084 quod
813 2997 933 3082 primus
957 2994 1010 3060 ille
1042 2996 1082 3062 de
1114 2999 1207 3084 plebe

151 3085 259 3150 consul
287 3084 403 3149 bellurn
434 3085 497 3148 suis
525 3083 670 3168 auspiciis
704 3095 850 3170 gesturus
878 3095 976 3160 esset;
1007 3083 1139 3167 perinde
1171 3097 1206 3149 ut

149 3171 288 3234 eveniret
311 3191 370 3244 res,
392 3170 437 3234 ita
455 3169 702 3234 communicatos
723 3167 860 3233 honores
879 3191 939 3254 pro
953 3168 1034 3234 bene
1048 3183 1104 3234 aut
1117 3192 1206 3235 secus

150 3255 295 3321 consulto
323 3255 481 3320 habitura.
537 3255 632 3320 Forte
660 3254 705 3317 ita
729 3253 801 3324 tulit
832 3276 932 3331 casus,
966 3267 1001 3318 ut
1031 3257 1336 3334 Genuciusffimdu.

149 3342 191 3408 ad
213 3341 318 3406 hostes
341 3363 458 3422 magno
480 3353 594 3407 conatu
618 3337 787 3424 profectus,
812 3339 845 3402 io
870 3339 998 3404 insidias
1026 3343 1341 3428 praecipita-mntem

151 3425 232 3508 ret'3
263 3426 440 3515 legionibus
463 3428 652 3512 necopinato
679 3443 796 3510 pavore
818 3423 903 3501 fusis,
933 3427 1042 3490 consul
1071 3421 1286 3494 circum-⁸²¹¹*

491 3571 503 3610 f
514 3579 700 3641 precipitaretur
710 3579 786 3627 Gron.
794 3579 863 3626 Crer.

181 3709 215 3759 ut
232 3710 293 3767 Quo
317 3711 424 3771 Mulae
446 3710 537 3773 mount]
559 3711 663 3767 aurun,
694 3711 732 3756 nir
750 3711 856 3756 militurn
868 3721 929 3768 opus
939 3713 996 3754 erat.
1030 3708 1077 3755 Sed
1095 3723 1138 3770 per
1155 3711 1206 3759 huo

151 3773 299 3836 alvellafull
312 3776 490 3836 appellabantur,
508 3776 587 3836 iuquit
606 3775 662 3821 ttss-
694 3780 803 3834 tempura
823 3775 950 3820 dictatores
970 3778 996 3817 et
1016 3775 1134 3828 consules,
1153 3787 1206 3835 par.

154 3843 204 3894 tua,
227 3833 314 3886 tratum
336 3839 437 3886 miiitum
451 3855 466 3886 a
487 3841 575 3887 murale
589 3838 661 3900 sacti,
693 3851 767 3897 quarn
783 3838 866 3898 pauci·
884 3837 998 3897 auflhgio
1017 3839 1099 3898 populi
1116 3841 1206 3886 relictis

152 3903 355 4028 pm
371 3901 663 4028 t'fflffl'ttt?
694 3902 1058 4012 bflz’slssillx'ulob‘n‘fflfi
1078 3903 1206 3961 ‘m'

655 3999 662 4020 ι
834 3996 843 4022 r
897 3997 904 4011 ·

152 4042 180 4074 ω
191 4035 245 4092 psa
255 4030 350 4090 netur,
360 4031 410 4078 ase
426 4032 506 4092 mum
524 3999 611 4088 autur,
622 4044 662 4090 ap.
726 4029 759 4076 aa
775 4029 850 4076 ram
862 4041 940 4074 reram
956 4031 1063 4078 aarum
1076 4028 1128 4095 oq·
1138 4031 1215 4094 oum

148 4094 230 4152 pellotl
241 4100 301 4142 rant.
319 4095 372 4142 Atta
388 4096 570 4152 suntmmttiutt,
584 4095 663 4154 inquit
688 4093 770 4156 some.
804 4093 914 4152 Sigonius
933 4096 1056 4141 emendari
1070 4091 1154 4155 jussit,
1172 4097 1206 4143 ci·

153 4155 208 4205 Are.
226 4159 252 4206 in
264 4159 347 4206 Diria.
365 4161 404 4220 qut
420 4158 501 4206 Itornoe
516 4160 614 4206 comitib
627 4157 664 4206 de·
695 4171 742 4218 que
755 4157 837 4204 favent
847 4164 950 4216 quatuor
960 4171 974 4202 e
985 4161 1072 4206 nostris
1082 4163 1151 4208 codd.
1162 4174 1206 4208 an·

152 4223 285 4282 muctar.
696 4221 835 4282 tiquisstmt,
846 4228 874 4268 ut
887 4227 911 4265 et
929 4234 986 4268 urus
994 4221 1073 4270 Latini
1081 4225 1206 4272 sennonte-

185 4285 217 4332 88
233 4287 363 4334 Semurium
382 4289 406 4334 ia
423 4301 461 4334 rer
471 4286 537 4349 ocu]
555 4287 579 4334 Si
591 4285 663 4347 legio-
697 4285 735 4332 Sic
747 4293 827 4332 noster
837 4285 898 4330 inus
910 4283 928 4331 l.
940 4283 1013 4334 vrit.
1024 4293 1147 4336 extremos
1163 4301 1208 4349 qao

152 4361 194 4395 ncs
210 4360 322 4412 quatuor,
341 4361 367 4398 ut
384 4353 458 4398 moris
474 4358 534 4407 erat,
545 4353 590 4398 hoc
600 4365 664 4397 anno
695 4351 753 4396 rotis
762 4355 822 4396 orto
831 4353 921 4396 rudore
934 4352 1016 4399 otetur.

154 4415 247 4477 tripu
257 4425 325 4474 tunt,
336 4423 438 4478 quatuor
453 4423 477 4462 et
492 4415 577 4476 uiginti
588 4415 663 4461 tribu·

728 4476 822 4542 ntis
