<?xml version="1.0" encoding="UTF-8"?>
<!DOCTYPE html PUBLIC "-//W3C//DTD XHTML 1.0 Transitional//EN"
    "http://www.w3.org/TR/xhtml1/DTD/xhtml1-transitional.dtd">
<html xmlns="http://www.w3.org/1999/xhtml" xml:lang="en" lang="en">
 <head>
  <title>
</title>
<meta http-equiv="Content-Type" content="text/html;charset=utf-8" />
  <meta name='ocr-system' content='tesseract 3.04.00' />
  <meta name='ocr-capabilities' content='ocr_page ocr_carea ocr_par ocr_line ocrx_word'/>
</head>
<body>
  <div class='ocr_page' id='page_1' title='image "./tliviipatavinih02crevgoog_0265.png"; bbox 0 0 3008 4908; ppageno 0'>
   <div class='ocr_carea' id='block_1_1' title="bbox 330 219 995 284">
    <p class='ocr_par' dir='ltr' id='par_1_1' title="bbox 330 219 995 284">
     <span class='ocr_line' id='line_1_1' title="bbox 330 219 995 284; baseline -0.003 -4"><span class='ocrx_word' id='word_1_1' title='bbox 330 225 387 280; x_wconf 76' lang='lat'><strong>258</strong></span> <span class='ocrx_word' id='word_1_2' title='bbox 721 219 832 284; x_wconf 78' lang='lat' dir='ltr'><strong>TlTl</strong></span> <span class='ocrx_word' id='word_1_3' title='bbox 860 219 995 280; x_wconf 84' lang='lat' dir='ltr'><strong>LlVll</strong></span> 
     </span>
    </p>
   </div>
   <div class='ocr_carea' id='block_1_2' title="bbox 167 381 1397 3064">
    <p class='ocr_par' dir='ltr' id='par_1_2' title="bbox 169 381 1396 642">
     <span class='ocr_line' id='line_1_2' title="bbox 170 381 1396 468; baseline 0.006 -25"><span class='ocrx_word' id='word_1_4' title='bbox 170 393 200 441; x_wconf 82' lang='lat' dir='ltr'><strong>u.</strong></span> <span class='ocrx_word' id='word_1_5' title='bbox 213 396 307 449; x_wconf 71' lang='lat' dir='ltr'><strong>aaut.</strong></span> <span class='ocrx_word' id='word_1_6' title='bbox 330 383 436 448; x_wconf 84' lang='lat' dir='ltr'><strong>hostes</strong></span> <span class='ocrx_word' id='word_1_7' title='bbox 455 385 608 468; x_wconf 82' lang='lat' dir='ltr'><strong>pervenit.</strong></span> <span class='ocrx_word' id='word_1_8' title='bbox 655 383 744 450; x_wconf 88' lang='lat' dir='ltr'><strong>Sicut</strong></span> <span class='ocrx_word' id='word_1_9' title='bbox 765 383 842 450; x_wconf 84' lang='lat' dir='ltr'><strong>bina</strong></span> <span class='ocrx_word' id='word_1_10' title='bbox 862 396 966 448; x_wconf 86' lang='lat' dir='ltr'><strong>castra</strong></span> <span class='ocrx_word' id='word_1_11' title='bbox 986 381 1135 458; x_wconf 81' lang='lat' dir='ltr'><strong>bostium,</strong></span> <span class='ocrx_word' id='word_1_12' title='bbox 1151 404 1250 467; x_wconf 76' lang='lat' dir='ltr'><strong>parvo</strong></span> <span class='ocrx_word' id='word_1_13' title='bbox 1264 384 1347 450; x_wconf 78' lang='lat' dir='ltr'><strong>inter</strong></span> <span class='ocrx_word' id='word_1_14' title='bbox 1361 408 1396 450; x_wconf 84' lang='lat' dir='ltr'><strong>ae</strong></span> 
     </span>
     <span class='ocr_line' id='line_1_3' title="bbox 169 459 1395 557; baseline 0.001 -22"><span class='ocrx_word' id='word_1_15' title='bbox 169 459 199 508; x_wconf 44' lang='grc' dir='ltr'><strong>ὁ</strong></span> <span class='ocrx_word' id='word_1_16' title='bbox 212 461 239 508; x_wconf 67' lang='lat'><strong>⁰*</strong></span> <span class='ocrx_word' id='word_1_17' title='bbox 251 461 307 514; x_wconf 78' lang='lat'><strong>⁴²⁸·</strong></span> <span class='ocrx_word' id='word_1_18' title='bbox 330 469 433 555; x_wconf 84' lang='lat' dir='ltr'><strong>spatio</strong></span> <span class='ocrx_word' id='word_1_19' title='bbox 447 471 606 550; x_wconf 77' lang='lat' dir='ltr'><strong>distantia,</strong></span> <span class='ocrx_word' id='word_1_20' title='bbox 621 470 774 548; x_wconf 84' lang='lat' dir='ltr'><strong>viderant,</strong></span> <span class='ocrx_word' id='word_1_21' title='bbox 791 468 852 555; x_wconf 85' lang='lat' dir='ltr'><strong>ipsi</strong></span> <span class='ocrx_word' id='word_1_22' title='bbox 866 491 992 557; x_wconf 90' lang='lat' dir='ltr'><strong>quoque</strong></span> <span class='ocrx_word' id='word_1_23' title='bbox 1007 468 1093 534; x_wconf 90' lang='lat' dir='ltr'><strong>mille</strong></span> <span class='ocrx_word' id='word_1_24' title='bbox 1113 468 1212 536; x_wconf 83' lang='lat' dir='ltr'><strong>ferme</strong></span> <span class='ocrx_word' id='word_1_25' title='bbox 1225 489 1337 556; x_wconf 76' lang='lat' dir='ltr'><strong>passus</strong></span> <span class='ocrx_word' id='word_1_26' title='bbox 1351 473 1395 539; x_wconf 84' lang='lat' dir='ltr'><strong>ab</strong></span> 
     </span>
     <span class='ocr_line' id='line_1_4' title="bbox 330 555 1393 642; baseline 0 -20"><span class='ocrx_word' id='word_1_27' title='bbox 330 556 430 634; x_wconf 84' lang='lat' dir='ltr'><strong>hoste,</strong></span> <span class='ocrx_word' id='word_1_28' title='bbox 446 557 745 634; x_wconf 72' lang='lat' dir='ltr'><strong>dictat01·‚Tusculo,</strong></span> <span class='ocrx_word' id='word_1_29' title='bbox 761 556 871 621; x_wconf 86' lang='lat' dir='ltr'><strong>consul</strong></span> <span class='ocrx_word' id='word_1_30' title='bbox 884 557 911 596; x_wconf 55' lang='grc' dir='ltr'><strong><em>Ν</em></strong></span> <span class='ocrx_word' id='word_1_31' title='bbox 921 555 1077 633; x_wconf 88' lang='lat' dir='ltr'><strong>Lanuvio,</strong></span> <span class='ocrx_word' id='word_1_32' title='bbox 1089 557 1271 642; x_wconf 83' lang='lat' dir='ltr'><strong>propiorem</strong></span> <span class='ocrx_word' id='word_1_33' title='bbox 1288 557 1393 622; x_wconf 87' lang='lat' dir='ltr'><strong>locum</strong></span> 
     </span>
    </p>

    <p class='ocr_par' dir='ltr' id='par_1_3' title="bbox 330 641 1396 730">
     <span class='ocr_line' id='line_1_5' title="bbox 330 641 1396 730; baseline 0 -22"><span class='ocrx_word' id='word_1_34' title='bbox 330 642 440 710; x_wconf 83' lang='lat' dir='ltr'><strong>castris</strong></span> <span class='ocrx_word' id='word_1_35' title='bbox 454 657 618 728; x_wconf 85' lang='lat' dir='ltr'><strong>ceperunt.</strong></span> <span class='ocrx_word' id='word_1_36' title='bbox 663 643 713 708; x_wconf 87' lang='lat' dir='ltr'><strong>Ita</strong></span> <span class='ocrx_word' id='word_1_37' title='bbox 728 655 864 730; x_wconf 86' lang='lat' dir='ltr'><strong>quatuor</strong></span> <span class='ocrx_word' id='word_1_38' title='bbox 873 642 1040 723; x_wconf 84' lang='lat' dir='ltr'><strong>exercitus,</strong></span> <span class='ocrx_word' id='word_1_39' title='bbox 1050 641 1184 707; x_wconf 86' lang='lat' dir='ltr'><strong>totidem</strong></span> <span class='ocrx_word' id='word_1_40' title='bbox 1199 643 1396 710; x_wconf 87' lang='lat' dir='ltr'><strong>munimenta</strong></span> 
     </span>
    </p>

    <p class='ocr_par' dir='ltr' id='par_1_4' title="bbox 352 727 1396 816">
     <span class='ocr_line' id='line_1_6' title="bbox 352 727 1396 816; baseline 0.003 -22"><span class='ocrx_word' id='word_1_41' title='bbox 352 729 492 796; x_wconf 71' lang='lat' dir='ltr'><strong>lautitiam</strong></span> <span class='ocrx_word' id='word_1_42' title='bbox 508 731 541 794; x_wconf 90' lang='lat' dir='ltr'><strong>in</strong></span> <span class='ocrx_word' id='word_1_43' title='bbox 557 729 671 807; x_wconf 88' lang='lat' dir='ltr'><strong>medio,</strong></span> <span class='ocrx_word' id='word_1_44' title='bbox 688 751 753 794; x_wconf 92' lang='lat' dir='ltr'><strong>non</strong></span> <span class='ocrx_word' id='word_1_45' title='bbox 767 730 873 814; x_wconf 83' lang='lat' dir='ltr'><strong>parvis</strong></span> <span class='ocrx_word' id='word_1_46' title='bbox 884 727 980 794; x_wconf 88' lang='lat' dir='ltr'><strong>modo</strong></span> <span class='ocrx_word' id='word_1_47' title='bbox 994 728 1236 794; x_wconf 84' lang='lat' dir='ltr'><strong>excursionibus</strong></span> <span class='ocrx_word' id='word_1_48' title='bbox 1249 729 1289 794; x_wconf 90' lang='lat' dir='ltr'><strong>ad</strong></span> <span class='ocrx_word' id='word_1_49' title='bbox 1305 751 1396 816; x_wconf 88' lang='lat' dir='ltr'><strong>proe-</strong></span> 
     </span>
    </p>

    <p class='ocr_par' dir='ltr' id='par_1_5' title="bbox 329 751 1397 1075">
     <span class='ocr_line' id='line_1_7' title="bbox 330 751 1395 902; baseline 0 -22"><span class='ocrx_word' id='word_1_50' title='bbox 330 751 383 893; x_wconf 87' lang='lat' dir='ltr'><strong>lia,</strong></span> <span class='ocrx_word' id='word_1_51' title='bbox 403 817 460 880; x_wconf 86' lang='lat' dir='ltr'><strong>sed</strong></span> <span class='ocrx_word' id='word_1_52' title='bbox 482 817 531 882; x_wconf 86' lang='lat' dir='ltr'><strong>vel</strong></span> <span class='ocrx_word' id='word_1_53' title='bbox 551 816 593 883; x_wconf 87' lang='lat' dir='ltr'><strong>ad</strong></span> <span class='ocrx_word' id='word_1_54' title='bbox 615 816 819 902; x_wconf 84' lang='lat' dir='ltr'><strong>explicandas</strong></span> <span class='ocrx_word' id='word_1_55' title='bbox 841 815 1002 901; x_wconf 82' lang='lat' dir='ltr'><strong>utrimque</strong></span> <span class='ocrx_word' id='word_1_56' title='bbox 1022 817 1105 880; x_wconf 80' lang='lat' dir='ltr'><strong>acies</strong></span> <span class='ocrx_word' id='word_1_57' title='bbox 1124 815 1199 882; x_wconf 82' lang='lat' dir='ltr'><strong>satis</strong></span> <span class='ocrx_word' id='word_1_58' title='bbox 1218 830 1395 901; x_wconf 84' lang='lat' dir='ltr'><strong>patentem,</strong></span> 
     </span>
     <span class='ocr_line' id='line_1_8' title="bbox 329 899 1394 990; baseline 0.006 -26"><span class='ocrx_word' id='word_1_59' title='bbox 329 899 501 968; x_wconf 76' lang='lat' dir='ltr'><strong>habebant.</strong></span> <span class='ocrx_word' id='word_1_60' title='bbox 524 925 594 981; x_wconf 86' lang='lat' dir='ltr'><strong>nec,</strong></span> <span class='ocrx_word' id='word_1_61' title='bbox 610 925 650 968; x_wconf 83' lang='lat' dir='ltr'><strong>ex</strong></span> <span class='ocrx_word' id='word_1_62' title='bbox 665 923 731 990; x_wconf 91' lang='lat' dir='ltr'><strong>quo</strong></span> <span class='ocrx_word' id='word_1_63' title='bbox 746 902 856 966; x_wconf 82' lang='lat' dir='ltr'><strong>castris</strong></span> <span class='ocrx_word' id='word_1_64' title='bbox 870 917 973 968; x_wconf 84' lang='lat' dir='ltr'><strong>castra</strong></span> <span class='ocrx_word' id='word_1_65' title='bbox 992 900 1117 966; x_wconf 89' lang='lat' dir='ltr'><strong>conlata</strong></span> <span class='ocrx_word' id='word_1_66' title='bbox 1137 913 1222 984; x_wconf 87' lang='lat' dir='ltr'><strong>sunt,</strong></span> <span class='ocrx_word' id='word_1_67' title='bbox 1237 917 1394 970; x_wconf 65' lang='lat' dir='ltr'><strong>cesanum</strong></span> 
     </span>
     <span class='ocr_line' id='line_1_9' title="bbox 331 985 1397 1075; baseline 0.002 -23"><span class='ocrx_word' id='word_1_68' title='bbox 331 987 485 1055; x_wconf 86' lang='lat' dir='ltr'><strong>alevlbus</strong></span> <span class='ocrx_word' id='word_1_69' title='bbox 506 989 631 1075; x_wconf 83' lang='lat' dir='ltr'><strong>proeliis</strong></span> <span class='ocrx_word' id='word_1_70' title='bbox 651 1003 715 1066; x_wconf 66' lang='grc' dir='ltr'><strong>θεῖς</strong></span> <span class='ocrx_word' id='word_1_71' title='bbox 745 987 834 1055; x_wconf 81' lang='lat' dir='ltr'><strong>facile</strong></span> <span class='ocrx_word' id='word_1_72' title='bbox 859 985 997 1074; x_wconf 84' lang='lat' dir='ltr'><strong>patiente</strong></span> <span class='ocrx_word' id='word_1_73' title='bbox 1021 987 1185 1065; x_wconf 76' lang='lat' dir='ltr'><strong>dictatore,</strong></span> <span class='ocrx_word' id='word_1_74' title='bbox 1200 987 1397 1061; x_wconf 71' lang='lat' dir='ltr'><strong>conserando</strong></span> 
     </span>
    </p>

    <p class='ocr_par' dir='ltr' id='par_1_6' title="bbox 167 1073 1396 1509">
     <span class='ocr_line' id='line_1_10' title="bbox 331 1073 1396 1162; baseline 0.003 -25"><span class='ocrx_word' id='word_1_75' title='bbox 331 1076 413 1140; x_wconf 79' lang='lat' dir='ltr'><strong>cirea</strong></span> <span class='ocrx_word' id='word_1_76' title='bbox 435 1097 522 1162; x_wconf 83' lang='lat' dir='ltr'><strong>spent</strong></span> <span class='ocrx_word' id='word_1_77' title='bbox 546 1077 699 1142; x_wconf 79' lang='lat' dir='ltr'><strong>universae</strong></span> <span class='ocrx_word' id='word_1_78' title='bbox 714 1076 867 1153; x_wconf 74' lang='lat' dir='ltr'><strong>victoriae,</strong></span> <span class='ocrx_word' id='word_1_79' title='bbox 884 1085 1004 1140; x_wconf 84' lang='lat' dir='ltr'><strong>tentato</strong></span> <span class='ocrx_word' id='word_1_80' title='bbox 1018 1073 1182 1160; x_wconf 73' lang='lat' dir='ltr'><strong>paullatim</strong></span> <span class='ocrx_word' id='word_1_81' title='bbox 1196 1089 1311 1144; x_wconf 86' lang='lat' dir='ltr'><strong>eventu</strong></span> <span class='ocrx_word' id='word_1_82' title='bbox 1326 1098 1396 1142; x_wconf 86' lang='lat' dir='ltr'><strong>cer-</strong></span> 
     </span>
     <span class='ocr_line' id='line_1_11' title="bbox 329 1159 1396 1250; baseline 0.002 -24"><span class='ocrx_word' id='word_1_83' title='bbox 329 1161 496 1241; x_wconf 86' lang='lat' dir='ltr'><strong>taminum,</strong></span> <span class='ocrx_word' id='word_1_84' title='bbox 513 1186 585 1228; x_wconf 86' lang='lat' dir='ltr'><strong>suos</strong></span> <span class='ocrx_word' id='word_1_85' title='bbox 598 1163 784 1250; x_wconf 73' lang='lat' dir='ltr'><strong>praecipere.</strong></span> <span class='ocrx_word' id='word_1_86' title='bbox 830 1161 942 1247; x_wconf 83' lang='lat' dir='ltr'><strong>ltaque</strong></span> <span class='ocrx_word' id='word_1_87' title='bbox 962 1159 1078 1239; x_wconf 81' lang='lat' dir='ltr'><strong>hostes,</strong></span> <span class='ocrx_word' id='word_1_88' title='bbox 1094 1161 1182 1226; x_wconf 89' lang='lat' dir='ltr'><strong>nulla</strong></span> <span class='ocrx_word' id='word_1_89' title='bbox 1196 1161 1261 1224; x_wconf 87' lang='lat' dir='ltr'><strong>⁴⁰in</strong></span> <span class='ocrx_word' id='word_1_90' title='bbox 1278 1161 1396 1247; x_wconf 88' lang='lat' dir='ltr'><strong>proelio</strong></span> 
     </span>
     <span class='ocr_line' id='line_1_12' title="bbox 169 1247 1395 1335; baseline -0.002 -19"><span class='ocrx_word' id='word_1_91' title='bbox 169 1255 315 1334; x_wconf 56' lang='lat' dir='ltr'><strong>oupugnsu</strong></span> <span class='ocrx_word' id='word_1_92' title='bbox 324 1249 413 1334; x_wconf 81' lang='lat' dir='ltr'><strong>justo</strong></span> <span class='ocrx_word' id='word_1_93' title='bbox 427 1248 537 1314; x_wconf 87' lang='lat' dir='ltr'><strong>relicta</strong></span> <span class='ocrx_word' id='word_1_94' title='bbox 554 1272 620 1335; x_wconf 86' lang='lat' dir='ltr'><strong>spa,</strong></span> <span class='ocrx_word' id='word_1_95' title='bbox 635 1261 731 1315; x_wconf 85' lang='lat' dir='ltr'><strong>noctu</strong></span> <span class='ocrx_word' id='word_1_96' title='bbox 747 1248 851 1314; x_wconf 86' lang='lat' dir='ltr'><strong>adorti</strong></span> <span class='ocrx_word' id='word_1_97' title='bbox 871 1263 971 1314; x_wconf 87' lang='lat' dir='ltr'><strong>castra</strong></span> <span class='ocrx_word' id='word_1_98' title='bbox 993 1247 1142 1327; x_wconf 84' lang='lat' dir='ltr'><strong>consulis,</strong></span> <span class='ocrx_word' id='word_1_99' title='bbox 1154 1269 1221 1314; x_wconf 83' lang='lat' dir='ltr'><strong>tem</strong></span> <span class='ocrx_word' id='word_1_100' title='bbox 1235 1249 1269 1312; x_wconf 89' lang='lat' dir='ltr'><strong>in</strong></span> <span class='ocrx_word' id='word_1_101' title='bbox 1283 1269 1395 1314; x_wconf 86' lang='lat' dir='ltr'><strong>casum</strong></span> 
     </span>
     <span class='ocr_line' id='line_1_13' title="bbox 167 1323 1393 1435; baseline 0.002 -32"><span class='ocrx_word' id='word_1_102' title='bbox 167 1323 274 1435; x_wconf 56' lang='lat' dir='ltr'><strong>{ffih&#39;</strong></span> <span class='ocrx_word' id='word_1_103' title='bbox 330 1335 476 1422; x_wconf 83' lang='lat' dir='ltr'><strong>ancipitis</strong></span> <span class='ocrx_word' id='word_1_104' title='bbox 498 1351 627 1402; x_wconf 80' lang='lat' dir='ltr'><strong>eventus</strong></span> <span class='ocrx_word' id='word_1_105' title='bbox 653 1337 868 1400; x_wconf 88' lang='lat' dir='ltr'><strong>committunt.</strong></span> <span class='ocrx_word' id='word_1_106' title='bbox 913 1333 1043 1399; x_wconf 85' lang='lat' dir='ltr'><strong>Clamor</strong></span> <span class='ocrx_word' id='word_1_107' title='bbox 1068 1335 1174 1400; x_wconf 85' lang='lat' dir='ltr'><strong>subito</strong></span> <span class='ocrx_word' id='word_1_108' title='bbox 1198 1347 1299 1415; x_wconf 89' lang='lat' dir='ltr'><strong>ortus,</strong></span> <span class='ocrx_word' id='word_1_109' title='bbox 1326 1357 1393 1405; x_wconf 83' lang='lat' dir='ltr'><strong>nou</strong></span> 
     </span>
     <span class='ocr_line' id='line_1_14' title="bbox 331 1419 1395 1509; baseline 0 -21"><span class='ocrx_word' id='word_1_110' title='bbox 331 1422 469 1488; x_wconf 88' lang='lat' dir='ltr'><strong>consulis</strong></span> <span class='ocrx_word' id='word_1_111' title='bbox 490 1423 586 1487; x_wconf 86' lang='lat' dir='ltr'><strong>modo</strong></span> <span class='ocrx_word' id='word_1_112' title='bbox 600 1421 720 1509; x_wconf 82' lang='lat' dir='ltr'><strong>vigiles,</strong></span> <span class='ocrx_word' id='word_1_113' title='bbox 736 1423 910 1488; x_wconf 85' lang='lat' dir='ltr'><strong>exercitum</strong></span> <span class='ocrx_word' id='word_1_114' title='bbox 932 1419 1048 1485; x_wconf 89' lang='lat' dir='ltr'><strong>deinde</strong></span> <span class='ocrx_word' id='word_1_115' title='bbox 1068 1442 1206 1500; x_wconf 87' lang='lat' dir='ltr'><strong>omnem,</strong></span> <span class='ocrx_word' id='word_1_116' title='bbox 1222 1421 1276 1486; x_wconf 87' lang='lat' dir='ltr'><strong>sed</strong></span> <span class='ocrx_word' id='word_1_117' title='bbox 1292 1421 1395 1490; x_wconf 83' lang='lat' dir='ltr'><strong>‹licta-</strong></span> 
     </span>
    </p>

    <p class='ocr_par' dir='ltr' id='par_1_7' title="bbox 327 1505 1395 1683">
     <span class='ocr_line' id='line_1_15' title="bbox 329 1505 1395 1596; baseline 0.002 -22"><span class='ocrx_word' id='word_1_118' title='bbox 329 1522 430 1574; x_wconf 88' lang='lat' dir='ltr'><strong>torem</strong></span> <span class='ocrx_word' id='word_1_119' title='bbox 453 1531 579 1596; x_wconf 90' lang='lat' dir='ltr'><strong>quoque</strong></span> <span class='ocrx_word' id='word_1_120' title='bbox 600 1531 642 1574; x_wconf 88' lang='lat' dir='ltr'><strong>ex</strong></span> <span class='ocrx_word' id='word_1_121' title='bbox 669 1529 781 1574; x_wconf 86' lang='lat' dir='ltr'><strong>somno</strong></span> <span class='ocrx_word' id='word_1_122' title='bbox 806 1506 934 1572; x_wconf 85' lang='lat' dir='ltr'><strong>excivit.</strong></span> <span class='ocrx_word' id='word_1_123' title='bbox 991 1505 1057 1572; x_wconf 89' lang='lat' dir='ltr'><strong>Ubi</strong></span> <span class='ocrx_word' id='word_1_124' title='bbox 1083 1509 1231 1591; x_wconf 81' lang='lat' dir='ltr'><strong>praesenti</strong></span> <span class='ocrx_word' id='word_1_125' title='bbox 1255 1529 1319 1593; x_wconf 87' lang='lat' dir='ltr'><strong>ope</strong></span> <span class='ocrx_word' id='word_1_126' title='bbox 1343 1531 1395 1576; x_wconf 82' lang='lat' dir='ltr'><strong>res</strong></span> 
     </span>
     <span class='ocr_line' id='line_1_16' title="bbox 327 1591 1395 1683; baseline 0.001 -24"><span class='ocrx_word' id='word_1_127' title='bbox 327 1597 475 1683; x_wconf 79' lang='lat' dir='ltr'><strong>egebant,</strong></span> <span class='ocrx_word' id='word_1_128' title='bbox 490 1594 600 1662; x_wconf 86' lang='lat' dir='ltr'><strong>consul</strong></span> <span class='ocrx_word' id='word_1_129' title='bbox 621 1617 681 1660; x_wconf 87' lang='lat' dir='ltr'><strong>nec</strong></span> <span class='ocrx_word' id='word_1_130' title='bbox 702 1594 809 1660; x_wconf 87' lang='lat' dir='ltr'><strong>animo</strong></span> <span class='ocrx_word' id='word_1_131' title='bbox 832 1591 975 1674; x_wconf 85' lang='lat' dir='ltr'><strong>defecit⁰,</strong></span> <span class='ocrx_word' id='word_1_132' title='bbox 989 1614 1049 1658; x_wconf 90' lang='lat' dir='ltr'><strong>nec</strong></span> <span class='ocrx_word' id='word_1_133' title='bbox 1069 1593 1219 1658; x_wconf 84' lang='lat' dir='ltr'><strong>consilio:</strong></span> <span class='ocrx_word' id='word_1_134' title='bbox 1266 1615 1318 1660; x_wconf 85' lang='lat' dir='ltr'><strong>era</strong></span> <span class='ocrx_word' id='word_1_135' title='bbox 1335 1596 1395 1660; x_wconf 89' lang='lat' dir='ltr'><strong>mi·</strong></span> 
     </span>
    </p>

    <p class='ocr_par' dir='ltr' id='par_1_8' title="bbox 327 1617 1394 1768">
     <span class='ocr_line' id='line_1_17' title="bbox 327 1617 1394 1768; baseline 0.001 -23"><span class='ocrx_word' id='word_1_136' title='bbox 327 1681 418 1746; x_wconf 86' lang='lat' dir='ltr'><strong>litum</strong></span> <span class='ocrx_word' id='word_1_137' title='bbox 440 1693 605 1768; x_wconf 85' lang='lat' dir='ltr'><strong>porterum</strong></span> <span class='ocrx_word' id='word_1_138' title='bbox 630 1681 780 1746; x_wconf 84' lang='lat' dir='ltr'><strong>stationes</strong></span> <span class='ocrx_word' id='word_1_139' title='bbox 801 1678 946 1744; x_wconf 85' lang='lat' dir='ltr'><strong>firmant:</strong></span> <span class='ocrx_word' id='word_1_140' title='bbox 969 1701 1043 1765; x_wconf 83' lang='lat' dir='ltr'><strong>pars</strong></span> <span class='ocrx_word' id='word_1_141' title='bbox 1056 1701 1177 1747; x_wconf 82' lang='lat' dir='ltr'><strong>corona</strong></span> <span class='ocrx_word' id='word_1_142' title='bbox 1190 1617 1309 1746; x_wconf 75' lang='lat' dir='ltr'><strong>valliam</strong></span> <span class='ocrx_word' id='word_1_143' title='bbox 1325 1682 1394 1746; x_wconf 91' lang='lat' dir='ltr'><strong>cin·</strong></span> 
     </span>
    </p>

    <p class='ocr_par' dir='ltr' id='par_1_9' title="bbox 326 1766 1394 1855">
     <span class='ocr_line' id='line_1_18' title="bbox 326 1766 1394 1855; baseline 0.003 -24"><span class='ocrx_word' id='word_1_144' title='bbox 326 1777 420 1855; x_wconf 79' lang='lat' dir='ltr'><strong>gunt.</strong></span> <span class='ocrx_word' id='word_1_145' title='bbox 464 1767 502 1832; x_wconf 92' lang='lat' dir='ltr'><strong>ln</strong></span> <span class='ocrx_word' id='word_1_146' title='bbox 517 1766 623 1832; x_wconf 86' lang='lat' dir='ltr'><strong>alteris</strong></span> <span class='ocrx_word' id='word_1_147' title='bbox 637 1766 722 1852; x_wconf 85' lang='lat' dir='ltr'><strong>apud</strong></span> <span class='ocrx_word' id='word_1_148' title='bbox 736 1767 923 1834; x_wconf 85' lang='lat' dir='ltr'><strong>dictatorem</strong></span> <span class='ocrx_word' id='word_1_149' title='bbox 939 1767 1060 1843; x_wconf 82' lang='lat' dir='ltr'><strong>castris,</strong></span> <span class='ocrx_word' id='word_1_150' title='bbox 1076 1787 1141 1852; x_wconf 93' lang='lat' dir='ltr'><strong>quo</strong></span> <span class='ocrx_word' id='word_1_151' title='bbox 1155 1768 1260 1832; x_wconf 87' lang='lat' dir='ltr'><strong>minus</strong></span> <span class='ocrx_word' id='word_1_152' title='bbox 1274 1769 1394 1834; x_wconf 88' lang='lat' dir='ltr'><strong>tumul·</strong></span> 
     </span>
    </p>

    <p class='ocr_par' dir='ltr' id='par_1_10' title="bbox 327 1851 1393 2030">
     <span class='ocr_line' id='line_1_19' title="bbox 327 1851 1393 1938; baseline 0.002 -20"><span class='ocrx_word' id='word_1_153' title='bbox 327 1866 450 1932; x_wconf 85' lang='lat' dir='ltr'><strong>tuaest,</strong></span> <span class='ocrx_word' id='word_1_154' title='bbox 466 1877 505 1918; x_wconf 90' lang='lat' dir='ltr'><strong>eo</strong></span> <span class='ocrx_word' id='word_1_155' title='bbox 548 1853 597 1919; x_wconf 87' lang='lat' dir='ltr'><strong>lus</strong></span> <span class='ocrx_word' id='word_1_156' title='bbox 619 1853 888 1930; x_wconf 85' lang='lat' dir='ltr'><strong>animadvertitur,</strong></span> <span class='ocrx_word' id='word_1_157' title='bbox 927 1852 981 1917; x_wconf 93' lang='lat' dir='ltr'><strong>uid</strong></span> <span class='ocrx_word' id='word_1_158' title='bbox 998 1875 1076 1938; x_wconf 84' lang='lat' dir='ltr'><strong>opus</strong></span> <span class='ocrx_word' id='word_1_159' title='bbox 1090 1851 1174 1920; x_wconf 84' lang='lat' dir='ltr'><strong>sacto</strong></span> <span class='ocrx_word' id='word_1_160' title='bbox 1188 1853 1239 1920; x_wconf 86' lang='lat' dir='ltr'><strong>sit.</strong></span> <span class='ocrx_word' id='word_1_161' title='bbox 1261 1855 1286 1892; x_wconf 74' lang='lat'><strong>⁴¹</strong></span> <span class='ocrx_word' id='word_1_162' title='bbox 1297 1854 1393 1920; x_wconf 67' lang='lat' dir='ltr'><strong>urimo</strong></span> 
     </span>
     <span class='ocr_line' id='line_1_20' title="bbox 328 1875 1393 2030; baseline -0.002 -24"><span class='ocrx_word' id='word_1_163' title='bbox 328 1939 487 2026; x_wconf 82' lang='lat' dir='ltr'><strong>extemplo</strong></span> <span class='ocrx_word' id='word_1_164' title='bbox 557 1956 660 2007; x_wconf 85' lang='lat' dir='ltr'><strong>castra</strong></span> <span class='ocrx_word' id='word_1_165' title='bbox 673 1939 824 2018; x_wconf 84' lang='lat' dir='ltr'><strong>subsidio,</strong></span> <span class='ocrx_word' id='word_1_166' title='bbox 839 1941 892 2006; x_wconf 88' lang='lat' dir='ltr'><strong>cui</strong></span> <span class='ocrx_word' id='word_1_167' title='bbox 905 1875 965 2026; x_wconf 59' lang='lat' dir='ltr'><strong>ip.</strong></span> <span class='ocrx_word' id='word_1_168' title='bbox 983 1939 1165 2004; x_wconf 77' lang='lat' dir='ltr'><strong>Postumius</strong></span> <span class='ocrx_word' id='word_1_169' title='bbox 1181 1939 1284 2006; x_wconf 82' lang='lat' dir='ltr'><strong>Albus</strong></span> <span class='ocrx_word' id='word_1_170' title='bbox 1305 1941 1393 2030; x_wconf 83' lang='lat' dir='ltr'><strong>lega-</strong></span> 
     </span>
    </p>

    <p class='ocr_par' dir='ltr' id='par_1_11' title="bbox 325 2025 1393 2375">
     <span class='ocr_line' id='line_1_21' title="bbox 328 2025 1393 2113; baseline 0.002 -21"><span class='ocrx_word' id='word_1_171' title='bbox 328 2041 379 2092; x_wconf 86' lang='lat' dir='ltr'><strong>tus</strong></span> <span class='ocrx_word' id='word_1_172' title='bbox 403 2027 586 2111; x_wconf 86' lang='lat' dir='ltr'><strong>praelicitur,</strong></span> <span class='ocrx_word' id='word_1_173' title='bbox 609 2027 676 2113; x_wconf 86' lang='lat' dir='ltr'><strong>ipse</strong></span> <span class='ocrx_word' id='word_1_174' title='bbox 701 2039 791 2112; x_wconf 79' lang='lat' dir='ltr'><strong>purte</strong></span> <span class='ocrx_word' id='word_1_175' title='bbox 816 2025 980 2112; x_wconf 84' lang='lat' dir='ltr'><strong>copiarum</strong></span> <span class='ocrx_word' id='word_1_176' title='bbox 1004 2047 1103 2110; x_wconf 85' lang='lat' dir='ltr'><strong>parvo</strong></span> <span class='ocrx_word' id='word_1_177' title='bbox 1125 2026 1260 2092; x_wconf 84' lang='lat' dir='ltr'><strong>circuitu</strong></span> <span class='ocrx_word' id='word_1_178' title='bbox 1285 2027 1393 2094; x_wconf 86' lang='lat' dir='ltr'><strong>locum</strong></span> 
     </span>
     <span class='ocr_line' id='line_1_22' title="bbox 326 2112 1392 2199; baseline 0.002 -21"><span class='ocrx_word' id='word_1_179' title='bbox 326 2113 465 2180; x_wconf 84' lang='lat' dir='ltr'><strong>maxime</strong></span> <span class='ocrx_word' id='word_1_180' title='bbox 494 2127 647 2180; x_wconf 87' lang='lat' dir='ltr'><strong>secretum</strong></span> <span class='ocrx_word' id='word_1_181' title='bbox 677 2113 718 2180; x_wconf 84' lang='lat' dir='ltr'><strong>ab</strong></span> <span class='ocrx_word' id='word_1_182' title='bbox 743 2113 881 2178; x_wconf 87' lang='lat' dir='ltr'><strong>tumultu</strong></span> <span class='ocrx_word' id='word_1_183' title='bbox 907 2112 998 2197; x_wconf 85' lang='lat' dir='ltr'><strong>petit,</strong></span> <span class='ocrx_word' id='word_1_184' title='bbox 1021 2112 1106 2177; x_wconf 86' lang='lat' dir='ltr'><strong>unde</strong></span> <span class='ocrx_word' id='word_1_185' title='bbox 1130 2133 1172 2178; x_wconf 87' lang='lat' dir='ltr'><strong>ex</strong></span> <span class='ocrx_word' id='word_1_186' title='bbox 1198 2115 1392 2199; x_wconf 88' lang='lat' dir='ltr'><strong>necopinato</strong></span> 
     </span>
     <span class='ocr_line' id='line_1_23' title="bbox 326 2198 1392 2287; baseline 0.003 -23"><span class='ocrx_word' id='word_1_187' title='bbox 326 2222 469 2266; x_wconf 89' lang='lat' dir='ltr'><strong>aversum</strong></span> <span class='ocrx_word' id='word_1_188' title='bbox 496 2199 619 2266; x_wconf 82' lang='lat' dir='ltr'><strong>hostem</strong></span> <span class='ocrx_word' id='word_1_189' title='bbox 642 2199 781 2266; x_wconf 82' lang='lat' dir='ltr'><strong>invadat.</strong></span> <span class='ocrx_word' id='word_1_190' title='bbox 827 2198 869 2276; x_wconf 71' lang='lat' dir='ltr'><strong>Q,</strong></span> <span class='ocrx_word' id='word_1_191' title='bbox 895 2199 1068 2286; x_wconf 89' lang='lat' dir='ltr'><strong>Sulpicium</strong></span> <span class='ocrx_word' id='word_1_192' title='bbox 1092 2199 1231 2287; x_wconf 82' lang='lat' dir='ltr'><strong>legatum</strong></span> <span class='ocrx_word' id='word_1_193' title='bbox 1253 2201 1392 2286; x_wconf 80' lang='lat' dir='ltr'><strong>praeficit</strong></span> 
     </span>
     <span class='ocr_line' id='line_1_24' title="bbox 325 2284 1392 2375; baseline -0.002 -19"><span class='ocrx_word' id='word_1_194' title='bbox 325 2287 463 2364; x_wconf 56' lang='lat' dir='ltr'><strong>castrus</strong></span> <span class='ocrx_word' id='word_1_195' title='bbox 477 2285 527 2354; x_wconf 89' lang='lat' dir='ltr'><strong>M.</strong></span> <span class='ocrx_word' id='word_1_196' title='bbox 545 2287 646 2354; x_wconf 88' lang='lat' dir='ltr'><strong>Fabio</strong></span> <span class='ocrx_word' id='word_1_197' title='bbox 667 2284 771 2375; x_wconf 79' lang='lat' dir='ltr'><strong>legato</strong></span> <span class='ocrx_word' id='word_1_198' title='bbox 792 2285 939 2374; x_wconf 81' lang='lat' dir='ltr'><strong>adsignat</strong></span> <span class='ocrx_word' id='word_1_199' title='bbox 960 2285 1090 2371; x_wconf 74' lang='lat' dir='ltr'><strong>equites.</strong></span> <span class='ocrx_word' id='word_1_200' title='bbox 1114 2307 1173 2352; x_wconf 85' lang='lat' dir='ltr'><strong>nec</strong></span> <span class='ocrx_word' id='word_1_201' title='bbox 1195 2299 1269 2352; x_wconf 87' lang='lat' dir='ltr'><strong>ante</strong></span> <span class='ocrx_word' id='word_1_202' title='bbox 1287 2287 1392 2354; x_wconf 79' lang='lat' dir='ltr'><strong>lucem</strong></span> 
     </span>
    </p>

    <p class='ocr_par' dir='ltr' id='par_1_12' title="bbox 326 2371 1392 2548">
     <span class='ocr_line' id='line_1_25' title="bbox 327 2371 1392 2461; baseline 0.002 -23"><span class='ocrx_word' id='word_1_203' title='bbox 327 2397 453 2441; x_wconf 84' lang='lat' dir='ltr'><strong>movere</strong></span> <span class='ocrx_word' id='word_1_204' title='bbox 472 2373 566 2461; x_wconf 88' lang='lat' dir='ltr'><strong>jubet</strong></span> <span class='ocrx_word' id='word_1_205' title='bbox 586 2395 728 2451; x_wconf 87' lang='lat' dir='ltr'><strong>manum,</strong></span> <span class='ocrx_word' id='word_1_206' title='bbox 748 2373 831 2438; x_wconf 87' lang='lat' dir='ltr'><strong>inter</strong></span> <span class='ocrx_word' id='word_1_207' title='bbox 854 2386 1024 2438; x_wconf 75' lang='lat' dir='ltr'><strong>sanctornos</strong></span> <span class='ocrx_word' id='word_1_208' title='bbox 1046 2371 1201 2438; x_wconf 88' lang='lat' dir='ltr'><strong>tumultus</strong></span> <span class='ocrx_word' id='word_1_209' title='bbox 1223 2372 1392 2441; x_wconf 79' lang='lat' dir='ltr'><strong>moderatu</strong></span> 
     </span>
     <span class='ocr_line' id='line_1_26' title="bbox 326 2458 1392 2548; baseline -0.002 -22"><span class='ocrx_word' id='word_1_210' title='bbox 326 2460 497 2528; x_wconf 85' lang='lat' dir='ltr'><strong>difficilem.</strong></span> <span class='ocrx_word' id='word_1_211' title='bbox 542 2460 672 2538; x_wconf 86' lang='lat' dir='ltr'><strong>Omnia,</strong></span> <span class='ocrx_word' id='word_1_212' title='bbox 683 2458 813 2548; x_wconf 80' lang='lat' dir='ltr'><strong>quaevel</strong></span> <span class='ocrx_word' id='word_1_213' title='bbox 827 2459 908 2524; x_wconf 82' lang='lat' dir='ltr'><strong>alius</strong></span> <span class='ocrx_word' id='word_1_214' title='bbox 920 2459 1094 2544; x_wconf 86' lang='lat' dir='ltr'><strong>imperator</strong></span> <span class='ocrx_word' id='word_1_215' title='bbox 1107 2458 1247 2544; x_wconf 84' lang='lat' dir='ltr'><strong>prudens</strong></span> <span class='ocrx_word' id='word_1_216' title='bbox 1261 2471 1293 2524; x_wconf 90' lang='lat' dir='ltr'><strong>et</strong></span> <span class='ocrx_word' id='word_1_217' title='bbox 1308 2461 1392 2546; x_wconf 86' lang='lat' dir='ltr'><strong>inpi-</strong></span> 
     </span>
    </p>

    <p class='ocr_par' dir='ltr' id='par_1_13' title="bbox 325 2545 1393 2636">
     <span class='ocr_line' id='line_1_27' title="bbox 325 2545 1393 2636; baseline 0.002 -24"><span class='ocrx_word' id='word_1_218' title='bbox 325 2571 382 2636; x_wconf 83' lang='lat' dir='ltr'><strong>ger</strong></span> <span class='ocrx_word' id='word_1_219' title='bbox 404 2549 437 2613; x_wconf 92' lang='lat' dir='ltr'><strong>in</strong></span> <span class='ocrx_word' id='word_1_220' title='bbox 458 2547 513 2614; x_wconf 86' lang='lat' dir='ltr'><strong>tali</strong></span> <span class='ocrx_word' id='word_1_221' title='bbox 535 2570 570 2614; x_wconf 86' lang='lat' dir='ltr'><strong>re</strong></span> <span class='ocrx_word' id='word_1_222' title='bbox 592 2547 779 2632; x_wconf 78' lang='lat' dir='ltr'><strong>praeciperet</strong></span> <span class='ocrx_word' id='word_1_223' title='bbox 799 2558 981 2634; x_wconf 81' lang='lat' dir='ltr'><strong>ageretque,</strong></span> <span class='ocrx_word' id='word_1_224' title='bbox 997 2545 1143 2631; x_wconf 77' lang='lat' dir='ltr'><strong>praecipit</strong></span> <span class='ocrx_word' id='word_1_225' title='bbox 1163 2546 1275 2613; x_wconf 87' lang='lat' dir='ltr'><strong>ordine</strong></span> <span class='ocrx_word' id='word_1_226' title='bbox 1295 2562 1393 2634; x_wconf 85' lang='lat' dir='ltr'><strong>atque</strong></span> 
     </span>
    </p>

    <p class='ocr_par' dir='ltr' id='par_1_14' title="bbox 325 2631 1392 2722">
     <span class='ocr_line' id='line_1_28' title="bbox 325 2631 1392 2722; baseline -0.004 -19"><span class='ocrx_word' id='word_1_227' title='bbox 325 2637 403 2722; x_wconf 81' lang='lat' dir='ltr'><strong>agit.</strong></span> <span class='ocrx_word' id='word_1_228' title='bbox 431 2635 510 2700; x_wconf 92' lang='lat' dir='ltr'><strong>illud</strong></span> <span class='ocrx_word' id='word_1_229' title='bbox 531 2634 683 2703; x_wconf 75' lang='lat' dir='ltr'><strong>eximium</strong></span> <span class='ocrx_word' id='word_1_230' title='bbox 707 2631 832 2698; x_wconf 87' lang='lat' dir='ltr'><strong>consilii</strong></span> <span class='ocrx_word' id='word_1_231' title='bbox 858 2631 1018 2717; x_wconf 86' lang='lat' dir='ltr'><strong>animique</strong></span> <span class='ocrx_word' id='word_1_232' title='bbox 1040 2632 1210 2716; x_wconf 83' lang='lat' dir='ltr'><strong>specimen,</strong></span> <span class='ocrx_word' id='word_1_233' title='bbox 1233 2647 1265 2698; x_wconf 90' lang='lat' dir='ltr'><strong>et</strong></span> <span class='ocrx_word' id='word_1_234' title='bbox 1286 2635 1392 2701; x_wconf 87' lang='lat' dir='ltr'><strong>neuti-</strong></span> 
     </span>
    </p>

    <p class='ocr_par' dir='ltr' id='par_1_15' title="bbox 325 2717 1393 2822">
     <span class='ocr_line' id='line_1_29' title="bbox 325 2717 1393 2822; baseline 0 -36"><span class='ocrx_word' id='word_1_235' title='bbox 325 2744 421 2822; x_wconf 84' lang='lat' dir='ltr'><strong>quam</strong></span> <span class='ocrx_word' id='word_1_236' title='bbox 438 2721 574 2808; x_wconf 71' lang='lat' dir='ltr'><strong>vulgata</strong></span> <span class='ocrx_word' id='word_1_237' title='bbox 588 2718 700 2797; x_wconf 88' lang='lat' dir='ltr'><strong>laudis,</strong></span> <span class='ocrx_word' id='word_1_238' title='bbox 717 2717 803 2805; x_wconf 89' lang='lat' dir='ltr'><strong>quod</strong></span> <span class='ocrx_word' id='word_1_239' title='bbox 818 2717 902 2784; x_wconf 88' lang='lat' dir='ltr'><strong>ultro</strong></span> <span class='ocrx_word' id='word_1_240' title='bbox 915 2717 956 2782; x_wconf 84' lang='lat' dir='ltr'><strong>ad</strong></span> <span class='ocrx_word' id='word_1_241' title='bbox 971 2717 1055 2802; x_wconf 90' lang='lat' dir='ltr'><strong>obpu</strong></span> <span class='ocrx_word' id='word_1_242' title='bbox 1102 2717 1187 2787; x_wconf 86' lang='lat' dir='ltr'><strong>auda</strong></span> <span class='ocrx_word' id='word_1_243' title='bbox 1201 2732 1304 2785; x_wconf 81' lang='lat' dir='ltr'><strong>castra</strong></span> <span class='ocrx_word' id='word_1_244' title='bbox 1317 2719 1393 2790; x_wconf 81' lang='lat' dir='ltr'><strong>bos-</strong></span> 
     </span>
    </p>

    <p class='ocr_par' dir='ltr' id='par_1_16' title="bbox 325 2803 1393 2982">
     <span class='ocr_line' id='line_1_30' title="bbox 325 2803 1392 2894; baseline 0.003 -23"><span class='ocrx_word' id='word_1_245' title='bbox 325 2821 416 2883; x_wconf 75' lang='lat' dir='ltr'><strong>tium,</strong></span> <span class='ocrx_word' id='word_1_246' title='bbox 433 2808 517 2875; x_wconf 87' lang='lat' dir='ltr'><strong>unde</strong></span> <span class='ocrx_word' id='word_1_247' title='bbox 531 2807 650 2893; x_wconf 84' lang='lat' dir='ltr'><strong>majore</strong></span> <span class='ocrx_word' id='word_1_248' title='bbox 664 2804 791 2894; x_wconf 82' lang='lat' dir='ltr'><strong>agmina</strong></span> <span class='ocrx_word' id='word_1_249' title='bbox 812 2803 970 2890; x_wconf 84' lang='lat' dir='ltr'><strong>profectos</strong></span> <span class='ocrx_word' id='word_1_250' title='bbox 991 2825 1053 2889; x_wconf 87' lang='lat' dir='ltr'><strong>exp</strong></span> <span class='ocrx_word' id='word_1_251' title='bbox 1088 2818 1192 2870; x_wconf 87' lang='lat' dir='ltr'><strong>ratum</strong></span> <span class='ocrx_word' id='word_1_252' title='bbox 1207 2803 1319 2883; x_wconf 79' lang='lat' dir='ltr'><strong>suerat,</strong></span> <span class='ocrx_word' id='word_1_253' title='bbox 1338 2807 1392 2874; x_wconf 90' lang='lat' dir='ltr'><strong>M.</strong></span> 
     </span>
     <span class='ocr_line' id='line_1_31' title="bbox 326 2890 1393 2982; baseline 0.002 -26"><span class='ocrx_word' id='word_1_254' title='bbox 326 2894 504 2982; x_wconf 80' lang='lat' dir='ltr'><strong>Geganium</strong></span> <span class='ocrx_word' id='word_1_255' title='bbox 520 2915 592 2957; x_wconf 92' lang='lat' dir='ltr'><strong>cum</strong></span> <span class='ocrx_word' id='word_1_256' title='bbox 609 2891 793 2972; x_wconf 84' lang='lat' dir='ltr'><strong>cohortibus</strong></span> <span class='ocrx_word' id='word_1_257' title='bbox 815 2891 944 2956; x_wconf 84' lang='lat' dir='ltr'><strong>delectis</strong></span> <span class='ocrx_word' id='word_1_258' title='bbox 966 2890 1060 2954; x_wconf 74' lang='lat' dir='ltr'><strong>misit</strong></span> <span class='ocrx_word' id='word_1_259' title='bbox 1076 2891 1143 2978; x_wconf 89' lang='lat' dir='ltr'><strong>qui,</strong></span> <span class='ocrx_word' id='word_1_260' title='bbox 1157 2905 1326 2978; x_wconf 84' lang='lat' dir='ltr'><strong>postquam</strong></span> <span class='ocrx_word' id='word_1_261' title='bbox 1343 2894 1393 2958; x_wconf 90' lang='lat' dir='ltr'><strong>in·</strong></span> 
     </span>
    </p>

    <p class='ocr_par' dir='ltr' id='par_1_17' title="bbox 327 2976 1393 3064">
     <span class='ocr_line' id='line_1_32' title="bbox 327 2976 1393 3064; baseline 0.002 -18"><span class='ocrx_word' id='word_1_262' title='bbox 327 2993 431 3046; x_wconf 86' lang='lat' dir='ltr'><strong>tentos</strong></span> <span class='ocrx_word' id='word_1_263' title='bbox 456 2979 601 3050; x_wconf 87' lang='lat' dir='ltr'><strong>homines</strong></span> <span class='ocrx_word' id='word_1_264' title='bbox 614 2978 648 3042; x_wconf 90' lang='lat' dir='ltr'><strong>in</strong></span> <span class='ocrx_word' id='word_1_265' title='bbox 663 2990 809 3044; x_wconf 82' lang='lat' dir='ltr'><strong>eventum</strong></span> <span class='ocrx_word' id='word_1_266' title='bbox 829 2976 964 3063; x_wconf 84' lang='lat' dir='ltr'><strong>periculi</strong></span> <span class='ocrx_word' id='word_1_267' title='bbox 988 2977 1093 3056; x_wconf 77' lang='lat' dir='ltr'><strong>alieni,</strong></span> <span class='ocrx_word' id='word_1_268' title='bbox 1108 2999 1169 3064; x_wconf 85' lang='lat' dir='ltr'><strong>pro.</strong></span> <span class='ocrx_word' id='word_1_269' title='bbox 1190 3001 1224 3046; x_wconf 79' lang='lat' dir='ltr'><strong>ae</strong></span> <span class='ocrx_word' id='word_1_270' title='bbox 1247 2979 1393 3048; x_wconf 82' lang='lat' dir='ltr'><strong>incautos</strong></span> 
     </span>
    </p>
   </div>
   <div class='ocr_carea' id='block_1_3' title="bbox 163 3063 1496 3216">
    <p class='ocr_par' dir='ltr' id='par_1_18' title="bbox 163 3063 1496 3216">
     <span class='ocr_line' id='line_1_33' title="bbox 163 3063 1496 3216; baseline -0.005 -82"><span class='ocrx_word' id='word_1_271' title='bbox 163 3085 247 3135; x_wconf 73' lang='lat' dir='ltr'><strong>castra</strong></span> <span class='ocrx_word' id='word_1_272' title='bbox 258 3087 299 3134; x_wconf 69' lang='lat' dir='ltr'><strong>a.</strong></span> <span class='ocrx_word' id='word_1_273' title='bbox 328 3067 479 3154; x_wconf 82' lang='lat' dir='ltr'><strong>neglectis</strong></span> <span class='ocrx_word' id='word_1_274' title='bbox 510 3064 624 3153; x_wconf 82' lang='lat' dir='ltr'><strong>vigiliis</strong></span> <span class='ocrx_word' id='word_1_275' title='bbox 656 3065 925 3216; x_wconf 33' lang='lat' dir='ltr'><strong>stationibusque&amp;</strong></span> <span class='ocrx_word' id='word_1_276' title='bbox 941 3077 990 3131; x_wconf 82' lang='lat' dir='ltr'><strong>ast</strong></span> <span class='ocrx_word' id='word_1_277' title='bbox 1016 3063 1158 3143; x_wconf 80' lang='lat' dir='ltr'><strong>adortus,</strong></span> <span class='ocrx_word' id='word_1_278' title='bbox 1189 3065 1276 3148; x_wconf 81' lang='lat' dir='ltr'><strong>priua</strong></span> <span class='ocrx_word' id='word_1_279' title='bbox 1309 3087 1395 3150; x_wconf 84' lang='lat' dir='ltr'><strong>pene</strong></span> <span class='ocrx_word' id='word_1_280' title='bbox 1495 3121 1496 3128; x_wconf 71' lang='grc'>,</span> 
     </span>
    </p>
   </div>
   <div class='ocr_carea' id='block_1_4' title="bbox 162 3151 1494 3338">
    <p class='ocr_par' dir='ltr' id='par_1_19' title="bbox 162 3151 1494 3338">
     <span class='ocr_line' id='line_1_34' title="bbox 163 3151 875 3242; baseline 0.004 -30"><span class='ocrx_word' id='word_1_281' title='bbox 163 3165 268 3212; x_wconf 77' lang='lat' dir='ltr'><strong>quorum</strong></span> <span class='ocrx_word' id='word_1_282' title='bbox 280 3165 320 3200; x_wconf 76' lang='lat'><strong>⁶⁸·</strong></span> <span class='ocrx_word' id='word_1_283' title='bbox 328 3153 413 3242; x_wconf 85' lang='lat' dir='ltr'><strong>cepit</strong></span> <span class='ocrx_word' id='word_1_284' title='bbox 436 3162 548 3232; x_wconf 78' lang='lat' dir='ltr'><strong>castra,</strong></span> <span class='ocrx_word' id='word_1_285' title='bbox 574 3169 670 3238; x_wconf 87' lang='lat' dir='ltr'><strong>quum</strong></span> <span class='ocrx_word' id='word_1_286' title='bbox 695 3151 875 3238; x_wconf 75' lang='lat' dir='ltr'><strong>obpugnata</strong></span> 
     </span>
     <span class='ocr_line' id='line_1_35' title="bbox 162 3217 1494 3338; baseline 0.003 -35"><span class='ocrx_word' id='word_1_287' title='bbox 162 3217 271 3278; x_wconf 74' lang='lat' dir='ltr'><strong>planem.</strong></span> <span class='ocrx_word' id='word_1_288' title='bbox 326 3237 426 3318; x_wconf 79' lang='lat' dir='ltr'><strong>fiuno,</strong></span> <span class='ocrx_word' id='word_1_289' title='bbox 442 3252 478 3306; x_wconf 90' lang='lat' dir='ltr'><strong>ut</strong></span> <span class='ocrx_word' id='word_1_290' title='bbox 491 3249 689 3316; x_wconf 87' lang='lat' dir='ltr'><strong>convenerat,</strong></span> <span class='ocrx_word' id='word_1_291' title='bbox 704 3236 815 3302; x_wconf 89' lang='lat' dir='ltr'><strong>datum</strong></span> <span class='ocrx_word' id='word_1_292' title='bbox 840 3237 967 3338; x_wconf 70' lang='lat' dir='ltr'><strong>siguum</strong></span> <span class='ocrx_word' id='word_1_293' title='bbox 983 3237 1037 3304; x_wconf 88' lang='lat' dir='ltr'><strong>ubl</strong></span> <span class='ocrx_word' id='word_1_294' title='bbox 1048 3251 1250 3324; x_wconf 85' lang='lat' dir='ltr'><strong>conspectum</strong></span> <span class='ocrx_word' id='word_1_295' title='bbox 1266 3239 1308 3304; x_wconf 87' lang='lat' dir='ltr'><strong>ab</strong></span> <span class='ocrx_word' id='word_1_296' title='bbox 1323 3240 1393 3306; x_wconf 89' lang='lat' dir='ltr'><strong>dic-</strong></span> <span class='ocrx_word' id='word_1_297' title='bbox 1493 3251 1494 3298; x_wconf 78' lang='lat' dir='ltr'><strong>l</strong></span> 
     </span>
    </p>
   </div>
   <div class='ocr_carea' id='block_1_5' title="bbox 928 3151 1495 3234">
    <p class='ocr_par' dir='ltr' id='par_1_20' title="bbox 928 3151 1495 3234">
     <span class='ocr_line' id='line_1_36' title="bbox 928 3151 1495 3234; baseline -0.004 -20"><span class='ocrx_word' id='word_1_298' title='bbox 928 3163 1011 3218; x_wconf 83' lang='lat' dir='ltr'><strong>cates</strong></span> <span class='ocrx_word' id='word_1_299' title='bbox 1038 3151 1115 3216; x_wconf 77' lang='lat' dir='ltr'><strong>eatis</strong></span> <span class='ocrx_word' id='word_1_300' title='bbox 1143 3151 1268 3218; x_wconf 78' lang='lat' dir='ltr'><strong>scirent.</strong></span> <span class='ocrx_word' id='word_1_301' title='bbox 1303 3152 1392 3234; x_wconf 89' lang='lat' dir='ltr'><strong>iude,</strong></span> <span class='ocrx_word' id='word_1_302' title='bbox 1494 3189 1495 3212; x_wconf 32' lang='grc' dir='ltr'><strong>η</strong></span> 
     </span>
    </p>
   </div>
   <div class='ocr_carea' id='block_1_6' title="bbox 326 3323 1493 3412">
    <p class='ocr_par' dir='ltr' id='par_1_21' title="bbox 326 3323 1493 3412">
     <span class='ocr_line' id='line_1_37' title="bbox 326 3323 1493 3412; baseline 0 -20"><span class='ocrx_word' id='word_1_303' title='bbox 326 3338 428 3394; x_wconf 85' lang='lat' dir='ltr'><strong>tatore</strong></span> <span class='ocrx_word' id='word_1_304' title='bbox 442 3338 500 3404; x_wconf 82' lang='lat' dir='ltr'><strong>eat,</strong></span> <span class='ocrx_word' id='word_1_305' title='bbox 515 3323 683 3404; x_wconf 80' lang='lat' dir='ltr'><strong>exclamat,</strong></span> <span class='ocrx_word' id='word_1_306' title='bbox 699 3337 791 3410; x_wconf 85' lang='lat' dir='ltr'><strong>capta</strong></span> <span class='ocrx_word' id='word_1_307' title='bbox 808 3324 946 3390; x_wconf 85' lang='lat' dir='ltr'><strong>bostrum</strong></span> <span class='ocrx_word' id='word_1_308' title='bbox 968 3337 1080 3402; x_wconf 80' lang='lat' dir='ltr'><strong>castra,</strong></span> <span class='ocrx_word' id='word_1_309' title='bbox 1096 3323 1305 3410; x_wconf 81' lang='lat' dir='ltr'><strong>nunciarique</strong></span> <span class='ocrx_word' id='word_1_310' title='bbox 1319 3347 1394 3412; x_wconf 84' lang='lat' dir='ltr'><strong>pas-</strong></span> <span class='ocrx_word' id='word_1_311' title='bbox 1492 3359 1493 3382; x_wconf 41' lang='grc' dir='ltr'><strong>κ</strong></span> 
     </span>
    </p>
   </div>
   <div class='ocr_carea' id='block_1_7' title="bbox 326 3413 497 3498">
    <p class='ocr_par' dir='ltr' id='par_1_22' title="bbox 326 3413 497 3498">
     <span class='ocr_line' id='line_1_38' title="bbox 326 3413 497 3498; baseline -0.006 -20"><span class='ocrx_word' id='word_1_312' title='bbox 326 3413 385 3478; x_wconf 86' lang='lat' dir='ltr'><strong>aim</strong></span> <span class='ocrx_word' id='word_1_313' title='bbox 395 3413 497 3498; x_wconf 85' lang='lat' dir='ltr'><strong>jubet.</strong></span> 
     </span>
    </p>
   </div>
   <div class='ocr_carea' id='block_1_8' title="bbox 162 3495 1491 3672">
    <p class='ocr_par' dir='ltr' id='par_1_23' title="bbox 162 3495 1491 3672">
     <span class='ocr_line' id='line_1_39' title="bbox 163 3495 1491 3586; baseline 0.004 -26"><span class='ocrx_word' id='word_1_314' title='bbox 163 3515 300 3565; x_wconf 71' lang='lat' dir='ltr'><strong>vincuntur</strong></span> <span class='ocrx_word' id='word_1_315' title='bbox 370 3498 537 3566; x_wconf 83' lang='lat' dir='ltr'>XXVIII.</span> <span class='ocrx_word' id='word_1_316' title='bbox 562 3497 605 3564; x_wconf 80' lang='lat' dir='ltr'><strong>Et</strong></span> <span class='ocrx_word' id='word_1_317' title='bbox 613 3499 682 3586; x_wconf 77' lang='lat' dir='ltr'><strong>jam</strong></span> <span class='ocrx_word' id='word_1_318' title='bbox 693 3497 882 3574; x_wconf 81' lang='lat' dir='ltr'><strong>lucescebat,</strong></span> <span class='ocrx_word' id='word_1_319' title='bbox 898 3495 1067 3583; x_wconf 88' lang='lat' dir='ltr'><strong>omniaque</strong></span> <span class='ocrx_word' id='word_1_320' title='bbox 1086 3496 1147 3566; x_wconf 87' lang='lat' dir='ltr'><strong>sub</strong></span> <span class='ocrx_word' id='word_1_321' title='bbox 1163 3495 1264 3567; x_wconf 84' lang='lat' dir='ltr'><strong>oculis</strong></span> <span class='ocrx_word' id='word_1_322' title='bbox 1278 3513 1393 3566; x_wconf 84' lang='lat' dir='ltr'><strong>eraut:</strong></span> <span class='ocrx_word' id='word_1_323' title='bbox 1490 3503 1491 3551; x_wconf 80' lang='lat' dir='ltr'><strong>l</strong></span> 
     </span>
     <span class='ocr_line' id='line_1_40' title="bbox 162 3579 1489 3672; baseline 0.001 -18"><span class='ocrx_word' id='word_1_324' title='bbox 162 3579 250 3628; x_wconf 58' lang='grc' dir='ltr'><strong>Μ</strong></span> <span class='ocrx_word' id='word_1_325' title='bbox 325 3598 359 3655; x_wconf 89' lang='lat' dir='ltr'><strong>et</strong></span> <span class='ocrx_word' id='word_1_326' title='bbox 373 3587 490 3654; x_wconf 83' lang='lat' dir='ltr'><strong>Fabius</strong></span> <span class='ocrx_word' id='word_1_327' title='bbox 504 3607 577 3652; x_wconf 90' lang='lat' dir='ltr'><strong>cum</strong></span> <span class='ocrx_word' id='word_1_328' title='bbox 593 3585 738 3672; x_wconf 84' lang='lat' dir='ltr'><strong>equitatu</strong></span> <span class='ocrx_word' id='word_1_329' title='bbox 752 3584 897 3668; x_wconf 84' lang='lat' dir='ltr'><strong>inpetum</strong></span> <span class='ocrx_word' id='word_1_330' title='bbox 911 3581 1054 3663; x_wconf 83' lang='lat' dir='ltr'><strong>dederat,</strong></span> <span class='ocrx_word' id='word_1_331' title='bbox 1069 3601 1102 3648; x_wconf 85' lang='lat' dir='ltr'><strong>et</strong></span> <span class='ocrx_word' id='word_1_332' title='bbox 1115 3584 1228 3653; x_wconf 77' lang='lat' dir='ltr'><strong>consul</strong></span> <span class='ocrx_word' id='word_1_333' title='bbox 1248 3585 1394 3671; x_wconf 82' lang='lat' dir='ltr'><strong>eruptio-</strong></span> <span class='ocrx_word' id='word_1_334' title='bbox 1488 3651 1489 3654; x_wconf 74' lang='grc'>,</span> 
     </span>
    </p>
   </div>
   <div class='ocr_carea' id='block_1_9' title="bbox 323 3668 1487 3848">
    <p class='ocr_par' dir='ltr' id='par_1_24' title="bbox 323 3668 1487 3848">
     <span class='ocr_line' id='line_1_41' title="bbox 325 3668 1393 3756; baseline -0.011 -18"><span class='ocrx_word' id='word_1_335' title='bbox 325 3695 399 3740; x_wconf 88' lang='lat' dir='ltr'><strong>nem</strong></span> <span class='ocrx_word' id='word_1_336' title='bbox 414 3695 433 3743; x_wconf 87' lang='lat' dir='ltr'><strong>e</strong></span> <span class='ocrx_word' id='word_1_337' title='bbox 446 3673 555 3738; x_wconf 86' lang='lat' dir='ltr'><strong>castris</strong></span> <span class='ocrx_word' id='word_1_338' title='bbox 573 3671 606 3736; x_wconf 90' lang='lat' dir='ltr'><strong>in</strong></span> <span class='ocrx_word' id='word_1_339' title='bbox 629 3669 770 3754; x_wconf 88' lang='lat' dir='ltr'><strong>trepidos</strong></span> <span class='ocrx_word' id='word_1_340' title='bbox 786 3671 854 3756; x_wconf 84' lang='lat' dir='ltr'><strong>jam</strong></span> <span class='ocrx_word' id='word_1_341' title='bbox 877 3669 982 3736; x_wconf 81' lang='lat' dir='ltr'><strong>hostes</strong></span> <span class='ocrx_word' id='word_1_342' title='bbox 998 3668 1125 3736; x_wconf 83' lang='lat' dir='ltr'><strong>iecerat.</strong></span> <span class='ocrx_word' id='word_1_343' title='bbox 1167 3671 1320 3743; x_wconf 80' lang='lat' dir='ltr'><strong>Dictator</strong></span> <span class='ocrx_word' id='word_1_344' title='bbox 1334 3696 1393 3740; x_wconf 83' lang='lat' dir='ltr'><strong>aa.</strong></span> 
     </span>
     <span class='ocr_line' id='line_1_42' title="bbox 323 3755 1487 3848; baseline -0.006 -19"><span class='ocrx_word' id='word_1_345' title='bbox 323 3755 399 3840; x_wconf 69' lang='lat' dir='ltr'><strong>tem</strong></span> <span class='ocrx_word' id='word_1_346' title='bbox 421 3772 512 3848; x_wconf 82' lang='lat' dir='ltr'><strong>porte</strong></span> <span class='ocrx_word' id='word_1_347' title='bbox 530 3758 629 3824; x_wconf 85' lang='lat' dir='ltr'><strong>altera</strong></span> <span class='ocrx_word' id='word_1_348' title='bbox 654 3757 796 3823; x_wconf 85' lang='lat' dir='ltr'><strong>subsidia</strong></span> <span class='ocrx_word' id='word_1_349' title='bbox 809 3768 842 3822; x_wconf 89' lang='lat' dir='ltr'><strong>et</strong></span> <span class='ocrx_word' id='word_1_350' title='bbox 856 3755 1026 3824; x_wconf 83' lang='lat' dir='ltr'><strong>secundam</strong></span> <span class='ocrx_word' id='word_1_351' title='bbox 1049 3757 1148 3824; x_wconf 83' lang='lat' dir='ltr'><strong>aciem</strong></span> <span class='ocrx_word' id='word_1_352' title='bbox 1171 3757 1313 3840; x_wconf 81' lang='lat' dir='ltr'><strong>adortus,</strong></span> <span class='ocrx_word' id='word_1_353' title='bbox 1329 3759 1393 3828; x_wconf 82' lang='lat' dir='ltr'><strong>cir-</strong></span> <span class='ocrx_word' id='word_1_354' title='bbox 1485 3811 1487 3822; x_wconf 85' lang='lat'><em>.</em></span> 
     </span>
    </p>
   </div>
   <div class='ocr_carea' id='block_1_10' title="bbox 718 3893 981 3958">
    <p class='ocr_par' dir='ltr' id='par_1_25' title="bbox 718 3893 981 3958">
     <span class='ocr_line' id='line_1_43' title="bbox 718 3893 981 3958; baseline -0.008 -17"><span class='ocrx_word' id='word_1_355' title='bbox 718 3893 817 3958; x_wconf 67' lang='lat' dir='ltr'><strong>atquo</strong></span> <span class='ocrx_word' id='word_1_356' title='bbox 827 3895 901 3941; x_wconf 84' lang='lat' dir='ltr'><strong>Gran.</strong></span> <span class='ocrx_word' id='word_1_357' title='bbox 912 3894 981 3942; x_wconf 76' lang='lat' dir='ltr'><strong>Creu.</strong></span> 
     </span>
    </p>
   </div>
   <div class='ocr_carea' id='block_1_11' title="bbox 319 4005 1393 4140">
    <p class='ocr_par' dir='ltr' id='par_1_26' title="bbox 319 4005 1393 4140">
     <span class='ocr_line' id='line_1_44' title="bbox 352 4005 1017 4072; baseline -0.003 -14"><span class='ocrx_word' id='word_1_358' title='bbox 352 4008 385 4058; x_wconf 82' lang='lat' dir='ltr'><strong>aa</strong></span> <span class='ocrx_word' id='word_1_359' title='bbox 401 4007 523 4072; x_wconf 62' lang='lat' dir='ltr'><strong>aava}</strong></span> <span class='ocrx_word' id='word_1_360' title='bbox 543 4007 637 4069; x_wconf 67' lang='lat' dir='ltr'><strong>opums</strong></span> <span class='ocrx_word' id='word_1_361' title='bbox 655 4008 749 4055; x_wconf 63' lang='lat' dir='ltr'><strong>eoum</strong></span> <span class='ocrx_word' id='word_1_362' title='bbox 764 4007 839 4055; x_wconf 70' lang='lat' dir='ltr'><strong>aaa·</strong></span> <span class='ocrx_word' id='word_1_363' title='bbox 870 4007 909 4056; x_wconf 78' lang='lat' dir='ltr'><strong>aa.</strong></span> <span class='ocrx_word' id='word_1_364' title='bbox 922 4005 1017 4056; x_wconf 61' lang='lat' dir='ltr'><strong>sarm.</strong></span> 
     </span>
     <span class='ocr_line' id='line_1_45' title="bbox 319 4069 1393 4140; baseline -0.006 -18"><span class='ocrx_word' id='word_1_365' title='bbox 319 4075 366 4122; x_wconf 69' lang='lat' dir='ltr'><strong>aa</strong></span> <span class='ocrx_word' id='word_1_366' title='bbox 399 4073 465 4134; x_wconf 66' lang='lat' dir='ltr'><strong>usg-</strong></span> <span class='ocrx_word' id='word_1_367' title='bbox 476 4071 566 4119; x_wconf 68' lang='lat' dir='ltr'><strong>uera</strong></span> <span class='ocrx_word' id='word_1_368' title='bbox 576 4071 719 4132; x_wconf 67' lang='lat' dir='ltr'><strong>vienn.</strong></span> <span class='ocrx_word' id='word_1_369' title='bbox 730 4071 838 4120; x_wconf 70' lang='lat' dir='ltr'><strong>sauata</strong></span> <span class='ocrx_word' id='word_1_370' title='bbox 901 4071 931 4120; x_wconf 83' lang='lat' dir='ltr'><strong>u</strong></span> <span class='ocrx_word' id='word_1_371' title='bbox 949 4069 1031 4119; x_wconf 69' lang='lat' dir='ltr'><strong>uam</strong></span> <span class='ocrx_word' id='word_1_372' title='bbox 1045 4071 1157 4134; x_wconf 60' lang='lat' dir='ltr'><strong>eampo</strong></span> <span class='ocrx_word' id='word_1_373' title='bbox 1172 4071 1204 4120; x_wconf 75' lang='lat' dir='ltr'><strong>aa</strong></span> <span class='ocrx_word' id='word_1_374' title='bbox 1218 4075 1309 4140; x_wconf 63' lang='lat' dir='ltr'><strong>aaa]</strong></span> <span class='ocrx_word' id='word_1_375' title='bbox 1326 4075 1393 4124; x_wconf 70' lang='lat' dir='ltr'><strong>cm.</strong></span> 
     </span>
    </p>
   </div>
   <div class='ocr_carea' id='block_1_12' title="bbox 319 4135 1392 4201">
    <p class='ocr_par' dir='ltr' id='par_1_27' title="bbox 319 4135 1392 4201">
     <span class='ocr_line' id='line_1_46' title="bbox 319 4135 1392 4201; baseline 0.001 -18"><span class='ocrx_word' id='word_1_376' title='bbox 319 4139 424 4198; x_wconf 72' lang='lat' dir='ltr'><strong>primaru</strong></span> <span class='ocrx_word' id='word_1_377' title='bbox 444 4137 547 4198; x_wconf 69' lang='lat' dir='ltr'><strong>Apolog.</strong></span> <span class='ocrx_word' id='word_1_378' title='bbox 572 4139 604 4186; x_wconf 76' lang='lat' dir='ltr'><strong>ad</strong></span> <span class='ocrx_word' id='word_1_379' title='bbox 630 4135 790 4193; x_wconf 78' lang='lat' dir='ltr'><strong>Gronoviuur,</strong></span> <span class='ocrx_word' id='word_1_380' title='bbox 810 4151 836 4198; x_wconf 91' lang='lat' dir='ltr'><strong>p.</strong></span> <span class='ocrx_word' id='word_1_381' title='bbox 868 4137 935 4184; x_wconf 68' lang='lat' dir='ltr'><strong>nulls</strong></span> <span class='ocrx_word' id='word_1_382' title='bbox 978 4135 1059 4192; x_wconf 71' lang='lat' dir='ltr'><strong>Quum</strong></span> <span class='ocrx_word' id='word_1_383' title='bbox 1081 4151 1164 4186; x_wconf 76' lang='lat' dir='ltr'><strong>accen</strong></span> <span class='ocrx_word' id='word_1_384' title='bbox 1184 4137 1224 4184; x_wconf 84' lang='lat' dir='ltr'><strong>bic</strong></span> <span class='ocrx_word' id='word_1_385' title='bbox 1248 4151 1392 4201; x_wconf 62' lang='lat' dir='ltr'><strong>aprum</strong></span> 
     </span>
    </p>
   </div>
   <div class='ocr_carea' id='block_1_13' title="bbox 321 4199 1483 4328">
    <p class='ocr_par' dir='ltr' id='par_1_28' title="bbox 321 4199 1483 4328">
     <span class='ocr_line' id='line_1_47' title="bbox 321 4199 1483 4264; baseline 0.002 -14"><span class='ocrx_word' id='word_1_386' title='bbox 321 4201 545 4250; x_wconf 55' lang='lat' dir='ltr'><strong>nannenus.</strong></span> <span class='ocrx_word' id='word_1_387' title='bbox 867 4214 1022 4261; x_wconf 83' lang='lat' dir='ltr'><strong>cuperemus,</strong></span> <span class='ocrx_word' id='word_1_388' title='bbox 1038 4207 1066 4248; x_wconf 92' lang='lat' dir='ltr'><strong>ut</strong></span> <span class='ocrx_word' id='word_1_389' title='bbox 1082 4201 1134 4248; x_wconf 77' lang='lat' dir='ltr'><strong>alne</strong></span> <span class='ocrx_word' id='word_1_390' title='bbox 1149 4215 1208 4264; x_wconf 75' lang='lat' dir='ltr'><strong>qm,</strong></span> <span class='ocrx_word' id='word_1_391' title='bbox 1226 4204 1391 4252; x_wconf 75' lang='lat' dir='ltr'><strong>etdnonob-</strong></span> <span class='ocrx_word' id='word_1_392' title='bbox 1482 4199 1483 4225; x_wconf 63' lang='lat' dir='ltr'><strong>l</strong></span> 
     </span>
     <span class='ocr_line' id='line_1_48' title="bbox 352 4264 1482 4328; baseline 0.004 -14"><span class='ocrx_word' id='word_1_393' title='bbox 352 4267 443 4314; x_wconf 63' lang='lat'>⁴0⁸1„</span> <span class='ocrx_word' id='word_1_394' title='bbox 459 4265 545 4327; x_wconf 27' lang='lat' dir='ltr'><strong>prelio*</strong></span> <span class='ocrx_word' id='word_1_395' title='bbox 555 4264 633 4328; x_wconf 74' lang='lat' dir='ltr'><strong>jueta]</strong></span> <span class='ocrx_word' id='word_1_396' title='bbox 651 4266 836 4326; x_wconf 71' lang='lat' dir='ltr'><strong>inproboque</strong></span> <span class='ocrx_word' id='word_1_397' title='bbox 868 4267 1390 4328; x_wconf 61' lang='lat' dir='ltr'><strong>scurnmlnuslategratrmeaetrotuada</strong></span> <span class='ocrx_word' id='word_1_398' title='bbox 1481 4279 1482 4308; x_wconf 75' lang='lat' dir='ltr'><strong>l</strong></span> 
     </span>
    </p>
   </div>
   <div class='ocr_carea' id='block_1_14' title="bbox 318 4331 1070 4458">
    <p class='ocr_par' dir='ltr' id='par_1_29' title="bbox 318 4331 1070 4458">
     <span class='ocr_line' id='line_1_49' title="bbox 318 4331 1070 4393; baseline 0.001 -14"><span class='ocrx_word' id='word_1_399' title='bbox 318 4333 443 4393; x_wconf 70' lang='grc' dir='ltr'><strong>ειμῑίωιε</strong></span> <span class='ocrx_word' id='word_1_400' title='bbox 454 4331 577 4392; x_wconf 81' lang='lat' dir='ltr'><strong>utrimque</strong></span> <span class='ocrx_word' id='word_1_401' title='bbox 593 4331 657 4380; x_wconf 81' lang='lat' dir='ltr'><strong>acies</strong></span> <span class='ocrx_word' id='word_1_402' title='bbox 667 4343 836 4390; x_wconf 75' lang='lat' dir='ltr'><strong>aequommpo</strong></span> <span class='ocrx_word' id='word_1_403' title='bbox 868 4331 1070 4390; x_wconf 66' lang='lat' dir='ltr'><strong>mcedltoratlo.</strong></span> 
     </span>
     <span class='ocr_line' id='line_1_50' title="bbox 319 4393 834 4458; baseline -0.002 -15"><span class='ocrx_word' id='word_1_404' title='bbox 319 4403 401 4458; x_wconf 75' lang='lat' dir='ltr'><strong>aperte</strong></span> <span class='ocrx_word' id='word_1_405' title='bbox 421 4398 444 4443; x_wconf 80' lang='lat' dir='ltr'><strong>vl</strong></span> <span class='ocrx_word' id='word_1_406' title='bbox 466 4397 679 4456; x_wconf 73' lang='lat' dir='ltr'><strong>congrederentur.</strong></span> <span class='ocrx_word' id='word_1_407' title='bbox 710 4393 765 4442; x_wconf 80' lang='lat' dir='ltr'><strong>vid.</strong></span> <span class='ocrx_word' id='word_1_408' title='bbox 786 4401 834 4442; x_wconf 75' lang='lat' dir='ltr'><strong>aot</strong></span> 
     </span>
    </p>
   </div>
   <div class='ocr_carea' id='block_1_15' title="bbox 0 0 1508 4908">
    <p class='ocr_par' dir='ltr' id='par_1_30' title="bbox 0 0 1508 4908">
     <span class='ocr_line' id='line_1_51' title="bbox 0 0 1508 4908; baseline 0 1"><span class='ocrx_word' id='word_1_409' title='bbox 0 0 1508 4908; x_wconf 95' lang='lat' dir='ltr'><strong> </strong></span> 
     </span>
    </p>
   </div>
  </div>
 </body>
</html>
