3034 4916
348 227 409 297 ⁵66
731 225 843 293 Tl'Tl
872 226 1007 293 Livii

186 423 254 475 u.c.
265 422 322 474 rsa
347 402 411 468 cias
426 407 515 479 euna
528 399 691 465 mereamur
709 417 741 465 se
760 397 834 464 beili
848 397 1001 464 Romanu
1012 397 1170 486 aperuisti
1182 407 1302 484 partos
1324 401 1412 486 qam·

183 489 214 538 A»
227 487 255 538 ⁰·
266 489 322 538 ²⁹⁹·
347 489 425 574 quid
444 488 626 572 occeperint,
643 487 802 570 occepisse,
816 497 857 552 tte
875 491 988 570 ogram
998 487 1161 554 mma
1175 491 1347 564 mnsam,
1361 499 1413 550 uu·

346 573 459 660 mirque
479 577 660 639 latissrrent
682 575 823 638 mltores.
865 571 1065 638 Militaturos
1086 583 1189 638 tamen
1207 593 1250 651 se,
1265 575 1413 658 siastique

346 663 476 728 Etrusci
482 663 579 726 uelint
583 683 596 734 ,⁴
619 661 673 725 secl
682 661 768 723 arella
782 660 851 722 ulia
864 660 1007 734 mercede,
1020 673 1110 744 quom
1120 670 1155 724 at
1166 661 1415 746 inponmugri

347 747 1215 832 rapianur,tanuanqaeattqmsedecersaconristana
1252 744 1414 811 Multade

347 857 387 900 eo
401 834 536 899 consilia
545 829 739 920 populorum
750 823 892 896 Etruriae
902 829 1021 896 habita.
1045 827 1412 984 aecperfieiquigpnam

346 921 469 1004 potuit3
491 927 556 985 no‘n
579 929 644 984 tam
666 919 742 1006 quia
765 918 902 982 inminui
927 933 1051 1004 agrum,
1067 938 1161 1005 quam
1185 918 1262 1006 quia
1331 919 1414 984 culm

347 1007 408 1073 sibi
453 1007 473 1072 ir
526 1021 564 1071 ue
584 1005 757 1094 adjungere
771 1016 836 1070 tam
851 1003 989 1069 &eratis
1008 1005 1111 1092 gentis
1132 1004 1280 1072 homines
1302 1005 1415 1071 horre-

319 1093 413 1176 ,bat-
430 1009 622 1159 lassltmissi
649 1091 738 1157 Galli
759 1091 928 1176 pecuniam
957 1091 1119 1178 ingentem
1145 1093 1213 1158 sine
1242 1094 1355 1158 labora
1378 1106 1415 1158 ac

347 1179 490 1265 periculo
504 1193 629 1266 parram
642 1177 828 1244 retuterunt.
873 1176 989 1241 Romae
1003 1192 1156 1244 terrorem
1176 1177 1417 1264 praebuitiama

349 1265 468 1334 Gallici
493 1264 648 1332 tumultus
674 1265 714 1328 ad
738 1263 855 1329 bellum
880 1263 1054 1330 Eunaeum
1078 1263 1211 1352 adjecti:
1243 1287 1284 1330 eo
1311 1267 1416 1335 minua

348 1351 535 1419 cunctanter
548 1349 655 1417 ioedus
670 1352 767 1416 ictum
783 1364 856 1416 cam
874 1347 997 1414 Picenti
1011 1349 1131 1437 pdpulo
1145 1365 1203 1416 est.

182 1465 313 1516 aarum
391 1439 455 1505 xt.
477 1439 521 1504 T.
537 1437 666 1504 Manlio
687 1436 811 1504 consuli
834 1436 964 1502 Etruria
991 1438 1155 1523 provincia
1183 1451 1269 1503 sorte
1291 1440 1416 1517 uraniis

183 1526 414 1614 c⁰⁸·1110122qui,
444 1525 578 1591 vixdum
607 1525 767 1614 ingressus
803 1523 942 1588 bostium
971 1523 1061 1602 lines,
1085 1542 1183 1612 quum
1212 1540 1416 1592 exerceretur

347 1614 432 1678 inter
487 1613 578 1694 uites,
593 1611 633 1676 ab
656 1611 769 1697 rapido
794 1633 888 1694 cursu
911 1610 1158 1698 circumagendo
1178 1633 1264 1698 equo
1287 1612 1416 1692 effusus,

347 1709 473 1783 extemp
486 1721 507 1763 o
521 1711 622 1848 prope
640 1698 817 1782 exspiravit
841 1697 951 1762 tertius
967 1696 1008 1761 ab
1022 1719 1061 1762 eo
1074 1719 1149 1762 casu
1170 1697 1239 1763 dies
1252 1697 1328 1763 iiuis
1343 1701 1417 1765 vitm

347 1786 470 1852 consuli
486 1784 520 1850 l'u
534 1797 558 1851 t.
603 1783 681 1862 Quo
702 1783 788 1849 velut
807 1783 915 1848 omine
943 1783 1015 1847 beili
1038 1797 1177 1870 acceptu,
1194 1785 1283 1852 Deos
1306 1807 1369 1872 pro
1386 1809 1417 1852 se

347 1872 541 1937 commisisse
563 1869 682 1935 bellum
709 1882 920 1934 memorantes
950 1868 1077 1934 Etrusci
1102 1871 1257 1937 sustulere
1279 1874 1416 1940 animos.

349 1957 475 2034 Romae,
500 1969 568 2022 tum
594 1955 753 2020 desiderio
776 1956 845 2032 viri,
872 1967 941 2020 tum
965 1959 1225 2024 incommoditate
1249 1962 1416 2046 temporis,

347 2043 446 2108 tristis
472 2044 608 2108 nuncius
624 2041 703 2108 fuit:
726 2041 796 2106 ⁴⁶r'rt
813 2031 925 2108 Patres
946 2041 988 2108 ab
1004 2043 1149 2129 jubendo
1166 2043 1328 2112 dictatore
1341 2065 1416 2112 con·

149 2205 152 2214 ‚
348 2130 424 2196 aulis
454 2127 649 2218 subrogandi
673 2129 814 2209 comitia,
839 2149 880 2194 ex
906 2129 1063 2198 sententia
1087 2131 1269 2217 principum
1294 2132 1415 2212 habita,

185 2219 339 2280 invitatus
348 2215 571 2282 deterruerint.
618 2210 703 2280 ⁴⁷M.
728 2215 889 2280 Valerium
920 2219 1081 2281 consulem
1110 2237 1222 2283 omnes
1250 2223 1417 2285 sementim

183 2296 317 2356 subrasus
347 2307 563 2390 centuriaeque
577 2301 697 2380 dixere,
714 2321 809 2389 quern
833 2309 959 2366 senatus
973 2301 1159 2368 dictatorcm
1181 2305 1247 2369 dici
1266 2307 1416 2391 jussurus

345 2389 458 2456 iuerat.
488 2404 557 2456 tum
582 2390 745 2474 extempio
768 2389 801 2453 in
829 2387 992 2453 Etruriam
1019 2389 1060 2454 ad
1086 2390 1225 2477 legiones
1254 2393 1416 2477 proficisci

341 2477 446 2564 jussit.
492 2475 658 2542 Adventus
681 2477 748 2562 ejus
773 2477 959 2560 compressit
980 2477 1142 2554 Etruscos,
1159 2475 1240 2542 adeo
1262 2492 1300 2544 ut
1321 2497 1417 2546 nemu

346 2577 437 2630 extra
451 2563 650 2629 munimenta
664 2561 773 2650 egredi
788 2561 930 2639 auderet,
946 2561 1105 2650 timorque
1119 2563 1261 2650 ipsorum
1276 2565 1418 2632 obuersa

347 2652 380 2715 ni
406 2649 515 2716 similis
538 2663 629 2715 esset.
660 2667 763 2735 neque
785 2648 856 2712 illos
883 2666 983 2713 novus
1008 2652 1119 2714 consui
1145 2651 1306 2716 vastandis
1393 2654 1416 2719 is

348 2737 541 2824 urendisque
566 2737 667 2814 tectis,
684 2753 783 2824 quum
809 2735 926 2820 passim
949 2753 1014 2800 non
1039 2735 1123 2802 rillaa
1147 2736 1261 2817 solum,
1278 2741 1335 2804 sed

349 2834 482 2912 quentes
508 2837 636 2910 quoque
658 2823 730 2900 rici,
746 2821 901 2886 incendiis
924 2819 1093 2900 fumarent,
1117 2822 1232 2889 elicere
1253 2825 1294 2890 ad
1314 2840 1418 2893 cana

347 2929 420 2975 meu
450 2909 564 2996 potuit.
610 2907 720 2986 Quum
749 2907 812 2971 hoc
840 2908 966 2996 segnius
997 2908 1117 2974 ballum
1143 2911 1299 2996 opinione
1326 2925 1418 2996 esset,

347 2995 478 3062 alterius
492 2995 577 3073 belli,
593 2994 681 3083 quod
695 2994 804 3060 multis
818 2994 851 3058 in
866 2995 967 3060 ricem
990 2995 1133 3061 cladibus
1155 2996 1241 3062 baud
1264 2997 1417 3066 inmerito

348 3081 489 3148 terribile
509 3093 588 3158 crat,
611 3081 696 3146 fama
719 3080 909 3159 Picentium,
925 3102 1082 3146 novorum
1107 3083 1279 3167 sociorum,
1298 3086 1418 3152 indicio

349 3179 464 3234 exorta
478 3182 545 3235 est:
567 3169 720 3235 Samnites
740 3189 830 3232 amru
850 3177 880 3233 et
900 3169 1092 3233 rebellionem
1112 3179 1260 3254 spectare,
1275 3193 1367 3258 seqare
1379 3175 1419 3239 ab

349 3257 391 3322 iia
404 3257 585 3322 milicitotos
599 3275 669 3320 erse.
716 3253 899 3320 Picentibus
909 3254 1021 3342 gratiae
1030 3269 1118 3332 actm,
1131 3255 1157 3296 ⁴⁸
1167 3271 1200 3321 et
1216 3276 1334 3344 magna
1345 3281 1419 3347 pars

349 3361 437 3408 curae
464 3341 613 3408 Patribus
638 3342 679 3407 ab
695 3339 826 3406 Etruria
846 3340 879 3405 in
897 3341 1053 3407 Samnites
1075 3358 1166 3407 versa
1188 3355 1246 3408 est.
1292 3345 1417 3412 Caritas

348 3429 445 3494 etiam
468 3449 605 3494 annonas
631 3427 795 3493 sollicitam
822 3426 980 3492 civitatem
1005 3427 1132 3494 babuit:
1156 3441 1352 3518 ventumque
1374 3434 1415 3500 sd

347 3517 466 3602 inopiae
489 3515 636 3580 ultimum
650 3514 745 3593 ioret,
761 3527 797 3579 ut
811 3513 975 3600 scripsere,
991 3515 1106 3602 quibus
1126 3515 1252 3582 aedilem
1266 3516 1366 3584 fuisse
1379 3541 1417 3586 eo

349 3621 436 3668 anno
458 3601 593 3667 Fabium
619 3601 804 3668 Maximum
825 3601 940 3686 placet,
956 3601 1070 3688 niejus
1085 3601 1143 3665 viri
1158 3623 1246 3680 cura,
1262 3605 1368 3706 qualis
1383 3609 1415 3672 in

349 3689 470 3756 bellicis
485 3688 579 3754 rebus
600 3688 708 3753 multis
729 3687 967 3772 tempestatibus
982 3686 1094 3765 lucrat,
1111 3687 1181 3754 talis
1195 3688 1284 3754 domi
1299 3705 1370 3758 tum
1384 3695 1417 3758 in

349 3797 486 3842 annonae
500 3775 743 3862 dispensatione,
758 3773 971 3862 praeparando
981 3797 1019 3842 ac
1029 3775 1234 3841 convehendo
1244 3775 1417 3860 mento,

502 3881 506 3914 t

384 4015 417 4062 id
437 4013 566 4062 UtPatrea
583 4012 612 4061 oi
621 4011 734 4078 jalario]
752 4011 785 4060 iit
806 4013 868 4062 nihii
932 4015 965 4064 li
982 4013 1022 4064 Μ.
1037 4013 1156 4064 Valerium
1165 4015 1294 4082 mm]
1307 4015 1418 4067 littu-

352 4081 419 4128 aiiud
441 4079 526 4128 Patres
546 4080 690 4126 deterruerit
711 4081 743 4126 ab
758 4074 868 4141 jubendo
900 4085 941 4126 tus
954 4087 992 4128 est
1009 4081 1046 4135 M.
1058 4079 1151 4126 Valerii
1173 4080 1247 4128 Corvi
1267 4086 1419 4132 cumbum·

300 4155 305 4164 ·
352 4143 479 4203 dictatore,
490 4155 565 4204 quam
582 4145 647 4204 quod
665 4143 765 4192 coniitia
782 4155 869 4190 conau-
901 4143 998 4193 viat‘t
1016 4145 1164 4192 nnnnuaa

352 4209 384 4255 its
411 4208 558 4268 subrogandi
583 4221 613 4256 ex
639 4209 760 4255 mutantia
780 4207 870 4268 prinei·
933 4161 1276 4277 piammonem
1289 4211 1419 4260 narrum

352 4285 413 4335 pum
425 4273 591 4321 sunthabitae
609 4273 674 4336 quod
687 4269 792 4319 comitiis
806 4272 868 4320 eiec-
901 4275 950 4322 huc
972 4287 1048 4336 usque
1073 4275 1104 4320 de
1125 4275 1176 4322 sola
1192 4277 1294 4325 Etruria
1312 4277 1419 4332 solliciti,

353 4345 393 4384 tus
406 4342 443 4384 est
453 4337 474 4384 is
485 4337 569 4386 consui
580 4351 655 4401 quem
671 4337 792 4400 principes
804 4337 869 4386 roie-
901 4339 977 4387 eoacti
988 4345 1045 4386 sunt
1057 4351 1170 4399 marnam
1182 4347 1278 4402 partem
1289 4355 1357 4392 curm
1367 4355 1420 4390 ser·

270 4401 273 4410 “
352 4403 419 4451 bant.
902 4405 987 4452 tereiu
1000 4403 1160 4452 Samniticum
1171 4406 1272 4454 usuum
