3034 4916
410 101 529 206 nra.
549 145 588 204 x.
614 145 719 205 cna
739 143 825 204 xxi.
1105 149 1163 213 stt

100 323 162 374 tur.
184 321 217 376 et
240 309 378 376 Romani
396 310 464 396 jam
487 310 746 378 transcenderant
771 307 901 394 vallum,
929 307 1098 396 caedesque
1120 325 1196 378 acu.
1209 324 1303 376 utta

98 396 251 462 tumultus
276 410 343 461 erat
363 399 396 460 in
416 397 534 462 castris.
581 396 771 466 Samnitium
797 415 908 480 agmen
945 393 1196 485 praeterquam*
1210 389 1302 468 Μ

99 480 205 548 hostili
221 481 371 560 tumultu,
386 485 583 568 captivorum
599 483 692 548 etiam
713 483 877 568 repentina
899 437 1071 549 defectione
1090 496 1158 560 tur·

98 566 207 633 batum
222 581 307 648 eret:
323 569 377 654 qui
391 569 508 655 partim
523 570 582 654 ipsi
598 569 692 634 soluti
707 571 828 634 vinctos
842 568 1022 634 solvebant:
1040 569 1157 655 purtim

98 675 186 720 arma
198 654 229 720 iu
240 654 370 720 sarcinis
378 655 514 742 deligata
523 655 696 741 rapiebant,
706 655 950 741 tumultumque,
961 656 1076 740 proelio
1087 656 1157 741 ipso

97 741 330 818 terribiliorem,
345 740 521 806 intermixti
535 742 654 830 agmini
668 741 863 827 prebebant.
907 739 1155 808 Memorandum

97 823 212 892 deinde
221 827 349 892 edidere
356 827 490 894 lacinus:
502 850 575 892 nem
588 827 709 894 Staium
721 827 1155 906 Minaciumducem‚adeun·

96 922 159 976 tem
174 915 303 980 ordines
316 912 567 1000 hortantemque,
584 915 750 980 invadunt:
773 909 929 998 dissipatis
951 914 1026 980 inde
1039 915 1154 1003 equiti·

96 999 163 1076 bus,
177 999 318 1085 quicum
329 1022 367 1064 eo
377 1000 520 1078 aderant,
530 1001 633 1086 ipsum
644 999 889 1077 circumsistunt,
902 999 1154 1088 insidentemque

94 1105 177 1171 equo
191 1099 319 1172 captum
334 1086 374 1151 ad
389 1086 550 1152 consulem
565 1087 744 1152 Romanum
762 1088 899 1172 rapiunt.
944 1087 1101 1152 Revocata
1115 1111 1154 1154 eo

94 1171 233 1238 tumultu
248 1173 353 1259 prima
365 1173 456 1262 signa
472 1173 679 1240 Samnitium:
701 1173 912 1260 proeliumque
921 1167 988 1258 jam
1026 1167 1153 1262 rofliga·

95 1265 163 1322 tum
179 1259 372 1346 integratum
386 1271 442 1336 est,
457 1282 517 1325 nec
531 1258 649 1326 diutius
666 1259 812 1324 sustineri
833 1261 949 1344 potuit.
1052 1282 1087 1324 sa
1111 1259 1153 1326 ad
1254 1277 1258 1284 '

94 1363 149 1408 sex
176 1345 276 1410 millia
300 1345 482 1410 hominum:
506 1345 573 1414 duo
597 1345 695 1410 millia
717 1358 749 1410 et
770 1345 935 1432 quingenti
956 1347 1058 1430 capti:
1081 1345 1152 1411 78ἰη

93 1429 137 1494 eis
162 1432 284 1498 tribuni
311 1432 445 1498 militum
472 1445 625 1518 quatuor:
656 1435 748 1520 signa
770 1431 919 1497 militaria
940 1431 1087 1519 trigintat
1109 1447 1151 1512 et,

94 1515 180 1600 quod
194 1517 394 1586 laetissimum
409 1519 580 1584 victoribus
594 1518 663 1597 suit,
680 1519 877 1604 captivorum
891 1534 1019 1604 recepta
1032 1529 1151 1605 septem

93 1601 192 1668 millia
216 1619 249 1670 et
274 1604 516 1706 quadringenti;
538 1603 650 1690 praeda
671 1605 785 1692 ingens
797 1605 972 1670 sociorum:
996 1605 1153 1693 adcitique

94 1686 198 1756 edicto
211 1689 334 1758 dommi
349 1690 389 1756 ad
404 1713 539 1756 resenas
561 1691 736 1756 noscendas
748 1690 1017 1778 recipiendaeque.
1062 1689 1152 1756 Prae-

93 1772 202 1842 stituta
220 1777 284 1856 die,
300 1800 434 1864 quarum
450 1800 554 1842 rerum
575 1800 638 1844 non
662 1777 781 1844 exstitit
794 1775 953 1856 dominus,
968 1776 1061 1842 militi
1076 1799 1153 1842 con·

93 1879 205 1927 cessae:
227 1865 393 1951 coactique
405 1864 543 1930 vendere
556 1863 712 1950 praedam,
726 1885 767 1928 ne
783 1863 870 1946 alibi,
885 1886 980 1952 quam
996 1865 1029 1930 iu
1044 1867 1153 1945 armis,

92 1946 234 2014 animum
248 1949 411 2016 haberent.
935 1965 936 1968 ’

135 2031 237 2102 ΧΧΙ.
263 2035 423 2125 Magnum
449 2061 486 2102 ea
510 2037 674 2124 populatio
699 2037 856 2124 Campani
880 2040 955 2125 agri,
978 2035 1151 2105 tumultum
1202 2114 1209 2122 ,
1293 2089 1297 2096 .

96 2115 209 2188 Rom
223 2125 421 2209 praebuerat:
444 2137 476 2188 et
492 2145 550 2222 per
564 2146 617 2187 eos
631 2121 712 2187 forte
726 2123 792 2188 dies
807 2145 847 2188 ex
867 2123 996 2188 Etruria
1011 2123 1152 2190 adlatum
1210 2120 1219 2132 “

92 2219 169 2284 erat,
195 2222 269 2293 post
292 2207 464 2275 deductum
491 2209 567 2274 inde
587 2206 832 2273 Volumnianum
858 2209 1035 2275 exercitum
1055 2209 1169 2284 Etru·¹

92 2289 171 2358 nam
187 2294 346 2361 concitam
361 2297 395 2358 in
409 2316 508 2372 arma,
522 2293 589 2359 ⁷⁹et
605 2293 743 2360 Gellium
756 2293 943 2382 Egnatium,
961 2295 1150 2364 Samnitium

91 2375 216 2458 ducem,
232 2395 265 2447 et
280 2380 423 2449 Umbros
442 2381 484 2448 ud
505 2379 712 2447 desectionem
727 2379 844 2462 vocari,
859 2394 891 2445 et
913 2379 1023 2446 Gallos
1049 2381 1153 2468 pretio

92 2461 123 2525 in
148 2469 213 2532 enti
227 2467 397 2538 sollicitari.
443 2468 508 2532 His
519 2467 642 2533 nunciis
656 2480 781 2539 senatus
795 2467 984 2532 conterritus
992 2468 1161 2552 justitium.

92 2487 200 2630 indici,
216 2553 374 2620 delectum
388 2555 491 2620 omnis
504 2553 629 2642 generis
650 2551 816 2618 hominum
835 2551 945 2618 haberi
963 2553 1069 2640 jussit.
1092 2555 1152 2620 nec

91 2632 221 2736 ingenui
237 2641 333 2706 modo
347 2653 403 2706 aut
411 2641 553 2728 juniores
568 2651 764 2705 sacramento
781 2638 894 2715 adacti,
914 2638 969 2703 sed
990 2640 1151 2707 seniorum

91 2728 185 2790 'ettam
199 2728 346 2794 cohortes
359 2727 461 2805 fectae,
476 2726 680 2814 libertinique
693 2723 870 2790 centuriati.
892 2739 925 2791 et
944 2723 1152 2792 defendenda

91 2807 178 2874 urbis
203 2813 335 2879 consilia
359 2815 579 2902 agitabantur;
611 2833 806 2898 summaque
833 2832 941 2877 rerum
968 2824 1088 2897 praetor
1115 2813 1150 2878 P.

93 2891 299 2982 Sempronius
312 2913 457 2986 praeerat.
503 2900 654 2966 Ceterum
674 2911 763 2984 parte
777 2918 864 2962 curae
877 2912 1089 2965 exonerarunt
1104 2922 1151 2964 ae-

91 2994 201 3050 natum
217 2987 257 3052 L.
274 2987 436 3052 Volumnii
458 2985 596 3054 consulis
623 2985 731 3062 literae,
747 2983 861 3070 quibus
882 3003 981 3049 coesos
1001 2983 1151 3087 lususque

90 3073 293 3152 populatores
309 3073 495 3160 Campaniae
509 3071 671 3160 cognitum
687 3082 743 3136 est.
774 3070 888 3158 ltaque
901 3084 933 3136 et
946 3070 1150 3157 supplicatio·

91 3171 147 3216 nea
161 3156 204 3222 ob
218 3182 286 3226 rem
302 3159 383 3224 bene
402 3174 523 3248 gestam
546 3157 683 3223 consulis
704 3157 833 3222 nomine
854 3157 1038 3223 decernunt„
1056 3159 1149 3245 justi·

90 3236 168 3304 tium
183 3247 365 3322 remittitur,
382 3244 472 3332 quod
484 3244 588 3309 fuerat
597 3243 665 3310 dies
679 3242 787 3308 decem
803 3256 836 3308 et
849 3255 934 3323 octo,
944 3245 1150 3330 supplicatio-

90 3344 153 3472 qqe
167 3332 298 3413 perlata
311 3330 380 3398 fuit.
425 3331 511 3397 Tum
526 3331 568 3396 de
581 3329 731 3416 prasidio
745 3331 882 3416 regionis
892 3328 1094 3416 depopulata
1108 3332 1150 3396 nb

132 3415 296 3498 mnitibus,
310 3417 424 3507 agitari
444 3429 599 3502 emptum.
645 3417 757 3502 ltaque
772 3416 901 3501 placuit,
916 3430 953 3481 ut
971 3417 1046 3481 duee
1063 3417 1150 3482 colo-

90 3494 153 3591 uiae
168 3501 253 3570 circa
267 3504 442 3571 Vescinum
457 3517 489 3568 et
505 3501 673 3568 Falernum
689 3523 801 3592 agrum
813 3501 1062 3568 deducerentur:
1086 3523 1150 3569 una

121 3717 605 3788 'lfllscirtrilunlmldtsmlAnetiam
636 3725 708 3773 alu

89 3783 153 3838 'l’ud
164 3784 285 3838 Samnites
301 3792 392 3838 tribuni
408 3791 535 3838 rnilitum?
562 3791 603 3837 ln-
669 3789 701 3836 te
716 3788 751 3837 Et
770 3787 871 3838 &mum
892 3785 1037 3850 Egnatium]
1060 3787 1151 3846 Repete

88 3843 212 3908 telligendi
234 3856 347 3903 videntur
372 3856 485 3903 ductores
509 3854 551 3916 qui
578 3853 603 3901 ln
636 3867 667 3900 ex
685 3853 876 3912 precedentibus
895 3853 1008 3900 maritum
1029 3854 1055 3897 tn
1076 3863 1151 3898 arma.

89 3903 235 3966 Samnitium
254 3922 361 3968 exercitu
377 3919 463 3968 eodem
485 3921 535 3967 fers
547 3916 605 3982 jure
637 3916 693 3964 Nisi
711 3917 766 3977 quis
784 3917 863 3972 malit,
883 3917 956 3976 idque
974 3917 1071 3970 meritc,
1093 3928 1151 3962 cum

88 3982 117 4018 ⁸⁰
127 3983 246 4034 potestate
263 3991 411 4046 essentque
428 3983 520 4031 tribuni
538 3983 604 4030 mili·
636 3981 758 4027 Gronovic
779 3981 871 4041 legere:
893 3981 928 4027 Et
945 3979 1048 4028 Gellium
1070 3979 1153 4040 nm-

88 4039 142 4084 ium
153 4041 178 4089 in
190 4045 308 4096 Romane.
342 4049 380 4098 Sic
391 4049 451 4096 cito
467 4049 492 4095 in
509 4047 602 4108 Origin.
636 4046 698 4092 tium
713 4043 858 4090 Saeuitiam
873 4041 953 4090 Mem
968 4047 991 4091 cl
1009 4044 1107 4092 umero·
1121 4042 1153 4088 ad

88 4097 233 4158 Anfiilialem
261 4113 366 4174 appellat
390 4111 525 4160 dictatorcm
547 4113 606 4160 car·
637 4109 784 4173 umnam
805 4120 894 4160 meare.
916 4113 938 4153 el
961 4108 1041 4156 Gallae
1061 4107 1152 4168 iuguli

86 4163 286 4237 thagintenuum,
297 4183 322 4224 et
334 4171 501 4226 Maharbalem
513 4177 602 4240 magir-
629 4175 709 4236 pretio
723 4170 861 4218 callidiore:
880 4169 937 4217 'ita
956 4179 985 4218 ut
1002 4173 1152 4232 intelligatur

88 4231 151 4278 aa„
167 4241 278 4297 equum
310 4241 344 4290 ar
360 4243 412 4303 ipse
430 4239 514 4288 araus
531 4241 603 4289 rua·
635 4239 729 4286 centus
740 4243 765 4282 a
776 4235 915 4281 umbrosa
927 4235 1009 4282 carros
1021 4247 1105 4282 vocar·
1120 4236 1152 4281 aa

87 4292 158 4342 ’ΨΜ
169 4305 234 4362 apud
252 4306 338 4353 Panos
348 4305 459 4353 nominat
468 4306 485 4352 l.
498 4305 602 4352 xxttt.
635 4315 711 4352 arma.

132 4377 202 4428 voa.
220 4387 243 4432 ι.
675 4385 731 4449 ap
