3056 4928
392 235 487 297 LIB.
514 235 601 295 viti.
632 237 736 296 CAP.
764 235 913 296 XXVIII.
1114 247 1167 300 est

116 379 452 469 Publiliotriumpiius
465 383 624 458 decretum
646 381 672 422 ⁶⁹
681 382 767 468 quod
782 384 857 448 satis
871 379 1069 461 credebatur,
1084 383 1168 448 obsi-
1179 405 1206 452 u
1220 405 1314 458 usia.

114 470 210 562 dione
223 471 361 538 domitos
375 469 478 534 hostes
493 470 525 534 in
541 469 634 536 fidem
650 469 781 534 venisse.
825 469 903 534 Duo
914 467 1084 556 singularia
1098 469 1207 535 haecd·
1218 473 1247 521 ⁰·
1258 473 1315 522 ³2³·

115 557 144 620 ei
166 556 236 623 viro
258 556 395 643 priorum
420 557 597 644 contigere;
619 557 803 644 prorogatio
826 554 951 640 imperii
966 577 1030 619 non
1045 570 1120 622 ante
1134 558 1167 622 in

115 642 181 708 ullo
194 642 289 721 lacta,
303 643 369 708 ⁶¹'et
382 657 454 708 acto
467 641 590 707 honore
605 643 793 726 triumphus.

158 728 311 794 XXVII.
335 729 433 794 Aliud
454 728 588 794 subinde
602 728 719 794 bellum
733 751 804 794 cum
821 728 949 793 alterins
962 752 1026 794 orte
1043 731 1167 796 Graecis

114 827 272 881 exortum.
287 835 424 901 namque
433 815 609 893 Tarentini,
620 837 718 900 quum
734 837 798 879 rem
816 815 1073 900 Palaepolitanam
1087 834 1318 883 veneracione-

113 922 167 990 spe
192 901 302 966 ausilii
328 901 521 988 aliquamdiu
549 902 779 979 sustinuissent,
810 915 974 988 postquam
1003 900 1334 968 Romanosrumndua

112 986 192 1052 urbe
219 989 337 1072 potitos
365 1009 521 1072 accepere,
551 987 635 1052 velut
670 988 821 1067 destituti,
855 1011 891 1052 ao
920 1011 984 1051 non
1014 990 1070 1075 qui
1105 991 1164 1075 ipsi
1175 965 1271 1011 ''nm''
1281 965 1328 1010 R*

113 1072 344 1153 destituissent,
362 1075 524 1159 increpare
554 1074 815 1160 Palaepolitanos:
847 1074 895 1137 ira
924 1091 1018 1160 etque
1046 1077 1166 1142 invidia

113 1160 147 1224 iu
173 1160 336 1226 Romanos
363 1158 486 1237 furera3
509 1183 548 1226 eo
571 1161 678 1237 etlam,
704 1160 790 1246 quod
816 1160 964 1224 Lucanos
987 1173 1020 1225 et
1044 1161 1166 1248 Apulos

113 1249 201 1330 (nam
220 1261 362 1334 utraque
383 1269 421 1312 eo
445 1267 529 1311 auno
554 1247 685 1311 societas
712 1261 818 1332 coepta
842 1247 900 1327 est)
927 1247 958 1310 in
985 1245 1080 1312 fidem
1106 1272 1168 1334 po·

111 1332 179 1418 puli
203 1331 342 1398 Romani
364 1333 484 1398 venisse
497 1331 638 1397 adlatum
653 1345 710 1397 est.
732 1335 844 1418 qui'ppe
858 1335 1074 1416 propemodum
1090 1357 1166 1417 per·

112 1429 230 1484 umam
258 1423 303 1484 ud
333 1443 364 1486 sc
391 1442 471 1484 esse:
491 1418 619 1504 jamque
648 1422 681 1482 in
711 1441 745 1482 eo
772 1441 835 1483 rem
851 1419 939 1502 soie,
966 1430 1000 1482 ui
1029 1421 1167 1488 Romuiii

112 1516 166 1572 aut
194 1508 304 1584 iosias,
329 1517 383 1570 aut
411 1507 528 1570 domini
555 1505 688 1568 labendi
714 1507 786 1570 sint.
832 1507 1007 1570 Discrimen
1026 1510 1166 1592 priffocto

111 1613 211 1656 reatem
225 1613 348 1657 suatum
370 1593 404 1656 in
424 1592 502 1656 tetta
515 1593 697 1658 Samnitium
720 1601 882 1676 mentuque
905 1589 968 1674 q'us
989 1595 1078 1658 uerti.
1100 1616 1165 1658 eom

109 1681 204 1744 ιοΙαω
223 1688 343 1764 gentem
365 1687 646 1755 restaurationum
669 1680 765 1760 ipsam
786 1680 864 1742 sutis
881 1679 1027 1755 ualidum,
1043 1683 1166 1763 quondo

110 1765 257 1830 Lucanae
277 1766 430 1847 defecerit.
453 1785 537 1849 quem
560 1767 697 1828 reuocari
717 1765 825 1842 adhuc,
843 1765 1009 1849 inpellique
1029 1768 1072 1830 ad
1092 1765 1165 1829 ndo-

109 1851 231 1914 iendcm
244 1853 416 1916 societatem
430 1853 601 1916 Romam
619 1871 717 1933 posse,
733 1851 761 1915 εἰ
781 1873 842 1935 qua
865 1872 918 1915 ars
942 1854 1077 1916 serendis
1102 1853 1165 1916 dis·

108 1938 226 2002 cordiia
239 1936 433 2004 adhibeatur.
471 1937 555 2001 Haec
565 1936 695 2000 consilia
706 1958 802 2022 quum
814 1936 900 2022 apud
915 1937 1047 2022 cupidos
1058 1959 1164 2004 rerum

108 2021 328 2088 novandarum
349 2025 537 2103 valuissent3
561 2045 598 2088 ex
617 2024 782 2108 juventute
804 2023 932 2109 quidam
960 2023 1163 2090 Lucanorum
1173 2041 1302 2090 eoactum

108 2109 213 2208 pretio
235 2108 453 2186 adsciticlari
478 2111 577 2197 magis
600 2111 683 2174 inter
705 2109 884 2194 populares,
907 2131 1002 2194 quarn
1030 2110 1164 2189 honesti,
1174 2106 1292 2155 tamnu.

109 2207 192 2260 mter
207 2217 241 2259 ae
255 2197 383 2260 mulcati
402 2195 463 2280 ipsi
483 2195 588 2282 virgis,
604 2217 701 2281 quum
723 2217 857 2280 corpora
880 2195 965 2260 nuda
988 2195 1166 2264 intulissent

109 2279 142 2345 iu
156 2280 272 2346 civium
294 2297 424 2359 cretum,
442 2280 600 2347 vociferati
621 2297 703 2358 sunt,
718 2303 763 2360 se,
778 2281 864 2367 quod
891 2295 995 2346 castra
1020 2283 1165 2350 Romana

108 2366 235 2456 ingredi
249 2369 316 2434 ausi
336 2380 447 2445 essent,
464 2367 624 2434 aconsnle
644 2369 740 2455 virgis
762 2389 870 2443 coesoq
885 2389 923 2432 ac
942 2389 1043 2455 prope
1062 2373 1164 2435 securi
1238 2359 1242 2372 '

108 2474 273 2538 pereussos
296 2475 371 2520 esse.
414 2453 577 2520 Deformis
596 2467 706 2540 suapte
725 2469 837 2518 natura
853 2475 900 2518 res
915 2475 1012 2540 quum
1028 2457 1163 2539 speciem

107 2538 236 2627 injuriae
260 2542 371 2628 magis,
388 2561 481 2626 quam
506 2540 583 2621 doli,
600 2538 832 2625 praeseferret,
848 2540 995 2604 concitati
1019 2541 1163 2608 homines

107 2638 229 2714 cogunt
254 2625 391 2692 damone
415 2649 472 2690 suo
497 2648 527 2690 m
573 2629 697 2692 istratus
722 2637 863 2692 senatum
890 2647 1020 2692 vocure:
1043 2642 1074 2692 et
1099 2627 1163 2704 alii,

108 2713 346 2779 circumstantes
363 2713 542 2790 concilium,
597 2713 674 2777 ilum
698 2713 730 2777 in
753 2714 912 2778 Romanos
934 2728 1085 2799 poscunt:
1110 2714 1177 2780 alii
1237 2719 1242 2728 '

107 2800 145 2862 ad
158 2799 378 2864 concitandam
390 2799 423 2863 in
435 2821 525 2864 arma
537 2798 769 2866 multitudinem
781 2800 951 2888 agrestium
964 2799 1162 2866 discurrunt:

108 2885 314 2971 tumultuque
336 2886 430 2950 etiam
444 2907 537 2950 sanos
551 2885 802 2952 ⁶¹conaternsnte
824 2886 957 2962 animoa,
972 2885 1162 2965 decernitur,

108 2985 144 3038 ut
166 2972 297 3038 societas
311 2993 385 3038 cum
401 2971 595 3038 Samnitibus
616 2986 840 3050 renovaretur3
862 2971 1019 3060 legatique
1038 2973 1078 3038 ad
1092 2997 1162 3039 eam

108 3079 176 3124 rem
193 3057 362 3124 mittuntur
371 3067 394 3122 ¹.
441 3058 620 3144 Repentina
635 3081 683 3123 res
697 3059 807 3146 ⁶²quia
821 3081 915 3146 qnam
936 3080 1075 3128 caussam
1092 3060 1163 3127 nul-

108 3141 184 3220 lam,
201 3157 266 3210 tam
284 3165 324 3210 ne
347 3143 442 3210 fidem
458 3145 584 3230 quidem
608 3144 754 3224 habebat,
770 3146 905 3211 coactio
922 3146 1117 3212 Samnitibus
1131 3163 1163 3212 et

107 3229 233 3296 obsides
256 3229 343 3308 dare,
369 3243 401 3295 et
426 3231 572 3315 praesidia
599 3232 631 3296 in
654 3232 724 3296 loca
752 3233 874 3296 munita
903 3233 1055 3317 accipere,
1086 3235 1161 3298 caeci

107 3314 217 3382 fraude
245 3329 277 3381 et
308 3316 356 3381 ira
388 3316 467 3382 nihiI
496 3334 692 3383 recusarunt.
737 3317 888 3382 Diiucere
923 3316 1038 3382 deinde
1075 3318 1161 3386 brevi

83 3477 87 3484 ¹
107 3399 194 3468 fraus
207 3403 314 3487 coepit,
330 3417 498 3490 postquam
516 3403 685 3468 criminum
708 3402 856 3468 falsorum
879 3416 1022 3468 auctores
1039 3403 1160 3470 Taren·

108 3501 179 3553 tum
200 3491 463 3578 commigravere:
486 3489 551 3568 sed,
572 3491 684 3555 amissa
697 3491 783 3554 omni
799 3489 839 3554 de
853 3511 885 3553 se
901 3502 1065 3574 potestate,
1081 3492 1161 3557 nihil

106 3575 201 3653 ultra,
240 3597 312 3640 uam
328 3589 365 3640 ut
378 3575 544 3663 poeniteret
558 3575 684 3654 frustra,
700 3578 844 3642 restabat

151 3659 224 3726 XX
259 3661 322 3728 III.
347 3661 397 3728 Eo
419 3683 505 3730 anno
529 3661 614 3747 plebi
640 3663 795 3728 Romanae
818 3660 905 3726 velut
929 3660 1014 3726 aliud
1036 3663 1159 3728 initium

1174 1042 1266 1076 mllio&

427 3797 438 3812 ,
472 3827 625 3876 wisimar
636 3822 793 3872 (immores.

137 3953 171 4002 3⁹
194 3951 261 4010 Μ
286 3957 343 4003 sate
368 3957 511 4022 umas]
538 3959 618 4015 Quod,
651 3963 712 4004 tum.
747 3957 803 4003 Iiuc
821 3967 896 4014 uque
913 3955 1049 4004 nemo-nisi
1064 3954 1089 3999 in
1109 3965 1161 3998 ma·
1205 4001 1208 4006 A

105 4019 151 4065 atei
174 4016 302 4078 PalaipoIIs
324 4021 348 4068 vi
368 4030 438 4082 capta
460 4035 507 4069 aon
529 4023 617 4077 iuerat.
650 4023 752 4082 giamtu
764 4019 961 4080 triumphaverat.
1018 4053 1021 4059 -
1267 4049 1269 4056 ,

104 4089 187 4130 tanen
206 4082 266 4129 satia
283 4086 424 4134 “debatur
438 4087 561 4134 obsidione
576 4087 619 4133 dc-
683 4085 712 4132 61
734 4083 911 4146 emanante]
934 4085 974 4132 Ad
995 4084 1101 4132 sumitur
1124 4081 1161 4126 in·

104 4147 178 4194 nuos
199 4147 281 4194 hortea
302 4162 356 4196 ease
370 4157 400 4196 et*
417 4153 450 4198 ad
471 4151 618 4198 demtionem
650 4152 748 4198 sitente.
1066 4164 1069 4172 “

103 4212 259 4272 compulsans
291 4219 364 4274 atque
398 4215 458 4262 deo
492 4215 617 4262 steterim
682 4213 824 4270 62'Qn'cn
845 4225 915 4272 quam
942 4226 1033 4260 comm
1060 4205 1162 4270 milam]

104 4275 167 4323 hane
177 4277 303 4337 triumpho
313 4291 361 4325 uon
371 4279 495 4342 ὴᾱμιιιι
506 4292 564 4326 ena.
649 4279 722 4337 Quia,
734 4277 939 4340 queamdmodum
951 4289 1049 4325 causam
1067 4276 1160 4322 nullam

137 4339 170 4386 60
189 4340 225 4386 m
246 4345 295 4388 ecio
313 4342 397 4389 Ioron
416 4343 560 4405 asumptus]
584 4343 617 4392 Et
648 4345 761 4403 habeon,
774 4345 807 4390 ita
819 4357 848 4388 ne
859 4341 1084 4403 credibilitquidcm
1096 4341 1162 4387 vide·

102 4404 243 4464 triumphus
271 4413 323 4466 post
349 4415 462 4456 enatum
491 4409 618 4468 magistra·
649 4411 726 4456 batur.

148 4485 218 4530 rot.
237 4489 261 4533 r.
690 4471 728 4536 ri
