2978 4918
312 233 366 286 ros
648 275 650 282 Α
702 224 977 290 rrr1mv11

310 391 375 456 loni
392 389 464 466 alii3
487 390 640 476 oppidum
656 389 809 470 dirutum,
825 412 901 480 ager
922 389 1029 456 veniit.
1089 381 1254 459 Consules,
1269 403 1300 448 m
1346 383 1371 446 's

312 476 685 626 obi1·aslpraviterulma
701 501 796 565 quarn
812 477 854 544 ob
868 474 1120 566 magnitudinem
1136 470 1271 560 perlecti
1338 469 1372 547 li,

312 565 407 630 trium
455 573 561 627 arunt.
598 605 603 612 -

153 666 289 718 uum
356 584 489 714 xlllll.
517 649 690 737 Insequena
715 673 816 715 annus
845 649 1032 716 Postumum
1061 646 1245 714 Cominium
1272 655 1305 708 et
1332 642 1374 706 T.

153 734 184 783 Δ
196 735 224 782 ⁰·
234 732 290 780 4⁹⁹·
316 736 461 801 Lartium
472 737 616 800 consules
631 737 751 802 babuit.
795 737 845 802 Eo
859 759 945 802 antio
962 735 1088 814 Romae,
1103 755 1201 822 quum
1212 753 1271 817 per
1282 729 1376 794 ludos

314 823 355 887 ab
383 821 575 888 Sabinorum
596 824 765 909 juventute
785 846 843 909 per
863 823 1023 888 lasciviam
1046 835 1150 887 scorta
1175 831 1377 904 raperentur,

315 930 471 975 concursu
497 910 659 974 bominum
674 911 746 975 rixa
759 933 796 974 ac
821 932 921 998 prope
941 907 1090 996 proelium
1113 907 1190 984 luit;
1212 923 1377 991 parvaque
1410 915 1415 926 ‘

315 1017 357 1060 ex
374 1018 408 1059 re
424 993 463 1060 aid
479 995 681 1060 rebellionem
697 1012 838 1083 spectare
862 1018 912 1062 res
928 995 1102 1060 videbatur.
1155 993 1283 1078 ¹Supra
1297 986 1378 1054 belli

316 1082 425 1146 Latini
441 1095 558 1146 metum
576 1081 608 1147 id
623 1105 750 1170 quoque
771 1096 954 1161 accesserat,
993 1081 1055 1146 uod
1071 1081 1201 1168 triginta
1210 1080 1276 1164 jam
1297 1096 1380 1141 con·

311 1170 435 1256 jurasse
459 1169 604 1254 populos,
619 1171 798 1235 concitante
813 1168 950 1234 Octavio
970 1104 1134 1246 lllamilio,
1153 1165 1229 1230 satis
1250 1174 1379 1228 consm-

318 1256 387 1320 bat..
437 1255 473 1320 ln
498 1256 558 1320 hac
572 1268 733 1320 tantarum
749 1257 986 1340 exspectatione
1007 1276 1113 1319 rerum
1138 1249 1274 1316 sollicita
1298 1249 1379 1312 civi-

317 1356 391 1421 tate,
407 1342 596 1408 'dictatoris
611 1343 750 1429 primum
767 1341 895 1406 creandi
911 1341 1030 1406 mentio
1051 1355 1132 1406 orta.
1146 1337 1221 1402 ⁵sed
1236 1357 1295 1401 nec
1309 1357 1379 1421 quo

318 1452 415 1509 anno,
437 1451 497 1493 nec
519 1428 634 1516 quibua
657 1427 851 1506 consulibus,
873 1429 947 1514 quia
972 1449 1014 1490 ox
1037 1425 1173 1491 factione
1197 1421 1382 1507 Tarquinia

318 1529 431 1602 essent,
451 1515 497 1594 (id
511 1537 637 1665 quopue
651 1515 734 1578 enim
759 1513 909 1598 traditur)
929 1535 1042 1599 parum
1068 1511 1222 1578 creditum
1248 1507 1301 1592 sit,
1316 1529 1380 1572 nec

318 1603 388 1690 quia
412 1601 553 1686 primum
595 1601 709 1667 ictator
722 1613 844 1665 creatus
869 1601 919 1678 sit,
934 1599 1009 1664 satis
1022 1611 1158 1664 constat.
1172 1595 1259 1682 apud
1275 1609 1382 1659 reter-

258 1722 266 1737 ·
318 1691 417 1754 rimos
433 1700 536 1751 tamen
552 1701 697 1752 auctores
721 1685 762 1751 T.
780 1687 926 1752 Lartium
945 1686 1133 1750 dictatorem
1147 1683 1299 1770 primum,
1317 1681 1380 1766 Sp.

320 1773 466 1841 Cassium
479 1773 684 1860 ⁴megistrum
706 1772 858 1860 equitum,
874 1788 995 1838 creatos
1014 1771 1150 1837 invenio.
1194 1767 1380 1833 ⁵Consula·

317 1885 368 1928 res
389 1859 510 1946 legere:
534 1860 579 1924 ita
604 1863 655 1923 lex
663 1859 809 1945 jubebat,
824 1859 865 1924 de
878 1859 1032 1924 dictatore
1053 1854 1193 1923 creando
1207 1855 1282 1920 late.
1328 1853 1382 1918 Eo

318 1948 419 2043 magis
434 1945 585 2022 adducor,
610 1960 647 2010 ut
671 1945 796 2010 credam
816 1945 970 2023 Lartium,
992 1945 1047 2033 qui
1071 1940 1273 2008 ⁶consularia
1297 1955 1382 2018 erat,

318 2046 434 2120 potrus,
451 2055 545 2119 quam
564 2031 620 2097 Μ’.
637 2031 813 2113 Valerium,
830 2031 880 2098 M.
893 2031 1005 2108 filium,
1023 2030 1129 2096 Volesi
1146 2044 1304 2114 nepotem,
1322 2029 1382 2112 qui

318 2121 461 2186 nondum
477 2119 588 2184 consul
602 2118 715 2196 luerat,
733 2119 963 2184 moderatorem
987 2132 1018 2184 et
1040 2141 1089 2182 ma
1115 2118 1224 2181 istrum
1240 2114 1385 2178 consuli-

317 2205 377 2272 bus
392 2206 580 2291 adpositum.
602 2205 689 2292 ⁷qui,
706 2205 731 2270 si
747 2207 885 2270 maxime
899 2228 939 2270 ex
962 2229 999 2272 ea
1021 2141 1140 2269 familia
1154 2201 1216 2286 legi
1242 2200 1383 2266 dictato-

317 2316 384 2358 rem
407 2291 533 2370 vellent,
559 2307 680 2376 putrem
707 2292 807 2357 multo
832 2293 939 2378 potius
961 2293 1007 2356 M.
1025 2290 1200 2366 Valerium,
1226 2297 1383 2388 spectatio

315 2379 496 2460 virtutiset
517 2381 716 2445 consularem
747 2379 860 2458 virum,
886 2372 1045 2468 legissent.
1090 2377 1207 2442 Creato
1221 2373 1383 2438 dictatore

315 2470 456 2555 primum
473 2465 598 2548 Rornae,
614 2479 782 2555 postquam
796 2464 962 2552 ⁸proelerri
976 2485 1101 2533 accures
1119 2461 1274 2536 viderunt,
1288 2481 1384 2548 ωεις-
1480 2515 1481 2520 ,

315 2657 378 2705 riam
395 2658 477 2706 densis
494 2658 598 2705 tenebris
616 2657 752 2704 involutam
771 2669 830 2704 esse.
863 2662 929 2704 nant.

316 2721 331 2750 ⁶
342 2723 389 2770 illc
408 2723 501 2782 aliquid
518 2723 653 2782 peccavisse
670 2721 775 2780 videtur,
794 2722 832 2767 vel
895 2719 975 2769 anes
994 2732 1034 2766 nco
1052 2731 1096 2779 orso
1109 2715 1182 2780 anno]
1203 2715 1348 2776 Dionysius,
1364 2717 1384 2762 1.

316 2787 469 2833 librariorum
486 2799 583 2844 manus,
602 2786 639 2832 vel
659 2785 760 2831 lortnoee
781 2786 833 2844 ipsa
865 2785 898 2830 V.
909 2785 982 2846 primi
998 2784 1121 2830 dictatoris
1137 2781 1284 2830 creationem
1301 2775 1388 2841 rejicit

316 2851 411 2897 Livius.
453 2849 514 2896 Utut
535 2849 577 2908 ait,
597 2849 669 2896 coloni
696 2847 736 2894 hic
762 2850 833 2896 intel·
864 2850 891 2896 ln
911 2855 1026 2910 quartum
1047 2847 1135 2895 abhinc
1154 2859 1257 2902 annum,
1278 2859 1328 2904 qno
1350 2843 1388 2893 Τ.

317 2914 409 2974 ligendi
426 2920 493 2972 sunt,
511 2927 541 2960 ex
558 2915 589 2959 lla
607 2925 663 2974 quse
683 2915 833 2972 precedunt,
866 2913 964 2960 Lartius
985 2915 1073 2960 iterum
1095 2913 1180 2959 consul
1202 2911 1249 2957 luit
1270 2922 1329 2956 cum
1350 2909 1387 2964 Q.

318 2977 572 3040 Pometiui„quorum
590 2980 648 3025 urbs
668 2976 762 3026 colonia
782 2985 834 3024 erut
866 2979 966 3026 cloelio:
984 2991 1059 3040 eaque
1076 2977 1221 3036 probabilior
1236 2973 1317 3034 opinio
1336 2981 1389 3023 eat.

318 3042 413 3089 latins.
439 3076 441 3080 -
865 3043 928 3090 Vide
938 3056 1010 3104 super
1026 3041 1101 3088 totius
1119 3036 1193 3102 hujus
1208 3039 1316 3086 sexennii
1333 3039 1389 3084 his-

353 3104 475 3168 l'Supm
494 3107 545 3154 belll
565 3107 647 3155 lallsd
666 3105 764 3170 mam]
792 3107 834 3154 Li·
866 3109 936 3162 toria,
959 3114 983 3154 et
1003 3119 1085 3154 renam
1108 3119 1150 3166 per
1174 3105 1235 3152 illud
1256 3109 1388 3162 gestamur

319 3174 404 3218 benten
421 3171 592 3232 amplectimur
608 3173 768 3220 certissimam
782 3171 835 3218 Du·
867 3173 959 3227 ordine,
977 3171 1154 3218 observationes
1181 3167 1314 3216 doctissimi
1337 3167 1390 3214 viri

315 3231 761 3299 jstiieonjeeturam.qui1egensum
777 3249 834 3282 cen·
867 3237 905 3283 De
921 3237 944 3282 la
963 3237 1041 3284 Cum
1062 3235 1087 3280 in
1109 3231 1290 3280 commentariis
1308 3233 1395 3292 regias

320 3307 367 3358 set,
393 3299 444 3347 aaut
474 3300 564 3349 Sublati.
616 3301 707 3350 Melius
739 3315 834 3362 quoque
867 3300 1051 3362 inscriptionum
1074 3307 1099 3345 et
1125 3300 1262 3345 litterarum
1289 3297 1390 3346 acade-

258 3365 261 3382 ‘
321 3365 391 3412 nobis
421 3365 552 3419 videretur,
574 3379 643 3428 saper
663 3399 670 3416 .
687 3399 718 3414 ..
740 3371 834 3412 metans.
867 3363 1097 3421 mirs,tomoV111.

322 3429 579 3489 Sinuessanum
594 3429 642 3476 ltaec
658 3434 729 3478 timor
746 3431 835 3478 incasit
901 3429 919 3476 4
940 3429 1090 3490 Manilianas
1116 3423 1233 3488 emnam]
1261 3425 1390 3484 Dictator,

320 3494 402 3542 Sallen
429 3494 495 3543 bellis
517 3499 542 3540 at
559 3508 580 3540 c.
598 3492 638 3541 bl.
657 3496 734 3558 Super
754 3494 837 3542 bellum
869 3495 911 3555 qui
931 3495 977 3542 alio
995 3493 1093 3540 nomina
1115 3491 1246 3539 vocabatur
1270 3491 1389 3551 magister

321 3571 411 3605 muoso
426 3561 553 3619 praemis.
587 3559 726 3622 †Vulgata
738 3561 836 3622 quidem
864 3559 955 3620 papuli,
986 3559 1135 3604 admiscebat
1162 3556 1209 3602 sibi
1241 3555 1391 3616 magistrumn

320 3624 393 3670 lectio
411 3629 475 3670 stare
493 3635 562 3682 posse
580 3637 628 3670 non
647 3627 750 3672 videtur.
783 3624 837 3668 'l'ri-
868 3624 980 3684 equilum,
993 3623 1032 3670 cui
1044 3628 1148 3683 potestas
1167 3619 1191 3665 ln
1212 3620 1305 3684 equites
1316 3633 1391 3666 com-

320 3689 390 3748 glnta
400 3688 466 3734 enim
477 3688 513 3734 llli
525 3689 616 3748 populi,
631 3691 674 3750 qui
689 3685 835 3751 conjurasse,
868 3689 1022 3742 mitterctnra
1047 3688 1089 3733 aed
1111 3687 1146 3732 ita
1157 3689 1260 3744 -tamen,
1282 3691 1310 3730 ut
1333 3685 1390 3746 ipae

320 3751 424 3801 Οοῐιινίο
435 3751 548 3818 Mamilio
565 3755 709 3808 concitante,
726 3767 785 3799 mox
799 3753 837 3800 di·
869 3753 991 3802 dictatoris
1002 3752 1104 3812 imperio
1115 3747 1238 3810 subjectus
1249 3753 1321 3798 leret.

321 3823 419 3873 cuntur,
443 3831 491 3863 non
513 3815 554 3862 ulii
570 3823 638 3876 sunt,
661 3831 736 3879 quam
756 3816 837 3864 Latini
902 3821 917 3864 ὃ
935 3813 1317 3878 Cmssalareslegere1Legerein
1336 3815 1392 3864 dic·

319 3883 375 3943 ipsl
868 3887 972 3929 tutorem
987 3896 1015 3929 aa
1032 3869 1176 3942 magistrum
1191 3879 1303 3940 equitum
1321 3879 1392 3928 viros

352 3945 527 4010 sumansu]
557 3945 688 3994 Dictatoria
710 3959 835 3994 summum
868 3949 1012 3993 consulares.

320 4011 378 4058 belll
399 4024 428 4056 ac
448 4011 524 4070 pacis,
545 4017 727 4073 ceterarumque
753 4025 836 4058 rarum
900 4012 916 4058 6
942 4009 1076 4058 Corollaria
1108 4007 1171 4073 aral]
1210 4008 1265 4056 lmo
1307 4023 1403 4070 quum·

320 4075 433 4120 omnium
449 4075 580 4134 imperium
599 4083 667 4122 erate
685 4075 707 4122 ei
718 4077 783 4124 dicto
794 4091 836 4124 au·
869 4075 974 4122 maxim
982 4073 1075 4122 conam.
1123 4074 1125 4078 '

319 4139 414 4185 denus
436 4151 488 4185 esse
509 4152 594 4187 omnes
620 4143 760 4202 oportebat;
793 4155 836 4188 nec
903 4137 1239 4203 toutstmartnoe1neter
1255 4137 1283 4186 al
1298 4141 1339 4200 qai
1356 4143 1391 4188 ad

320 4205 353 4249 ab
369 4215 407 4256 eo,
427 4203 513 4256 sutem
534 4205 619 4262 primia
638 4206 704 4252 hisce
723 4207 837 4267 tempori·
870 4202 954 4250 Patres
983 4203 1104 4250 llomnnoa
1134 4205 1250 4265 eligentes
1284 4203 1393 4253 dictato-

321 4269 376 4324 bus,
393 4267 481 4313 licebat
498 4281 634 4326 provocare.
668 4270 697 4315 ln
710 4283 752 4316 aex
769 4283 836 4316 men·
869 4281 930 4315 rem.

321 4345 359 4378 ses
378 4333 518 4378 creabatur:
548 4335 590 4380 sed
611 4335 682 4392 pauci
708 4335 838 4380 dictatores
901 4331 1067 4396 S'Praeferrl
1097 4333 1196 4396 secares]
1237 4333 1391 4382 Consulibus

320 4397 387 4448 bunc
409 4397 579 4460 magistratum
608 4398 701 4446 tamdiu
733 4399 837 4448 retinue-
852 4417 854 4422 ·
869 4398 936 4450 enlm
948 4412 996 4450 iton
1009 4398 1197 4460 praeferebantur
1208 4397 1302 4446 inurbs
1319 4413 1392 4448 secu-
