2986 4930
315 193 332 247 8
723 193 834 254 TlTl
864 193 1000 256 LIVll

313 353 375 418 deb
388 351 473 420 fania
486 366 549 419 est:
573 355 626 420 alii
649 357 767 442 proelio
783 358 899 422 victum
917 355 1069 422 Latinum
1086 379 1197 444 pacem
1218 378 1293 422 cunr
1309 357 1372 423 AE-
1389 359 1394 368 '

314 462 384 517 nea,
405 439 520 506 deinde
542 441 738 508 adfinitatem
759 445 905 530 junxisse
933 445 1080 510 tradunt:
1112 443 1176 524 alii,
1207 466 1306 531 quum
1321 446 1372 508 in-

314 539 441 592 structos
460 529 543 592 acies
566 530 788 608 constitissent,
801 531 986 618 priusquam
1009 531 1099 620 signa
1113 545 1273 607 canerent,
1295 552 1371 616 pro-

312 615 437 679 cessisse
453 613 605 680 Lstinnm
619 618 703 680 inter
716 617 883 703 primores,
900 620 1073 704 ducemque
1090 618 1282 683 advenarum
1297 641 1372 683 evo-

312 721 398 766 casse
419 701 458 767 ad
484 702 706 789 conloquium3
730 717 972 789 percunctatum
997 704 1121 783 deinde,
1144 705 1199 792 qui
1224 704 1372 770 mortales

312 800 426 865 essent,
442 788 537 866 unde,
555 805 607 856 aut
629 812 788 877 quo.casu
809 786 941 875 profecti
964 789 1071 870 domo,
1094 793 1210 878 quidve
1224 813 1372 876 quaeren-

313 885 359 938 tes
374 875 406 938 in
422 897 535 962 agrum
548 877 739 941 Laurentem
753 876 914 941 exissent?
935 891 1102 963 postquam
1123 877 1270 955 audierit,
1288 877 1371 943 rnul-

312 961 480 1026 titudinem
496 963 654 1050 Trojanos
665 985 748 1040 esse3
770 963 883 1030 ducem
900 963 1038 1040 diacon,
1055 963 1156 1030 filium
1168 963 1319 1030 Anchisa
1339 978 1371 1030 et

313 1047 464 1124 Veneris3
486 1063 624 1114 cremato
639 1050 742 1134 patria
757 1063 788 1113 ct
809 1049 906 1114 domo
927 1055 1081 1136 profugos
1102 1049 1208 1115 sedem
1231 1049 1371 1115 conden-

312 1135 426 1222 daeque
441 1135 510 1200 urbi
526 1137 632 1202 locum
648 1157 801 1222 quarere,
818 1152 849 1200 et
865 1137 1069 1212 ,nobilitatem
1087 1137 1278 1202 admiratum
1293 1159 1371 1220 gen·

312 1222 352 1286 tis
368 1222 425 1285 viri
450 1244 499 1299 ue,
522 1238 554 1288 et
575 1223 718 1288 animum
735 1222 780 1285 rel
804 1222 888 1286 bello
901 1223 950 1288 vel
973 1224 1043 1307 paci
1066 1239 1224 1308 paratum,
1239 1222 1373 1289 dextere

312 1309 388 1373 data
407 1243 502 1372 fidem
529 1308 645 1374 futuras
671 1307 819 1373 amicitias
844 1311 992 1374 sanxisse.
1036 1309 1116 1374 Inde
1144 1309 1247 1374 foedus
1270 1311 1371 1376 ictum

312 1396 395 1460 inter
416 1395 524 1477 duces,
547 1396 630 1460 inter
651 1399 807 1460 exercitus
826 1396 1048 1460 salutationem
1072 1395 1195 1462 lactans.
1241 1397 1371 1462 AEne'an

312 1481 397 1566 apud
414 1481 565 1548 Latinum
581 1482 675 1547 fuisse
688 1483 721 1546 in
737 1482 884 1566 hospitio.
898 1482 945 1546 ibi
961 1483 1111 1547 Latinum
1133 1483 1217 1568 apud
1235 1483 1371 1562 Penates

311 1569 401 1636 Deos
414 1567 621 1634 domesticum
638 1569 767 1651 publico
780 1568 959 1655 adjunxisse
979 1567 1095 1662 loedus,
1111 1569 1179 1634 filia
1198 1569 1313 1635 AEnere
1335 1570 1371 1634 in

310 1655 551 1720 matrimonium
566 1655 652 1720 data.-
674 1679 711 1719 es
732 1677 782 1720 res
802 1656 912 1742 utique
932 1655 1081 1741 Trojanis
1106 1677 1194 1742 spem
1220 1656 1377 1741 adfirmat

310 1741 438 1807 tandem
469 1743 573 1807 stabili
597 1755 746 1829 certaque
769 1743 843 1806 sede
869 1741 1001 1806 finiendi
1029 1745 1156 1808 erroris.
1201 1743 1369 1830 Oppidum

228 1845 235 1858 ·
311 1827 465 1895 condunt
518 1829 636 1894 AEneas
666 1830 706 1892 ab
728 1830 856 1892 nomine
886 1829 995 1894 uxoris
1027 1829 1194 1894 Lavinium
1220 1829 1370 1916 adpellat.
1430 1861 1432 1868 ·

211 1910 235 1987 '.
260 1943 268 1958 ·
312 1915 408 1982 Brevi
423 1917 518 2002 stirps
540 1937 667 2002 quoque
680 1914 779 1979 virilis
804 1939 841 1980 ex
863 1937 947 1979 novo
969 1916 1171 1980 matrimonio
1193 1916 1270 1995 fuit;
1293 1917 1371 1982 ⁶cui

206 2040 212 2052 ·
254 2071 261 2086 ,
313 2003 485 2068 Ascanium
503 2015 648 2090 parentes
663 2001 774 2066 dixere
788 2024 914 2068 nornen.

355 2089 398 2154 11.
433 2088 524 2154 Bello
554 2088 675 2153 deinde
693 2088 885 2174 Aborigines
905 2089 1102 2178 Trojsniqne
1139 2091 1234 2156 simul
1266 2089 1368 2176 petiti.
1404 2107 1408 2116 ’

311 2176 441 2250 Turnus
462 2199 518 2240 rex
539 2176 745 2256 Rutulorum,
761 2177 812 2241 cui
838 2189 931 2262 pacta
947 2177 1081 2242 Lavinia
1101 2193 1175 2244 ante
1196 2177 1368 2242 adrentum

308 2261 422 2328 AEneae
437 2261 549 2341 fuerat,
574 2262 741 2348 praelatum
765 2263 824 2328 sibi
840 2263 994 2329 advenam
1012 2287 1096 2354 aegre
1118 2265 1250 2352 patiens,
1273 2263 1368 2328 simul

308 2349 424 2414 AEnese
444 2349 625 2436 Latinoque
649 2348 765 2414 bellum
794 2351 952 2415 intulerat.
999 2351 1120 2418 Neutra
1144 2350 1369 2418 acieslaetaex

306 2437 543 2501 ee'certamine
558 2436 654 2500 abiit:
678 2436 752 2499 victi
771 2437 902 2501 Rutuli:
926 2439 1060 2502 victores
1077 2437 1150 2503 abo
1169 2440 1177 2453 ⁰
1203 2439 1268 2504 ines
1283 2432 1368 2502 Tro-

300 2523 432 2607 janique
453 2525 565 2588 ducem
583 2523 733 2587 Latinum
748 2525 894 2590 amisere.
940 2525 1018 2589 lnde
1034 2461 1366 2610 Turnusnllutulique,

144 2619 293 2668 Mezentius·
307 2609 399 2674 diffisi
415 2612 519 2688 rebus,
536 2611 575 2674 ad
600 2611 748 2674 florentes
769 2609 976 2674 Etruscorum
1000 2631 1076 2694 opes
1096 2611 1366 2696 Mezentiumque,

276 2725 277 2728 ¹
307 2717 416 2760 eorum
434 2719 553 2784 regem,
567 2696 771 2780 confugiunt:
793 2697 859 2781 qui,
875 2697 991 2758 ⁷Caere
1003 2695 1154 2779 opulento
1165 2710 1233 2759 tum
1246 2695 1367 2780 oppido

305 2783 501 2867 imperitans,
521 2785 588 2869 jorn
606 2783 679 2847 inde
694 2784 735 2846 ab
757 2783 847 2846 initio
869 2783 1000 2844 minime
1018 2781 1109 2844 laetus
1129 2803 1221 2846 novae
1243 2782 1367 2870 origine

308 2871 404 2949 urbis,
432 2883 462 2932 et
488 2885 555 2933 tum
580 2869 680 2932 nimio
706 2869 786 2954 plus,
804 2889 898 2953 quam
915 2869 988 2932 satis
1004 2881 1106 2931 tutum
1131 2881 1211 2931 esset
1234 2867 1365 2947 adcolis,

306 2977 371 3019 rem
389 2956 560 3042 ‘l'rojannm
577 2978 715 3030 crescere
729 2968 827 3031 ratus,
840 2954 923 3020 haud
935 2957 1089 3042 grauatim
1102 2955 1187 3018 socia
1197 2977 1286 3019 arma
1298 2955 1367 3020 Ru·

306 3041 504 3128 tulisjunxit.
549 3041 841 3118 AErreas,adversus
863 3043 942 3106 tanti
957 3041 1031 3104 belli
1055 3053 1207 3108 terrorem
1237 3054 1272 3105 ut
1297 3044 1367 3106 uni-

305 3151 374 3192 mos
390 3129 603 3215 Aboriginum
616 3129 674 3190 sibi
690 3125 881 3203 conciliaret,
898 3127 956 3190 ⁸ne
970 3129 1028 3191 sub
1044 3127 1155 3192 eodem
1166 3129 1241 3214 jure
1252 3128 1365 3206 solum,

305 3216 360 3280 sed
380 3217 474 3279 etiam
493 3215 629 3288 nourrius,
646 3235 756 3277 omnes
777 3227 891 3292 essent,
909 3213 1040 3278 Latinos
1054 3227 1222 3300 utramque
1236 3229 1364 3301 gentem

304 3303 486 3385 adpellsvit.
534 3304 601 3363 Nec
616 3299 732 3364 deinde
746 3298 936 3384 Aborigines
951 3299 1100 3385 Trojanis
1124 3301 1228 3366 studIo
1250 3325 1287 3366 ac
1302 3302 1366 3366 fide

303 3412 380 3477 erga
395 3411 500 3475 regern
516 3385 644 3450 AEnenn
660 3406 799 3450 cessere:
824 3385 982 3472 fretusque
996 3387 1044 3450 his
1060 3389 1173 3451 animis
1187 3389 1366 3458 coalescen-

303 3476 383 3540 tium
399 3476 432 3538 in
454 3474 523 3536 dies
540 3473 639 3556 magis
654 3472 791 3534 duorum
814 3471 1004 3556 populorum
1023 3473 1156 3556 diluens,
1172 3496 1364 3561 quamquam

303 3573 390 3626 tanta
413 3559 528 3646 opibus
554 3557 685 3622 Etruria
709 3568 787 3634 erat,
811 3571 846 3620 ut
869 3559 936 3644 jam
960 3583 1023 3624 non
1053 3574 1151 3626 terras
1174 3561 1287 3640 solum,
1309 3559 1367 3628 sed

703 3707 807 3758 beriade
818 3711 892 3758 Gran.
905 3713 973 3760 Cras.
1065 3701 1067 3708 ⁴

335 3843 351 3896 6
369 3842 415 3890 Cui
424 3837 563 3900 Ascanium]
582 3837 676 3884 Vocem
686 3841 724 3888 cai
734 3841 817 3887 obesse
850 3855 903 3889 asro
920 3845 989 3891 Care
1001 3840 1055 3905 jam
1073 3857 1122 3890 non
1138 3842 1281 3901 opulentum
1297 3844 1367 3904 oppi-

303 3922 319 3954 ι
334 3907 478 3968 quibusdam
496 3905 591 3963 scriptis
605 3909 708 3954 testatur
724 3905 817 3952 Grono·
849 3907 979 3958 duruerat
1013 3909 1145 3956 Restabant
1159 3913 1255 3953 tantum
1266 3909 1364 3966 rudera,

303 3973 365 4018 vius.
390 3971 458 4016 idem
467 3970 497 4014 de
508 3983 556 4014 uno
565 3983 579 4014 a
589 3981 614 4014 se
623 3968 731 4030 inspecto
739 3971 816 4018 Hear·
850 3969 911 4020 t'sste
920 3973 1045 4026 Strabone,
1058 3975 1075 4019 l.
1088 3987 1110 4020 v.
1360 4010 1371 4038 0

302 4036 481 4094 niueafflrmat.
516 4033 586 4080 Unus
597 4037 816 4094 quoqueendstris
883 4037 1011 4084 S'Nessd
1021 4037 1097 4084 rodon
1100 4035 1169 4100 jure]
1182 4035 1216 4085 Ut
1226 4049 1273 4083 non
1283 4036 1363 4082 solum

301 4101 370 4146 illam
391 4111 438 4144 non
457 4099 562 4146 exhibet.
595 4097 657 4145 Sane
676 4101 759 4148 Livius
775 4115 819 4161 po-
849 4103 934 4150 codem
952 4102 1053 4162 imperio
1069 4102 1203 4162 iisdemque
1218 4099 1310 4162 legibus
1326 4113 1366 4144 re-

303 4166 350 4210 tuit
361 4165 406 4210 hoc
417 4163 470 4210 loco
481 4177 624 4225 pronomen,
633 4171 660 4213 ut
672 4180 736 4228 serpe
747 4167 815 4223 alias,
848 4174 971 4227 gerentur,
983 4169 1026 4216 sed
1042 4168 1116 4214 etiam
1128 4169 1213 4214 eodem
1226 4177 1310 4212 omnes
1321 4176 1364 4214 nu·

302 4230 424 4278 omittere.
849 4233 1014 4282 mineessent.

335 4293 448 4346 'I'Caere
462 4295 565 4356 eprshnte
578 4300 629 4342 turn
641 4297 733 4364 oppido]
751 4295 815 4357 vlivii
1048 4295 1053 4305 '
