3032 4924
434 215 526 274 LIB.
549 213 598 271 Vl.
627 213 729 272 CAl‘.
751 211 877 272 XXXV.
1124 221 1181 274 385

118 395 182 461 qne
201 375 329 440 animus
349 389 446 440 esset:
468 376 760 461 possessionemque
774 374 914 452 nonoris,
930 373 1070 459 usurpati
1083 377 1178 440 morlo
1188 399 1216 447 u.
1229 399 1254 443 c.
1266 400 1321 448 ste.

119 485 138 524 a
152 461 248 544 plebe
262 481 451 547 perpaucos
464 483 574 539 annos,
590 483 790 546 recuperasse
811 463 842 524 in
864 473 1050 546 perpetuum
1070 461 1216 526 PatresA·
1227 465 1255 511 ⁰·
1266 465 1321 512 3⁷⁴·

121 547 317 612 viderentur.
362 550 412 612 Ne
426 549 458 611 iu
480 549 571 612 nimis
593 547 700 611 laetum
716 547 798 632 parti
810 547 900 611 alteri
912 561 1001 624 esset,
1016 569 1112 634 parva
1128 555 1178 633 (ut

141 633 309 720 lerunrque
329 633 420 716 solet)
442 655 508 698 rem
528 635 686 722 ingentem
707 633 861 698 moliundi
877 649 987 699 caussa
1000 635 1177 700 intervenit.

163 721 282 794 ‚Fabii
307 721 466 798 Ambusti,
488 721 626 806 potentis
646 720 713 796 riri,
736 741 834 805 quum
858 721 941 784 inter
965 721 1013 784 sui
1036 725 1315 807 corporisrannrum

120 804 278 886 homines,
293 823 361 870 tum
376 808 468 872 etiam
484 809 522 870 ad
538 807 673 892 plebem,
689 807 775 892 quud
789 806 1031 893 haudquaquam
1048 809 1129 872 inter
1143 810 1174 872 id
1185 815 1294 882 sororum

118 913 218 979 genus
231 905 410 958 contemtor
424 895 489 979 ejus
505 893 688 968 habebatur,
705 892 778 956 liliae
793 893 867 956 dttae
882 911 1002 978 nuptae,
1020 895 1087 960 Ser.
1105 895 1175 960 Sul·
1186 873 1316 966 ΨΜ·

120 979 204 1062 pieio
220 980 332 1064 major,
354 983 458 1043 minor
474 981 510 1044 C.
527 980 653 1044 Licinio
669 978 791 1044 Stoloni
806 994 883 1056 erat,
901 981 1022 1044 inlustri
1038 983 1175 1067 quidem,

119 1065 187 1128 uiro
211 1079 320 1130 tamen
342 1065 483 1152 plebeio:
508 1087 607 1152 eaque
629 1067 697 1148 ipsa
719 1065 863 1130 adfinitas
885 1061 1089 1150 haud'sprera
1102 1092 1175 1155 gra-
1216 1103 1219 1112 ·

119 1153 195 1215 tiam
220 1151 323 1216 Fabio
336 1152 377 1216 ad
393 1152 521 1240 vulgum
537 1153 713 1238 quaesierat.
760 1152 856 1216 Forte
878 1153 921 1216 ita
943 1153 1063 1227 incidis,
1079 1169 1125 1231 nt,
1143 1157 1173 1219 in

121 1237 189 1302 Ser.
204 1237 342 1322 Sulpicii
356 1239 475 1302 tribuni
493 1239 628 1302 militum
651 1239 747 1302 domo
761 1261 882 1302 sorores
897 1239 1003 1303 Fabiae
1012 1261 1109 1326 quum
1127 1242 1174 1303 in-

119 1335 168 1388 ter
192 1345 226 1388 se
254 1327 303 1406 (ut
325 1323 376 1406 fit)
401 1325 598 1389 sermonibus
613 1341 737 1408 tempus
751 1338 896 1402 tererent,
914 1326 1005 1390 lictor
1032 1325 1173 1410 Sulpicii,

119 1431 216 1495 quum
242 1411 269 1473 is
295 1410 338 1477 de
357 1409 426 1476 foro
448 1433 481 1475 se
495 1411 623 1475 domurn
639 1411 801 1494 reciperet,
824 1409 922 1474 forem
949 1418 998 1496 (ut
1023 1434 1089 1476 mos
1115 1417 1174 1495 est)

119 1497 206 1584 virga
219 1509 405 1582 percuteret
429 1519 526 1582 quum
543 1497 642 1573 adid,
661 1497 755 1560 moris
774 1498 841 1580 ejus
852 1498 982 1574 insueta,
999 1501 1174 1581 expavisset

122 1583 225 1646 minor
248 1582 359 1660 Fabia,
377 1585 451 1648 risui
468 1584 568 1647 sorori
584 1583 651 1659 luit,
669 1584 795 1646 miranti
812 1584 958 1672 ignorare
975 1586 1004 1648 id
1021 1607 1173 1651 sororem.

121 1669 270 1733 Ceterum
299 1671 324 1734 is
345 1671 423 1733 risus
442 1670 584 1734 stimulos
596 1670 700 1754 paruis
716 1669 822 1732 mobili
835 1675 927 1734 rebus
941 1672 1049 1734 animo
1065 1673 1176 1735 mulie-

119 1754 168 1818 bri
189 1754 350 1820 subdidit:
372 1756 547 1840 frequentia
561 1777 687 1850 quoque
708 1757 962 1842 prosequentium
979 1759 1176 1844 rogantium·

119 1863 189 1928 qne,
206 1844 356 1928 namquid
367 1845 481 1906 uellet?
505 1847 600 1906 eretlo
614 1841 810 1906 fortunatum
830 1845 1065 1910 matrimonium
1082 1848 1110 1908 ei
1126 1867 1176 1908 so-

120 1928 200 1991 roris
215 1927 334 2004 visum;
357 1929 469 2015 suique
490 1931 588 2010 ipsam
609 1928 635 1972 ³⁷
646 1929 731 2013 malo
748 1929 890 2006 arbitrio,
911 1953 975 2016 quo
990 1955 1009 1996 a
1024 1932 1177 2014 proximis

119 2016 253 2099 quisque
282 2014 413 2080 minime
435 2016 544 2079 anteiri
569 2013 646 2093 vult,
673 2016 863 2098 poenituisse.
910 2019 1082 2080 Confusam
1106 2039 1175 2082 eam

118 2123 158 2165 ex
182 2102 302 2167 receuti
316 2122 425 2165 morsu
439 2101 536 2166 animi
550 2121 647 2186 quum
663 2115 752 2184 pater
776 2102 858 2164 sorte
872 2101 1007 2174 vidisset,
1023 2125 1177 2188 percunc-

28 2230 34 2241 ·
120 2199 212 2263 tatus,
230 2189 325 2252 satin'
340 2190 458 2252 salom?
481 2187 710 2252 llavertentem
734 2207 875 2250 cerussam
902 2187 1021 2252 doloris
1044 2191 1178 2274 (quippe

120 2294 179 2338 nec
201 2274 278 2338 satis
304 2275 388 2358 piam
409 2273 557 2338 adiersus
578 2295 727 2349 sororem,
752 2295 808 2336 nec
832 2274 1003 2338 arimodum
1026 2277 1175 2338 invirum

121 2358 346 2441 honorificam)
371 2358 479 2424 elicuit
493 2360 625 2424 comiter
647 2358 843 2436 sciscitando,
873 2372 905 2422 ut
932 2359 1090 2436 fateretur,
1107 2381 1176 2425 cam

120 2469 186 2511 esse
200 2468 344 2512 caussam
359 2446 487 2523 doloris,
498 2445 581 2532 quod
600 2447 712 2531 juncta
734 2446 835 2528 inpari
851 2459 939 2522 esset,
958 2463 1058 2526 nupta
1074 2448 1104 2509 iu
1120 2446 1178 2511 do·

120 2555 183 2608 mo,
222 2554 295 2598 uam
321 2554 380 2598 uec
403 2532 503 2596 honos
519 2553 577 2596 nec
590 2531 693 2620 gratia
708 2534 825 2595 intrare
843 2547 953 2616 posset.
1002 2531 1179 2596 Consolans

119 2555 303 2686 indebiiam
317 2621 492 2684 Ambustus
504 2619 620 2682 bonum
633 2618 772 2681 animum
789 2616 905 2682 habere
914 2617 1027 2702 jussit:
1050 2618 1176 2682 eusdem

120 2727 220 2790 propo
241 2707 324 2770 diem
347 2705 432 2770 domi
448 2705 584 2770 visuram
605 2703 752 2780 bonores,
768 2725 847 2790 quos
868 2704 952 2790 apud
977 2725 1115 2768 sororem
1132 2705 1178 2766 vi-

118 2795 203 2856 deat.
247 2791 329 2856 Inde
352 2791 481 2856 consilia
502 2791 582 2856 inire
607 2812 679 2854 cum
702 2811 820 2876 genero
841 2791 949 2875 coepit,
972 2789 1115 2854 adhibito
1139 2791 1176 2854 L.

120 2880 244 2956 Sextio,
260 2893 390 2944 streunn
401 2878 608 2954 adolescente,
623 2891 656 2941 et
670 2879 758 2963 cujus
773 2877 838 2963 spei
853 2877 933 2940 nibil
947 2889 1178 2964 p1·oetergenus

117 2966 287 3050 patricium
302 2965 431 3032 deesset.
771 2989 773 2998 ·

160 3051 315 3117 XXXV.
338 3053 471 3118 Occasio
489 3052 654 3117 videbatur
675 3075 777 3118 rerum
802 3052 1021 3117 novandarum
1047 3065 1177 3136 propter

117 3139 279 3226 ingentem
299 3141 362 3202 vim
384 3139 455 3204 aeris
468 3139 580 3214 alieni;
603 3141 691 3225 cujus
713 3138 952 3204 levamcnmali
974 3137 1092 3224 plebes,
1116 3137 1175 3202 nisi

116 3227 182 3288 suis
198 3228 230 3288 in
246 3247 371 3290 summo
386 3226 520 3311 imperio
531 3225 653 3304 locatis,
663 3224 785 3288 nullum
798 3237 947 3310 speraret.
993 3224 1175 3311 Adeiogeu-

116 3311 194 3374 dum
216 3312 340 3376 adeam
356 3312 579 3399 cogitationem
595 3333 670 3375 esse.
693 3311 839 3374 conando
859 3311 1045 3410 agendoque
1055 3312 1120 3392 jam
1137 3331 1176 3372 eo

116 3396 253 3486 gradum
265 3397 373 3462 fecisse
387 3397 536 3484 plebeios,
553 3397 647 3474 unde,
663 3396 689 3461 si
709 3418 805 3480 porro
819 3397 1014 3472 adnitantur,
1030 3395 1185 3478 ³‘’per-va:

117 3483 186 3548 nire
200 3481 242 3548 ud
256 3487 405 3561 summa',
419 3497 450 3548 et
467 3484 613 3548 Patribus
628 3482 758 3569 aequari,
774 3495 838 3545 tam
858 3482 991 3560 honore,
1002 3503 1095 3581 quam
1113 3483 1174 3542 vir-

117 3583 196 3646 tute,
223 3585 362 3656 possent.
407 3571 446 3636 ln
472 3572 638 3655 prasentia
665 3567 930 3654 tribunusplebis
956 3567 1023 3631 fieri
1046 3565 1173 3650 placuit,

520 3725 529 3756 ²
546 3737 659 3771 maumam
669 3725 743 3771 (ἔων.

147 3869 202 3919 m·
211 3867 280 3916 Malo
294 3867 401 3934 arbitrio]
418 3871 465 3917 Per
481 3871 548 3917 iilam
562 3867 628 3932 judi·
661 3873 783 3916 totamm.

114 3935 351 3983 monstrandi
363 3937 628 3996 pravitatemque...
692 3932 724 3978 89
742 3929 867 3976 Perueulre
885 3929 915 3974 ml
933 3927 1036 3992 marma]
1062 3929 1100 3976 Sic
1121 3931 1172 3976 An-

78 3997 82 4006 '
144 3999 178 4048 88
194 3997 542 4062 Averlentemeuusamdoluris]
565 3997 626 4044 Ver·
660 3991 1080 4053 nassesmpanununusemss.
1095 3995 1171 4041 Hear-

116 4071 208 4112 tentem
221 4063 270 4109 alio
280 4077 309 4110 ac
319 4063 511 4111 dissimulantem
529 4075 626 4110 causam
661 4057 985 4120 artesquinqueenosnis.
1012 4059 1172 4106 Gronouisnas

115 4127 339 4184 dulor-immersisti
349 4129 477 4190 fateretur,
497 4127 512 4175 i.
525 4141 546 4175 e.
563 4141 630 4174 com·
662 4125 778 4172 editiones
797 4121 827 4167 ud
844 4135 972 4166 mammam:
992 4135 1039 4168 nan
1059 4129 1133 4180 recte,
1144 4130 1173 4170 ut

116 4193 178 4252 pulit
188 4192 268 4239 interi.
286 4191 326 4239 sie
341 4194 432 4247 Cicero,
445 4193 460 4237 i.
476 4193 508 4237 ii.
520 4193 551 4237 de
561 4192 628 4236 Orat.
664 4187 784 4248 putamus.
822 4186 906 4231 Horat.
927 4185 1004 4244 Epist.
1017 4185 1053 4232 11.
1065 4187 1086 4234 1.
1103 4189 1171 4234 Veni-

117 4269 140 4302 n.
164 4257 202 4303 lu
240 4255 277 4303 Tu
296 4269 362 4316 quem
383 4269 495 4318 egum.
514 4249 630 4315 utinquam
663 4267 714 4298 mus
738 4251 767 4296 ud
793 4263 908 4296 crimmum
925 4249 1041 4310 formum,
1068 4266 1115 4299 uon
1143 4253 1173 4299 ud

118 4321 195 4368 elisere
208 4321 497 4384 patuloddirpslendnm·
533 4319 564 4366 Et
575 4331 630 4364 nos
662 4330 782 4362 mmmmm.

117 4391 153 4430 ter
171 4399 245 4445 supra
255 4397 277 4431 e.
289 4383 328 4431 81.
349 4385 381 4432 Ul
397 4385 483 4432 osam
499 4384 586 4430 elicere!
601 4383 631 4428 od
687 4391 690 4398 ’

158 4469 231 4511 VOL.
250 4469 271 4511 Ι.
713 4466 763 4506 CC
