3032 4924
436 263 530 327 ura.
551 266 587 326 v.
618 243 722 328 cnr.
743 265 856 326 xnrx.
1114 271 1169 326 an
1190 317 1198 324 .

114 451 224 518 corpus
257 431 366 514 armis,
394 433 444 496 rel
472 431 557 510 dedi,
583 431 632 496 rel
661 430 843 508 redimire,
869 435 1068 517 quacumue
1095 429 1327 517 pneuma

115 517 193 583 tione
212 529 356 604 possent,
375 518 486 602 jussit;
504 517 697 604 jactantibus
718 539 786 582 non
801 517 934 582 obscure
949 453 1060 596 Gallis,
1082 511 1311 584 haute-⁰³³⁷·

116 625 227 692 magna
249 604 397 670 mercede
428 627 461 670 se
486 604 600 670 adduci
636 627 736 690 posse,
771 617 807 668 ut
842 604 1042 669 obsidionem
1074 604 1170 669 relin-

116 703 217 778 quant.
264 691 353 756 Tum
382 703 507 756 senatus
533 689 669 769 babitus,
690 691 888 777 tribunisque
908 690 1046 755 militurn
1072 704 1309 780 nego-Prusens-

116 781 186 842 tium
211 777 335 854 datum,
362 789 398 842 ut
423 778 667 862 paciscerentur.
711 775 792 840 lude
816 779 899 841 inter
921 776 965 853 Q.
994 776 1219 862 Sulpiciumtur
1228 769 1334 817 ΜΨ

114 864 272 930 tribunum
289 864 425 928 militurn
440 876 471 929 et
487 863 650 929 Brennum
665 863 808 952 regulum
821 862 988 928 Gallorum
1000 847 1236 950 conloquiocum
1249 833 1334 882 Μ’·

115 963 269 1016 transacta
283 973 334 1015 res
349 963 405 1028 est,
421 962 454 1016 et
466 949 586 1022 8³mille
596 950 706 1036 pondo
720 950 789 1014 auri
811 949 948 1035 pretium
968 950 1079 1036 populi
1093 974 1172 1039 gen·

114 1037 193 1102 tibus
222 1057 301 1102 mox
330 1037 514 1120 imperaturi
542 1036 669 1102 sactum.
731 1036 801 1114 Rei,
832 1035 1012 1101 loedissimae
1040 1059 1099 1122 per
1127 1061 1170 1116 se,

114 1125 230 1210 adjecto
256 1123 429 1212 indignitas
458 1137 514 1188 est.
550 1123 694 1209 pondera
721 1122 763 1186 ab
789 1122 892 1186 Gallis
921 1122 1026 1188 adlata
1051 1124 1169 1210 iniqua,

112 1223 151 1288 et,
183 1210 315 1276 tribuno
345 1222 520 1290 recusante,
548 1209 677 1275 additus
705 1207 746 1272 ab
777 1209 930 1274 insolente
966 1209 1061 1275 Gallo
1089 1232 1171 1295 pon·

112 1296 176 1361 deri
195 1295 339 1385 gladius:
362 1296 533 1381 auditaque
554 1293 753 1361 intoleranda
775 1295 928 1360 Romanis
946 1317 1019 1374 uox,
1041 1297 1095 1360 Vcc
1108 1299 1170 1360 vic·

112 1385 150 1448 lis
163 1406 236 1449 esse.
1278 1389 1281 1396 ’

153 1469 281 1535 XLIX.
305 1469 368 1535 Sed
390 1469 547 1555 ⁸⁴Diique
571 1481 603 1535 et
628 1469 773 1534 homines
797 1466 990 1551 prohibuere
1011 1470 1170 1536 redemtos
1179 1489 1312 1538 niueum
1336 1513 1339 1524 ι

111 1557 212 1621 virere
230 1557 406 1621 Romanos.
428 1577 501 1620 nam
529 1559 612 1622 forte
636 1555 785 1642 quadam,
810 1555 898 1638 prius
923 1577 1016 1641 quam
1042 1555 1307 1622 infandaauventm.

111 1639 228 1708 m'erces
242 1643 456 1728 perficeretur,
472 1664 530 1726 per
555 1643 787 1706 altercationem
814 1642 957 1706 nondum
980 1644 1068 1708 omni
1090 1667 1171 1708 auro

112 1729 259 1812 adpensa,
276 1729 413 1794 dictator
423 1729 611 1806 intervenit3
634 1727 811 1814 auferrique
825 1731 939 1792 aurum
950 1729 991 1794 de
1006 1730 1122 1808 medio,
1138 1743 1172 1796 et

113 1815 221 1881 Gallos
245 1815 427 1881 submoveri
440 1815 540 1901 jubet.
585 1815 695 1893 Quum
710 1815 756 1878 illi
770 1815 939 1881 renitentes
962 1830 1069 1899 pactos
1083 1817 1170 1884 dicc-

111 1915 270 1980 tentasse,
287 1915 465 1990 negateanr
488 1901 665 1986 pactionem
683 1914 784 1966 ratam
805 1923 885 1978 esse,
900 1925 981 2004 quae,
1001 1916 1171 1991 postquam

110 1989 174 2074 ipse
194 1990 332 2054 dictator
355 2003 478 2053 creatus
500 2001 591 2070 esset,
617 1989 735 2075 injussu
761 2010 820 2052 suo
845 1988 887 2053 ab
912 1989 1069 2054 inferioris
1095 1993 1171 2057 ’uris

112 2077 298 2164 magistratu
310 2073 393 2140 facta
403 2087 498 2139 esset:
510 2075 743 2161 denunciatque
754 2073 866 2154 Gallis,
880 2087 915 2138 ut
926 2099 958 2139 se
970 2077 1009 2140 ad
1019 2099 1090 2163 proe
1103 2079 1170 2142 ium

111 2161 290 2248 expediant
304 2161 385 2227 Suos
396 2161 428 2225 in
438 2183 585 2226 acervum
595 2161 749 2246 conjicere
759 2161 1042 2238 sarcinas‚etarmu
1051 2178 1170 2248 aptare,

110 2245 268 2335 ferroque,
283 2269 349 2312 non
365 2269 453 2325 auro,
470 2268 657 2334 recuperare
678 2246 813 2332 patriam
833 2247 935 2332 jubet,
951 2248 983 2310 in
1000 2245 1179 2334 conspeetu*

110 2333 262 2400 babentes
273 2335 347 2399 fana
358 2333 480 2412 Dedrn,
497 2345 529 2398 et
543 2335 702 2418 conjuges,
714 2343 746 2395 et
757 2331 884 2408 liberos,
897 2345 929 2397 et
943 2336 1044 2398 solum
1057 2337 1170 2420 patriae

110 2419 252 2486 deforme
274 2419 349 2485 belli
372 2419 472 2496 malis,
487 2431 519 2484 et
532 2420 649 2495 omnia,
665 2441 737 2506 quae
760 2416 884 2483 defendi
899 2421 1061 2507 repetique
1076 2435 1106 2486 et
1120 2420 1171 2485 ul-

110 2507 184 2572 cisci
199 2508 226 2548 ²⁵
237 2507 284 2572 las
298 2506 348 2571 sit.
393 2506 529 2571 Instruit
543 2505 658 2570 deinde
673 2505 781 2580 aciem,
798 2515 834 2568 ut
855 2503 915 2569 loci
937 2521 1051 2572 natura
1071 2509 1174 2592 p'atie-

108 2593 214 2670 batur,
227 2596 260 2658 in
273 2593 434 2658 semirutae
449 2592 517 2656 solo
527 2591 624 2669 urbis,
640 2606 672 2654 et
686 2603 799 2654 natura
813 2591 979 2676 inaequali;
1002 2605 1034 2657 et
1053 2597 1171 2673 omnia,

109 2702 181 2767 quae
197 2693 266 2745 arte
281 2679 356 2744 belli
371 2678 509 2743 secunda
526 2678 590 2742 suis
609 2678 682 2765 eligi
698 2678 910 2763 praepararive
924 2691 1079 2763 poterant,
1096 2703 1172 2765 pro·

108 2767 199 2831 vidit.
245 2765 344 2844 Galli,
360 2787 442 2830 nova
465 2785 500 2828 re
521 2765 649 2849 trepidi,
664 2786 752 2828 arma
767 2764 906 2848 capiunt,
928 2767 1038 2851 iraque
1059 2768 1172 2855 magis,

108 2875 205 2940 quam
219 2852 365 2932 consilio,
379 2853 412 2915 iu
430 2851 593 2916 Romanos
605 2852 781 2915 incurrunt.
804 2849 875 2914 Jarn
887 2865 1024 2916 verterat
1034 2853 1172 2933 fortuna,

101 2941 170 3026 jam
188 2940 423 3023 Deorumopes
440 2939 639 3024 humanaque
653 2937 865 3001 consiliarem
883 2937 1062 3004 Romanum
1084 2940 1173 3005 ad'u·

108 3026 240 3090 rabant.
263 3025 363 3114 igitur
387 3024 492 3110 primo
512 3045 665 3088 concursu
690 3022 775 3087 haud
802 3024 922 3108 majore
937 3039 1098 3092 momento
1111 2965 1173 3092 llrsi

108 3112 199 3176 Galli
214 3125 299 3188 sunt,
313 3131 407 3198 quam
421 3110 461 3174 ad
474 3110 591 3174 Alliam
605 3111 752 3174 vicerant.
785 3109 924 3176 Justiore
944 3113 1044 3177 altero
1058 3113 1173 3178 deinde
1181 3135 1263 3182 vincte

106 3197 228 3283 proelio
254 3199 294 3261 ad
319 3211 467 3262 octavum
489 3197 624 3278 lapidem
651 3195 778 3262 Gabina
804 3197 863 3272 via,
891 3220 1009 3283 quoae
1033 3222 1072 3264 ex
1099 3199 1271 3288 sugassffloe

107 3284 323 3362 contulerant,
346 3283 485 3369 ejusdcm
508 3282 608 3346 ductu
634 3283 836 3367 auspicioque
854 3283 979 3347 Camilli
993 3286 1172 3353 vincuntur.

108 3369 160 3435 lbi
182 3371 288 3436 credes
307 3371 417 3434 omnia
439 3369 587 3434 obtinuit.
609 3381 712 3432 castra
732 3369 910 3451 capiuntur,
933 3382 965 3434 et
979 3391 1021 3435 ne
1038 3375 1174 3438 nuncius

107 3457 249 3543 quidem·
267 3455 366 3520 cladis
392 3455 528 3520 relictus.
573 3455 727 3531 Dictator,
751 3469 937 3539 recuperata
963 3477 1003 3520 cx
1030 3456 1174 3524 hostibus

103 3545 223 3627 patria,
240 3543 442 3626 triumphans
455 3542 488 3605 in
505 3540 615 3606 urbem
632 3541 731 3606 redit:
754 3541 900 3628 interque
910 3543 1000 3629 jocos
1012 3544 1173 3628 militares,

105 3651 189 3716 quor
211 3627 394 3694 inconditos
410 3629 545 3714 jaciunt,
563 3627 722 3693 Romulus
738 3649 775 3692 uc
789 3647 902 3712 parens
928 3631 1041 3714 patrita
1062 3631 1173 3697 condi.

103 3853 218 3900 neuun
238 3865 283 3898 auo
301 3853 384 3899 codice
399 3854 509 3913 protulit,
530 3855 627 3902 firmant
660 3853 773 3915 Polybius
787 3859 870 3901 tamen
884 3860 909 3900 ct
926 3851 995 3903 initio
1009 3857 1051 3904 lib.
1069 3855 1089 3901 l.
1105 3861 1129 3902 et
1145 3855 1176 3901 li·

103 3924 155 3964 tres
178 3931 194 3964 c
218 3917 309 3964 nostris
333 3917 433 3976 optlmlt
458 3920 550 3980 vulgati
575 3933 626 3966 nra·
660 3922 703 3966 bro
728 3919 762 3968 ll.
788 3932 808 3965 c.
835 3919 873 3966 18.
890 3921 965 3967 tradit
983 3922 1064 3968 Gallos
1085 3920 1174 3966 l'oedeoe

102 3981 127 4028 lc
147 3981 299 4030 exhibebant
322 3981 472 4028 mlbnlbusr
497 3985 562 4034 male
586 3985 626 4031 itl-
659 3997 716 4032 cum
751 3984 868 4030 Romanis
900 3985 964 4031 lacto
996 3984 1175 4032 conditionibus

103 4047 163 4094 dem
200 4045 315 4108 Sigonius
345 4045 473 4093 invehebat
497 4049 523 4094 in
548 4049 626 4096 nmio·
659 4049 746 4109 quibua
758 4049 892 4108 voluerant,
902 4049 1041 4110 redditaque
1060 4049 1090 4095 iis
1106 4051 1177 4108 urbe,

102 4123 152 4156 see.
261 4169 264 4176 Ι
659 4111 690 4159 ird
710 4113 799 4172 patrias
818 4113 885 4158 sedes
904 4115 1018 4161 rediisse:
1035 4127 1079 4162 nec
1099 4113 1175 4160 ullam

138 4173 173 4222 ⁸8
189 4173 264 4221 Mille
282 4173 359 4235 pondo
378 4175 446 4238 arari]
472 4177 540 4224 Mille
559 4178 627 4226 libres
659 4177 809 4224 mentionem
833 4177 892 4223 facit
912 4177 1008 4226 Camilli
1027 4175 1127 4242 ejusque
1145 4179 1177 4224 de

103 4235 226 4285 Roman·
243 4239 313 4286 auris
331 4251 387 4298 quoe
402 4241 504 4288 redeunt
515 4243 546 4288 ad
563 4255 627 4288 rner-
661 4241 736 4286 Gallis
748 4241 910 4288 victoriarum.

103 4313 147 4346 cn
165 4311 288 4351 nosnates
308 4301 379 4352 tote.
395 4319 452 4351 curn
469 4311 573 4368 quatuor
584 4321 629 4354 un·
693 4301 856 4368 8⁵'Farrlt]
872 4306 949 4370 Leges
964 4310 1121 4358 muctbsimc
1134 4305 1179 4373 ju·

106 4365 161 4412 ciis.
661 4371 742 4417 beant.

138 4428 174 4475 84
199 4431 287 4492 Dllqroe
310 4435 332 4478 st
357 4432 457 4481 lomim
480 4433 627 4497 prohibuere]

714 4506 768 4562 23
