3032 4924
461 177 628 238 L1a.v1.
656 177 758 237 car.
786 177 890 237 xx11.
1156 191 1213 252 ars
1264 156 1267 168 ”

149 323 383 426 populum'estr
406 351 448 416 et,
460 339 672 440 nequidquam
688 327 938 408 dissuadentibus
948 341 1082 408 tribunis
1098 343 1208 428 plebis,
1219 367 1248 416 u.
1260 370 1288 418 c.
1298 322 1355 424 ari,

149 435 259 490 omnes
274 427 375 492 tribus
387 425 503 492 bellum
514 440 686 513 jusserunt.
730 413 929 511 Adbaratum
946 451 985 494 eo
995 451 1081 494 anuo
1092 430 1247 503 belluniL
1259 435 1287 488 ⁰·
1297 436 1366 498 ³8⁰»

148 525 210 590 est3
243 514 402 578 exercitus
434 528 565 598 propter
596 515 805 598 pestilentiam
820 523 823 528 '
836 537 900 580 non
932 516 1075 596 eductus.
1109 541 1208 604 eaque
1366 535 1368 540 '

147 600 308 664 cunctatio
331 601 451 664 colonis
476 602 613 684 spatium
635 600 765 666 dederat
787 601 978 687 deprecandi
993 615 1153 682 senatum
1176 623 1208 674 et
1310 675 1319 688 ,

149 707 266 774 magna
289 685 455 750 hominum
479 708 552 771 pars
571 709 621 762 eo,
635 699 671 752 ut
693 686 811 776 legatio
826 689 959 774 supplex
976 689 1113 754 Romam
1136 693 1207 758 mit-

147 785 279 852 teretur,
302 772 493 838 inclinabatr
520 775 553 837 ni
584 775 706 858 privato
728 779 780 923 put
806 775 853 856 lit)
878 776 1018 862 periculo
1041 777 1204 862 publicum

145 857 325 943 inplicitum
350 871 439 936 esset,
461 873 666 945 auctoresque
687 859 727 924 de
740 861 870 926 ectionis
885 862 925 926 ab
942 863 1102 940 Romanis,
1120 881 1205 932 metu

146 965 196 1021 ne,
213 945 273 1010 soli
287 946 413 1010 crimini
428 945 570 1031 subjecti,
586 945 709 1032 placida
730 947 787 1012 irae
811 949 1027 1014 Romanorum
1051 949 1206 1016 dederen-

145 1041 206 1109 tur,
224 1033 408 1102 avertissent
423 1032 561 1106 colonias
575 1056 595 1096 a
609 1032 746 1097 consiliis
765 1037 860 1119 pacis.
906 1035 1019 1121 Neque
1037 1036 1071 1101 in
1093 1051 1205 1104 senatu

144 1117 248 1183 solum
271 1140 329 1203 per
351 1141 405 1184 eos
427 1117 543 1204 legatio
565 1119 706 1204 inpedita
726 1133 781 1197 est,
798 1121 852 1186 sed
875 1143 990 1205 magna
1012 1145 1085 1206 pars
1103 1123 1204 1208 plebis

144 1204 287 1281 incitem,
317 1219 353 1269 ut
379 1205 556 1288 praedatum
580 1205 614 1268 in
637 1228 747 1292 agrum
773 1207 952 1272 Romanum
977 1209 1111 1274 exirent.
1134 1209 1204 1276 brec

145 1311 228 1354 nora
243 1291 360 1378 injuria
373 1291 551 1357 exturbavit
568 1313 696 1356 omnem
717 1315 802 1376 spem
826 1295 924 1378 pacis.
967 1295 1018 1358 De
1035 1296 1203 1360 Praenesti-

145 1398 262 1440 norum
291 1399 419 1464 quoque
440 1377 612 1443 delectione
636 1400 675 1442 eo
701 1401 786 1442 anno
807 1381 945 1462 primum
968 1381 1050 1444 furna
1072 1400 1201 1446 exorta:

145 1465 416 1550 arguentibusque
437 1486 494 1532 eos
518 1463 719 1541 Tusculanis,
743 1479 774 1529 et
799 1466 945 1544 Gabinis,
971 1481 1002 1532 et
1027 1467 1202 1546 Levicunis,
1285 1497 1295 1510 ·

145 1571 281 1636 quorum
298 1551 331 1613 in
347 1551 424 1615 fines
441 1553 631 1615 incursatum
648 1551 820 1629 erat,'⁹⁸ita
831 1551 954 1636 placide
968 1553 1009 1616 ab
1029 1568 1138 1618 senatu
1152 1577 1202 1618 re·

144 1657 295 1720 sponsum
311 1652 368 1714 est,
389 1650 425 1702 ut
446 1637 550 1700 minus
571 1637 658 1701 credi
679 1637 719 1702 de
733 1639 926 1715 criminibus,
943 1640 1018 1723 quia
1032 1639 1203 1706 nollentea

144 1745 218 1787 vera
232 1745 309 1800 esse,
325 1723 501 1808 adpareret.

188 1809 310 1875 XXll.
335 1810 516 1896 Insequenti
540 1831 624 1874 anno
646 1812 702 1896 Sp.
725 1825 757 1880 et
780 1813 820 1876 L.
839 1813 967 1898 Papirii,
987 1815 1061 1878 novi
1083 1815 1202 1879 tribuni
1212 1841 1240 1887 n,
1251 1843 1279 1889 c,
1290 1841 1347 1892 373,

144 1895 280 1961 militum
295 1896 453 1960 consulari
490 1909 630 1972 otestate,
649 1897 784 1964 Velitras
805 1900 944 1987 legiones
966 1903 1101 1978 duxere3
1123 1906 1347 1988 qua-1203&

143 1995 217 2047 tuor
232 1981 361 2068 collegis
378 1984 445 2048 Ser.
459 1919 609 2047 dometio
624 1981 847 2072 Maluginense
862 2001 1019 2072 quartum,
1037 1987 1080 2063 Q.
1098 1988 1201 2052 Servi·
1211 1973 1252 2082 {¹³¹
1263 1971 1332 2082 ξῑῆξ·

142 2067 199 2148 lio,
216 2070 285 2134 Ser.
303 2069 456 2152 Sulpicio,
471 2068 497 2108 ⁹⁹
509 2069 548 2134 L.
564 2068 700 2134 AEmilio
714 2085 870 2158 quartum,
888 2073 1021 2137 tribunis
1036 2074 1076 2137 ad
1091 2051 1322 2158 pressi-affin]

142 2155 232 2220 dium
249 2156 346 2230 urbis,
361 2158 432 2220 etsi
450 2155 503 2240 qui
519 2176 561 2220 ex
586 2156 718 2221 Etruria
737 2158 809 2221 novi
833 2173 937 2221 motus
963 2159 1200 2239 nunciarentur,
1211 2166 1264 2212 mit.

144 2245 266 2326 (omnia
290 2243 375 2306 enim
401 2241 474 2306 inde
502 2249 771 2326 suspect-nerant)
801 2243 928 2308 relictis.
983 2245 1035 2308 Aa
1064 2245 1200 2310 Velitras

142 2329 289 2396 adsersus
313 2329 432 2414 majora
453 2349 534 2412 pene
557 2328 673 2392 auxilia
697 2329 974 2408 Praenestinorum,
989 2353 1083 2415 quam
1101 2332 1199 2414 ipsam

142 2414 327 2480 colonorum
353 2413 597 2488 multitudinem,
625 2416 763 2479 secundo
789 2415 904 2500 proeliu
929 2429 1103 2502 pugnatum
1134 2432 1330 2494 estrvmamr

141 2502 185 2566 ita
201 2516 236 2566 ut
250 2500 471 2588 propinquitas
488 2500 572 2568 urbia
588 2501 669 2565 boati
691 2514 722 2565 et
741 2523 849 2566 caussa
863 2502 1043 2566 maturioris
1057 2502 1152 2590 fugae,
1168 2505 1272 2570 ,tacu

141 2611 242 2654 unum
265 2611 306 2652 ex
332 2591 409 2676 iuga
431 2587 662 2672 receptaculum
685 2602 773 2652 esset.
819 2587 939 2672 Oppidi
963 2587 1199 2676 obpugnatione

49 2705 53 2720 ·
142 2676 260 2740 tribuni
283 2675 479 2750 abstinuere3
502 2675 575 2760 quia
596 2687 628 2738 et
653 2696 768 2759 anceps
789 2689 867 2754 erat,
887 2697 944 2740 nec
971 2675 1002 2738 in
1027 2675 1197 2760 perniciem
1242 2681 1245 2688 '

132 2761 276 2826 'coloniae
291 2759 500 2847 pugnandum
515 2763 694 2826 censebant.
740 2761 857 2826 Literae
882 2761 1018 2826 Romam
1043 2761 1083 2826 ad
1108 2784 1198 2827 sena·

142 2862 206 2912 tum
231 2871 304 2913 cum
321 2849 463 2912 victoriae
485 2848 618 2924 nunciis,
636 2847 771 2912 acriores
794 2848 827 2910 in
846 2848 1087 2928 Praenestinum,
1102 2871 1198 2936 quam

142 2936 173 2998 in
192 2936 389 2999 Veliternum
413 2934 547 3010 bostem,
572 2937 685 3014 missae.
730 2933 841 3020 Itaque
865 2957 903 2998 ea
927 2935 1198 3002 senatusconsulto

140 3022 313 3108 populique
333 3022 421 3106 jussu
451 3020 567 3086 bellum
600 3020 802 3086 Praenestinis
831 3017 1012 3116 indictum:¹
1035 3023 1099 3108 qui,
1122 3045 1364 3096 con-mma

135 3108 238 3192 juncti
263 3106 396 3187 Volscis,
421 3129 505 3170 anno
530 3109 713 3191 insequente
730 3107 899 3184 Satricum,
916 3109 1072 3173 coloniam
1088 3111 1298 3194 pupulib?llum
1310 3114 1348 3160 ¹¹²·

142 3193 280 3258 Romani
295 3194 497 3278 pertinaciter
511 3217 529 3256 a
541 3193 661 3256 colonis
670 3191 841 3270 defensam,
852 3194 881 3257 vi
894 3207 1127 3280 expugnarunt,
1141 3195 1197 3260 foe-
1207 3177 1310 3227 nerum.

140 3279 281 3368 dequeiu
293 3280 392 3364 captis
401 3301 571 3346 exercuere
579 3280 753 3344 victoriam.
778 3277 858 3342 Eam
869 3303 933 3343 rem
945 3303 1029 3367 aegre
1039 3282 1118 3365 passi
1131 3283 1197 3346 Ro·
1208 3301 1236 3348 υ.
1246 3303 1275 3352 c.
1286 3289 1354 3354 stt.

141 3369 235 3444 mani,
244 3366 294 3432 M.
304 3367 435 3432 Furium
443 3365 612 3430 Camillum
624 3387 655 3430 se
681 3365 1101 3430 timumtribunummilitum
1110 3368 1237 3431 crea-A·
1247 3371 1274 3415 0·
1287 3368 1342 3416 378-

139 3473 219 3518 rere.
242 3455 344 3519 additi
354 3453 484 3539 collegas
499 3453 539 3516 A.
551 3467 582 3516 et
595 3451 632 3516 L.
648 3387 800 3516 Vatumii
815 3452 1018 3539 Regillenses,
1031 3475 1067 3516 ac
1079 3453 1119 3517 L.
1132 3454 1196 3519 Fu·
1206 3432 1329 3544 ΜΨ

138 3540 213 3617 rius,
231 3563 304 3604 cum
331 3543 365 3605 b.
395 3539 545 3604 Lucretio
570 3551 602 3602 et
627 3539 675 3602 M.
703 3537 802 3602 Fabio
829 3537 998 3602 Ambusto.
1043 3539 1193 3604 Volscum
1205 3561 1359 3610 vticam.

139 3625 254 3692 bellum
274 3626 323 3692 M.
341 3627 439 3691 Furio
450 3624 693 3690 extraordinem
709 3623 878 3704 decretum,
902 3625 1027 3688 ad‘utor
1042 3647 1081 3688 ex
1096 3626 1196 3691 tribu·
1206 3625 1260 3672 Mil·

138 3713 185 3778 nis
207 3727 292 3778 sorte
316 3717 353 3778 b.
370 3713 485 3778 Furius
504 3711 614 3785 datur;
639 3711 724 3774 ¹non
741 3725 804 3774 tam
826 3733 844 3774 e
867 3647 1035 3793 repulrlica,
1052 3733 1144 3795 quam
1161 3727 1197 3778 ut
1206 3689 1330 3805 effi„

139 3799 268 3888 collegae
285 3800 415 3864 materia
430 3799 470 3866 ad
490 3821 616 3862 omnem
633 3796 757 3862 laudem
774 3813 870 3871 esset3
892 3795 947 3859 'et
970 3795 1097 3881 publice
1111 3799 1196 3882 quod

168 3951 271 4000 aava
286 3953 411 4014 placide..
424 3953 462 4016 at]
486 3951 581 3997 Placide
598 3951 651 4011 qui·
684 3949 804 3996 Particula
821 3953 847 3994 ut
864 3955 965 3994 eventus
982 3948 1130 4008 designatur.
1148 3961 1195 3995 aon

138 4017 202 4075 dem,
214 4021 255 4064 sed
267 4019 349 4064 itaut.
682 4013 826 4060 consiliuma
844 4015 909 4072 quod
923 4013 963 4059 bie
981 4008 1075 4058 nullum
1092 4025 1144 4058 ene
1154 4025 1197 4074 po-

168 4083 200 4129 99
224 4083 254 4130 1.
276 4083 375 4130 AEmillc
399 4067 519 4145 quartam,
538 4079 648 4142 tribrarb]
682 4085 739 4135 test,
748 4091 824 4136 quum
836 4085 899 4122 sorte
909 4091 947 4123 res
957 4079 1053 4123 decretu
1064 4078 1104 4123 sit.

138 4145 192 4194 Vox
204 4149 313 4206 tribunis,
325 4161 398 4208 quam
418 4147 578 4195 inducendam
594 4158 649 4192 een·
713 4141 794 4189 vat
802 4141 891 4201 probiter
898 4171 924 4190 ..-
938 4145 976 4186 .et
982 4141 1108 4204 priuatim]
1124 4142 1156 4189 Et
1168 4143 1193 4188 in

138 4212 183 4257 suit
206 4214 328 4264 Muretus.
346 4215 413 4260 abest
428 4227 443 4259 a
458 4213 552 4258 duobus
571 4209 646 4256 Hear-
681 4207 710 4252 iis
721 4216 774 4267 quse
792 4206 821 4251 nd
840 4206 1013 4265 rempublicam
1033 4213 1151 4265 spectant,
1170 4213 1196 4254 et

139 4276 247 4325 niicodd.
263 4281 328 4325 stab
340 4276 518 4324 unoenostris.
681 4273 706 4318 in
733 4272 832 4332 privatis
864 4283 921 4330 erga
947 4269 1062 4328 collegam
1089 4271 1196 4323 masiliis

172 4341 181 4387 l
201 4343 259 4390 Noa
278 4348 325 4389 tam
344 4357 357 4388 r
378 4341 501 4403 republica,
522 4353 590 4399 qaum
609 4337 646 4400 at]
680 4337 804 4396 lectisque.

729 4398 822 4463 aba
