3056 4928
443 214 534 274 LIB.
556 214 627 274 Vll.
654 214 756 274 CAP.
777 215 842 280 xL.
1106 219 1163 276 448

118 399 157 442 ne
170 376 211 444 ud
224 375 364 462 lapidem
379 390 524 444 octavum
541 377 645 454 ⁸⁷viae,
661 399 734 466 quae
753 399 839 442 nunc
855 377 961 462 Appis
983 389 1038 454 est,
1054 397 1204 460 perse-u.
1215 393 1319 466 cutus

117 463 223 528 niuut:
247 465 404 548 issentque
424 464 587 530 confestim
610 463 648 528 ud
673 464 795 543 urbem,
809 465 842 528 ni
857 464 963 528 uenire
985 477 1094 528 contre
1108 467 1203 528 exhi·
1216 459 1308 537 cam·

117 551 244 614 ercitum
268 550 517 638 dictatoremque
542 549 691 616 adversus
717 573 750 614 se
773 549 820 614 M.
838 549 998 615 Valerium
1025 549 1164 614 Corvum
1174 529 1326 639 ἕζέξῖξξίο

116 633 232 737 dictum
258 635 426 713 audissent,
441 653 473 702 et
495 637 678 722 magistrum
699 636 840 722 equiturn
857 636 897 705 L.
908 634 1076 702 AEmiliutn
1093 635 1244 704 Mis-rator.
1327 649 1332 664 '

116 742 296 788 mercrnum.

157 807 234 873 XL.
256 808 283 848 ⁸⁸
294 807 360 874 Ubi
374 809 510 904 primum
527 809 559 872 in
572 822 776 892 conspectum
791 822 917 874 ventum
931 823 986 885 est,
1003 830 1091 872 arms
1105 808 1167 894 sig-

115 915 218 980 noque
243 915 416 979 agnoverm
440 894 598 979 extemplo
619 895 767 960 omuibus
793 894 945 958 memoris
967 895 1079 980 pstriae
1105 897 1167 960 irus

114 980 287 1064 permulsit.
333 981 485 1046 Nondum
500 997 589 1046 erent
601 995 664 1046 tum
675 979 772 1045 fortes
784 980 823 1045 etl
837 981 1022 1064 sangninem
1033 981 1166 1054 civilem,

114 1088 180 1148 nec,
192 1082 310 1151 praeter
323 1079 462 1144 externe,
479 1083 630 1132 noverunt
645 1066 744 1132 bellu:
768 1067 939 1152 ultimaque
953 1068 1055 1132 rabies
1069 1089 1169 1131 seces·

112 1154 158 1217 sio
179 1153 220 1219 sb
236 1153 300 1218 suis
321 1154 504 1218 habebatur.
527 1154 568 1218 itu
594 1177 632 1217 ue
641 1155 707 1238 jem
724 1153 829 1228 duces,
842 1155 908 1238 jem
924 1153 1038 1218 milites
1057 1155 1168 1218 utrim-

114 1261 183 1325 que,
200 1261 386 1326 congressus
395 1262 537 1326 quaerere
547 1177 774 1324 ulconloquis.
820 1239 1001 1316 Quinctius,
1014 1261 1106 1325 quem
1118 1261 1169 1302 er-

114 1345 237 1392 utorum
248 1327 343 1390 etism
356 1347 415 1410 pro
432 1328 530 1410 putris
541 1327 667 1390 satietas
679 1339 809 1401 teneret,
822 1325 938 1390 nedum
950 1326 1099 1392 adversus
1112 1347 1170 1409 pu·

114 1413 222 1488 trium3
248 1411 384 1489 Corvus,
408 1435 518 1476 omnes
540 1411 668 1476 caritate
688 1412 781 1489 cives,
808 1415 968 1496 proecipue
993 1411 1117 1489 milites,
1139 1425 1170 1476 et
1277 1431 1279 1438 ’

113 1513 185 1564 unte
199 1497 279 1564 ulios
300 1519 391 1564 suum
407 1499 590 1574 exercitum,
608 1497 803 1582 complexus,
819 1499 860 1564 ad
874 1495 1079 1583 conloquium
1097 1517 1170 1582 pro·

113 1585 212 1650 cessit.
261 1584 401 1671 Cognito
415 1587 442 1650 ei
459 1583 617 1668 extemplo
640 1584 724 1649 haud
747 1585 905 1676 minoroeb
921 1585 1169 1649 adversariisve·

113 1671 277 1749 secundis,
293 1693 386 1757 quum
407 1673 448 1736 eb
462 1671 526 1734 suis
541 1671 709 1746 silentium,
725 1669 856 1735 dotum:
880 1673 974 1748 Deos,
990 1671 1103 1756 inquit,
1120 1673 1169 1734 in·
1178 1686 1324 1754 nissum,

112 1761 269 1836 mortales,
280 1759 402 1836 milites,
414 1767 525 1822 nestros
537 1759 682 1840 publicos,
695 1779 839 1840 uicosque,
848 1758 888 1821 ab
896 1758 969 1822 urle
976 1754 1208 1842 proficiscens·d
1219 1751 1316 1828 muirte-

113 1845 158 1908 itu
172 1846 317 1918 adoravi,
334 1846 509 1926 veniamque
522 1845 650 1927 srtpplerr
659 1846 796 1926 poposci,
812 1855 847 1908 ut
861 1846 938 1908 milri
952 1847 989 1908 rie
1003 1845 1086 1908 volis
1099 1831 1215 1908 con-⁸⁰⁸
1226 1823 1310 1864 ’Μ’

110 1933 224 1996 cerdice
233 1940 341 2014 portoe
347 1931 491 2013 gloriam,
507 1930 744 2006 nunciantium,
761 1931 880 1994 durent.
924 1931 1082 2014 Sotisfuit
1096 1933 1172 1994 erit·

113 2037 178 2100 que,
194 2019 279 2080 rende
292 2017 365 2080 tetta·
379 2017 466 2080 decus
482 2019 650 2098 pariatur:
673 2015 745 2080 lrinc
754 2037 822 2096 pac
835 2019 970 2099 peteuda
985 2028 1039 2082 est.
1084 2016 1175 2093 usna

113 2103 196 2168 Deos
206 2103 387 2166 inmortales
401 2105 482 2166 inter
495 2103 697 2184 rsrsrrcupandn
710 2111 779 2166 uota
788 2107 957 2184 expoposci,
967 2101 1031 2186 ejus
1041 2125 1086 2167 me
1096 2125 1173 2166 conr·

108 2199 209 2270 potem
225 2190 294 2256 noti
308 2189 473 2272 uossucere
482 2191 630 2268 potestis,-
653 2189 682 2251 si
695 2189 861 2256 meminisse
874 2191 977 2265 uultis,
992 2210 1052 2254 non
1074 2211 1125 2253 nos
1139 2190 1174 2251 in

111 2275 250 2360 Somnio,
268 2287 322 2338 uec
341 2276 374 2337 in
394 2273 516 2347 Volscis,
531 2275 585 2338 sed
599 2276 632 2337 in
646 2273 787 2336 Romano
801 2275 864 2338 solo
878 2284 979 2338 castra
994 2274 1124 2337 iubere.-
1146 2276 1176 2338 si

112 2363 181 2428 illos
194 2364 299 2438 colles,
315 2381 389 2443 quos
396 2361 531 2436 cernitis,
542 2362 660 2442 patriae
674 2369 780 2424 nestrae
794 2381 864 2437 esse,
880 2362 909 2424 si
921 2361 1000 2423 lunc
1013 2362 1174 2424 exercitum

110 2450 220 2514 civium
241 2457 429 2512 vestrorum:
450 2448 479 2510 si
499 2469 544 2527 me
557 2447 702 2509 corrsulem
717 2455 853 2520 uestrum,
869 2445 952 2528 cujus
966 2447 1057 2510 ductu
1070 2447 1175 2522 auspi·

110 2536 216 2620 cisque
227 2536 339 2617 priore
352 2554 435 2596 anuo
450 2531 496 2595 tis
509 2533 642 2614 legiones
660 2532 841 2598 Sunrnitium
851 2533 998 2617 fudistis,
1013 2531 1059 2596 his
1072 2541 1175 2596 castra

112 2622 143 2684 ui
164 2623 302 2703 cepistis.
350 2621 417 2704 Ego
431 2639 494 2681 sum
510 2617 560 2681 M.
581 2618 721 2680 Valerius
738 2618 860 2698 Coruus,
876 2619 996 2692 milites,
1008 2617 1096 2702 ¹cujus
1117 2637 1175 2681 nos

108 2707 308 2774 nobilitatem
329 2705 479 2786 leupiciis
494 2727 566 2789 erga
582 2725 641 2780 nos,
658 2724 720 2767 non
736 2703 871 2788 iry'uriis,
884 2706 1021 2770 sensistis
1025 2739 1037 2777 ,·
1062 2705 1176 2768 rndlius

110 2795 252 2876 superbae
267 2795 302 2858 in
317 2813 368 2858 uos
382 2792 475 2876 legis,
490 2792 605 2856 nullius
627 2791 757 2858 crudelis
775 2793 1025 2857 senatusconsulti
1049 2799 1173 2863 nudor,-

112 2879 302 2946 incursibus
321 2879 396 2942 meis
410 2879 546 2959 imperiis
561 2879 594 2940 in
608 2899 653 2940 me
667 2879 808 2953 seuerior,
832 2899 920 2962 quom
936 2880 1042 2942 inum.
1087 2878 1177 2943 Acci

109 2968 161 3030 cui
171 2987 284 3051 genus,
296 2965 326 3027 si
338 2965 389 3027 cui
402 2985 457 3029 nra
471 2965 576 3036 virtus,
593 2964 622 3026 si
634 2964 684 3026 rui
698 2964 789 3028 etiam
811 2963 961 3048 majestas,
976 2967 1006 3028 si
1017 2966 1069 3030 cui
1082 2965 1175 3028 lone·

109 3073 158 3117 res
168 3053 302 3118 subdere
310 3051 438 3134 spiritus
447 3059 613 3131 potuerunt
619 3082 631 3120 ‚-
656 3049 696 3112 iis
710 3071 792 3112 eram
804 3060 903 3125 naurs,
914 3053 949 3116 id
960 3054 1109 3134 specrineu
1118 3053 1177 3115 mei

109 3140 270 3214 dederam,
287 3158 324 3200 eo
338 3145 430 3202 atate
442 3137 625 3201 consulatum
640 3137 768 3216 adeptus
781 3157 874 3212 mom,
890 3147 924 3200 ut
937 3139 1101 3219 potuerim,
1115 3147 1177 3201 tres

108 3235 140 3290 et
154 3226 277 3311 uiginti
291 3243 388 3286 anuos
401 3231 500 3294 nones,
517 3222 619 3284 tumul
637 3221 783 3288 Patribus
797 3224 1014 3306 quoqueferoc
1027 3246 1098 3297 esse,
1114 3245 1176 3286 non

106 3313 205 3376 solum
216 3308 318 3393 plebi.
366 3307 456 3383 Quot
469 3329 562 3372 meum
572 3307 696 3390 sactum
722 3307 869 3370 dictumue
891 3311 1020 3374 consulis
1037 3311 1175 3394 munius,

105 3419 202 3482 quom
217 3394 351 3470 tribuni,
367 3395 523 3460 audistis?
547 3394 646 3456 eodem
658 3394 828 3458 tenoreduo
840 3394 1027 3478 insequentes
1040 3395 1177 3458 consilu-

106 3493 157 3550 tus
168 3484 260 3569 gessi
264 3505 277 3556 ,·
301 3481 476 3546 eodemlraec
490 3481 652 3564 imperiosa
668 3480 823 3546 dictatura
834 3490 979 3563 geretur.-
1001 3481 1068 3546 ⁸⁹ut
1083 3501 1178 3564 neque

108 3571 143 3634 in
154 3572 212 3634 ltus
223 3589 307 3634 meos
321 3576 352 3629 et
359 3567 478 3648 patrr'ae
492 3583 564 3629 mcae
578 3565 689 3628 milites
704 3566 819 3641 mitior,
834 3587 924 3648 quum
939 3568 972 3634 iu
992 3587 1052 3642 uos,
1061 3567 1177 3632 'horreo

140 3787 175 3838 07
199 3789 262 3844 Virr,
276 3801 327 3846 quoe
343 3801 404 3834 nnuc
425 3787 506 3848 Appia
520 3786 565 3848 est]
583 3785 635 3832 Jttc¹
670 3785 733 3832 Frid.
744 3787 880 3835 Gronovius
896 3787 1178 3848 lsllprisrsuns...ncrs·

107 3855 255 3902 Gronovius
268 3865 299 3898 ex
311 3863 360 3898 uno
371 3851 425 3899 MS.
437 3852 566 3913 legendum
581 3863 636 3896 cen·
669 3855 757 3910 tumet
765 3867 841 3898 mma.
874 3851 982 3899 Similem
991 3865 1089 3899 nevum
1097 3865 1180 3899 ernen-

106 3927 152 3974 set,
163 3919 217 3974 uls,
229 3929 265 3964 ex
277 3915 370 3962 solenni
379 3915 480 3962 Liuiano
490 3929 563 3962 more.
598 3915 636 3960 Sic
668 3915 1128 3978 dcvitlsc.Gronovius‚suprell.89.

106 3981 291 4096 tutum
309 3979 638 4092 trttstttntt
668 3979 1179 4106 ,mittentis-'mnus

106 4111 225 4160 Firmsnt
246 4113 313 4158 hunc
330 4111 524 4156 emendationem
539 4110 588 4155 duo
604 4123 634 4155 cx
668 4123 700 4156 se.
733 4109 822 4156 Sensus
844 4117 924 4168 putet:
946 4111 980 4158 its
997 4119 1025 4158 ut
1043 4125 1073 4158 ne
1091 4112 1117 4158 in
1135 4112 1179 4157 hos

105 4177 178 4224 codd.
201 4174 321 4228 Hermu,
343 4180 369 4220 st
388 4187 450 4220 uuus
468 4187 481 4218 e
501 4173 599 4228 nostris,
610 4180 635 4219 et
667 4173 764 4235 quidem
784 4187 851 4220 meos
872 4181 897 4219 et
916 4175 998 4236 putrirs
1014 4189 1075 4223 mers
1090 4175 1180 4224 milites

105 4242 266 4304 &munus-
667 4239 749 4286 mitior
762 4239 860 4284 futurus
876 4239 934 4297 sim,
946 4241 983 4286 uel
995 4239 1078 4306 iutuss
1087 4237 1119 4286 sit
1129 4241 1180 4287 hec

139 4307 174 4354 88
196 4305 247 4353 Uos·
263 4303 634 4364 primumn-sustentetur·
668 4303 868 4363 dictaturaqusrn
879 4301 1180 4366 germquurninrusu·

105 4369 159 4435 sss]
183 4367 338 4432 Legendurn
357 4365 459 4422 ridetur,
478 4373 592 4413 monente
611 4366 636 4414 J.
668 4361 756 4416 tocies,
1125 4361 1128 4370 ’
