3056 4928
358 223 415 286 tos
738 219 852 280 TlTl
882 218 1029 280 LlVll'

201 401 339 454 ttotte.
363 400 442 464 rent,
460 385 543 451 latus
565 385 724 463 adfectum
748 389 918 452 Auruncos
944 399 1030 450 metu
1054 380 1210 468 oppidum
1235 375 1420 455 deseruisse,

202 467 337 518 *ec-33⁴·
364 473 577 561 profugosque
603 495 674 537 cum
702 475 890 560 conjugibus
913 496 950 537 uc
976 471 1081 536 liberis
1108 469 1253 534 Suessam
1278 487 1423 530 commu·

364 561 458 636 nisse,
474 582 547 645 quae
566 581 650 624 nunc
666 560 818 624 Aurunca
840 559 1012 644 adpellatat
1037 556 1153 622 moenia
1167 555 1298 640 antique
1312 573 1423 616 eorum

365 647 540 731 urbemque
554 646 595 711 ab
612 645 761 713 Sidicinis
776 645 923 710 deletam.
968 645 1020 708 Ob
1034 667 1070 708 ea
1089 641 1227 706 infensus
1242 637 1427 704 consulibus

367 745 503 812 senatus,
519 755 654 818 quorum
671 733 871 796 cunctatione
888 731 1003 814 proditi
1020 731 1095 794 socii
1109 740 1223 804 essent,
1238 727 1426 790 dictatorem

208 818 434 884 c.cteustusdici
453 819 557 903 jussit.
579 817 682 882 dictus
698 819 732 881 C.
747 817 899 882 Claudius
926 816 1123 903 Regillensis,
1138 816 1324 902 magistrum
1341 811 1429 898 equi·

207 902 318 950 dteutor.
370 919 435 970 tunt
461 906 496 968 C.
514 903 684 970 Claudium
707 903 915 968 Hortatorem
938 901 1031 967 dixit.
1078 901 1203 984 Religio
1223 897 1298 962 inde
1314 898 1429 961 in'ecte

370 991 409 1056 de
425 990 596 1055 dictatore:
620 1004 662 1067 et,
683 1012 781 1076 quum
806 1011 941 1077 augures
956 989 1033 1054 vitio
1047 1001 1186 1052 creatum
1209 984 1309 1048 videri
1333 983 1433 1047 ‹ixis-

371 1095 450 1150 sent,
476 1076 612 1141 dictator
634 1078 847 1162 magisterque
866 1079 1006 1162 equitum
1033 1097 1066 1138 se
1093 1074 1275 1160 magistratu
1303 1069 1430 1134 abdica·

371 1177 456 1228 ruat.
501 1162 550 1226 Eo
574 1185 658 1226 enno
686 1161 829 1226 Minucia
846 1163 987 1238 Vestalis,
1004 1174 1147 1246 suspecta
1169 1159 1274 1244 primo
1298 1171 1433 1241 propter

371 1247 570 1314 mundiorem
582 1249 670 1334 justo
685 1249 815 1325 cultum,
832 1249 1014 1312 insimulata
1028 1248 1142 1310 deinde
1164 1244 1247 1330 apud
1262 1243 1433 1328 pontifices

372 1339 413 1400 ab
428 1335 532 1399 iudice
547 1357 654 1410 serr03
677 1357 775 1420 quum
790 1336 918 1399 decreto
932 1355 1042 1398 eorum
1053 1335 1142 1420 jussa
1155 1349 1234 1396 esset
1248 1331 1348 1393 sacris
1363 1329 1432 1394 abs·

373 1423 483 1498 tinere,
500 1419 736 1504 ‘familiamque
750 1421 782 1484 in
796 1433 948 1504 potestate
964 1420 1095 1495 ltabere;
1119 1419 1203 1482 sacto
1212 1415 1348 1502 judicio,
1364 1416 1435 1479 vira

374 1506 434 1572 sub
459 1523 574 1572 terrent
597 1509 635 1572 ad
663 1521 786 1588 purtem
802 1506 959 1570 Collinam
982 1505 1122 1570 ⁷dextra
1136 1505 1186 1566 viu
1200 1516 1298 1566 strata
1313 1501 1436 1566 defirssa

377 1593 537 1660 Scelerato
552 1615 674 1676 campo,
688 1593 794 1674 credo,
810 1594 850 1656 ab
862 1594 981 1657 incesto
995 1591 1028 1656 id
1043 1593 1071 1655 ei
1088 1597 1158 1655 loco
1173 1609 1289 1653 nomen
1304 1588 1434 1652 sactum.

137 1687 140 1697 ’
215 1691 368 1751 Ρτιῑοτρῑε·
377 1679 500 1744 Eodem
515 1700 599 1743 anno
615 1677 657 1754 Q.
672 1678 826 1743 Publilius
850 1678 943 1743 Philo
966 1691 1084 1763 praetor
1105 1677 1241 1761 primum
1265 1673 1308 1738 de
1331 1675 1436 1758 plebe,

214 1757 290 1804 m·
376 1765 562 1830 adversante
583 1764 725 1849 Sulpicio
744 1766 882 1842 consule,
906 1767 961 1850 qui
980 1765 1124 1848 negabat,
1140 1762 1294 1827 rationem
1319 1763 1387 1846 ejus
1406 1783 1438 1824 se

376 1850 570 1926 habiturum,
586 1864 632 1914 est
652 1849 770 1926 factus3
792 1867 912 1929 senatu,
929 1872 1026 1938 quum
1042 1851 1074 1914 in
1090 1849 1220 1914 summis
1241 1848 1386 1931 imperiis
1403 1847 1436 1910 id

276 1993 277 1996 ,
378 1959 441 2000 non
458 1935 655 2017 obtinuisset,
670 1939 774 2000 minus
788 1938 821 2000 in
836 1952 977 2022 praetura
990 1936 1146 2002 tendente.

216 2037 352 2088 ttotle.
422 2021 520 2087 XVI.
555 2021 729 2108 insequens
752 2044 863 2102 annus,
889 2025 928 2088 L.
957 2023 1087 2107 Papirio
1109 2023 1235 2103 Crasso,
1264 2021 1309 2086 K.
1327 2019 1438 2085 Duilio

217 2101 353 2180 *0⁸33
379 2107 569 2184 consulibus,
590 2109 753 2173 Ausonum
779 2111 879 2190 magis
905 2131 997 2185 novo,
1014 2131 1108 2194 quam
1136 2126 1251 2210 magno
1276 2106 1364 2172 bello
1381 2106 1439 2170 fuit

216 2169 363 2280 tigano,
380 2194 522 2282 insignis.
544 2217 581 2259 ea
595 2217 674 2280 gene
688 2195 780 2260 Cales
802 2197 911 2260 urbem
928 2195 1095 2260 incolebat.
1134 2195 1282 2261 Sidtcinis
1296 2194 1439 2258 finitimis

217 2297 468 2346 nunecossmrma
489 2281 714 2366 conjunxerat:
738 2303 865 2369 unoque
887 2281 1003 2367 proelio
1029 2280 1115 2345 haud
1138 2303 1214 2346 saue
1238 2279 1439 2344 memorabili

378 2369 514 2434 (luorum
538 2365 731 2452 populorum
754 2369 916 2432 exercitus
932 2367 1028 2441 fusus,
1047 2367 1286 2452 propinquitate
1310 2365 1438 2430 urbium

378 2469 411 2520 et
436 2455 476 2518 etl
502 2452 610 2554 sugam
634 2455 775 2538 pronior,
798 2467 829 2518 et
854 2456 885 2517 in
910 2453 986 2542 suga
1011 2455 1078 2538 ipse
1100 2447 1199 2519 tutior
1219 2452 1290 2516 fuit.
1314 2474 1373 2515 nec
1392 2465 1440 2515 ta-

380 2562 454 2605 men
479 2561 593 2604 otntsse
613 2541 680 2626 ejus
702 2540 776 2603 belli
801 2562 878 2606 cura
902 2539 1060 2622 Patribus,
1081 2539 1274 2625 quis-toties
1296 2540 1365 2625 jam
1391 2538 1441 2602 Si-

291 2699 293 2704 ,
347 2643 349 2650 '
379 2627 477 2692 dicini
503 2639 559 2690 aut
587 2625 656 2708 ipsi,
675 2639 840 2691 moverant
868 2626 997 2704 bellum,
1030 2640 1088 2690 eut
1115 2625 1316 2690 moventibus
1351 2625 1442 2689 auxi-

380 2712 459 2778 lium
482 2711 628 2789 tulerant,
645 2725 700 2776 aut
724 2733 833 2776 caussa
853 2735 1015 2777 armorum
1038 2710 1172 2776 fuerant.
1216 2711 1332 2798 Itaque
1353 2711 1442 2774 omni

381 2821 442 2880 ope
466 2797 567 2861 adnisi
593 2810 679 2876 sunt,
703 2811 738 2861 ut
760 2799 931 2864 maximum
953 2822 990 2863 ea
1012 2811 1198 2882 tempestate
1216 2798 1443 2881 imperatorem

221 2888 357 2939 lic-⁴2⁰·
383 2885 448 2948 M.¹
472 2882 633 2946 Valetium
662 2883 803 2948 Corvum
828 2885 989 2950 consulem
1014 2899 1164 2971 quartum
1193 2882 1342 2950 fecerent.
1378 2881 1445 2948 col·

221 2951 369 3067 fflffio
382 2969 455 3057 lege
476 2968 603 3034 additus
619 2969 726 3038 Curvo
750 2969 799 3033 M.
815 2971 933 3036 Atilius
960 2971 1111 3059 Regulus.
1134 2983 1176 3047 et,
1200 2991 1241 3034 ne
1264 2969 1348 3036 forte
1369 2993 1444 3036 cestr

222 3083 365 3131 mas.
383 3069 551 3134 erraretur,
575 3055 708 3140 petitum
734 3054 775 3119 ab
800 3057 993 3134 consulibus,
1021 3071 1057 3121 ut
1082 3067 1173 3121 extre
1202 3070 1319 3121 sortem
1346 3057 1445 3122 Corsi

222 3148 349 3195 uttocoss.
384 3163 422 3206 en
445 3141 609 3226 provincia
634 3153 724 3205 esset.
770 3141 920 3208 Exercitu
945 3143 1064 3208 victore
1088 3167 1108 3207 a
1132 3142 1349 3229 superioribus
1369 3165 1445 3208 con-

384 3217 504 3294 sulitu's
525 3240 666 3336 accepto,
693 3227 734 3292 od
757 3227 860 3308 Celes,
884 3229 1106 3302 audebellum
1133 3242 1239 3295 ortum
1266 3243 1350 3310 eret,
1372 3253 1450 3317 pro-

804 3391 896 3449 ¹M.l.
912 3401 939 3449 T.
952 3403 1029 3450 Gron.

419 3547 673 3596 orandum...te
687 3554 798 3610 potesate
807 3550 899 3616 suere]
933 3551 1005 3600 vieni.
1051 3551 1121 3599 liene
1148 3549 1345 3602 emendationem
1371 3551 1453 3598 firmet

387 3613 473 3660 sevos
488 3613 591 3660 retinere
607 3613 633 3658 ln
649 3626 694 3660 sue
709 3621 837 3674 potestate,
857 3629 901 3664 nec
933 3624 958 3664 et
973 3617 1079 3664 illustret
1095 3618 1162 3663 loeus
1175 3629 1207 3662 ex
1224 3615 1294 3662 nats
1310 3615 1452 3676 Mertyrum

386 3690 428 3724 sos
444 3677 628 3734 manumittere,
645 3685 673 3724 ut
692 3679 783 3726 scilicet
801 3681 902 3740 questio
933 3696 948 3729 s
964 3682 1045 3742 bipslo
1060 3681 1158 3738 sllstus,
1175 3679 1304 3741 Syntsgm.
1321 3681 1353 3726 tle
1364 3679 1452 3732 Veste,

386 3755 418 3788 ex
436 3742 471 3788 eis
489 3741 573 3788 hubert
591 3747 679 3802 posset.
711 3742 822 3790 Moribus
834 3746 901 3792 enim
933 3755 983 3793 not.
1000 3745 1022 3791 1=.
1042 3747 1067 3791 ln
1085 3760 1106 3792 c.
1126 3745 1165 3792 13.
1181 3757 1256 3804 quotu
1275 3745 1316 3791 hie
1332 3746 1454 3792 exscribe-

387 3805 505 3852 llomsnis
516 3806 619 3865 questio
630 3807 660 3852 de
671 3807 752 3854 liberis
762 3809 901 3856 hominibus
934 3825 998 3858 mus.
1021 3812 1039 3839 ‘⁸
1051 3810 1167 3871 Legimus
1176 3810 1203 3855 in
1215 3809 1357 3868 Martyrum
1374 3809 1454 3860 Acus.

386 3883 436 3916 nen
463 3869 604 3918 hebetetur.
640 3870 669 3916 ln
694 3871 795 3918 ommim
819 3881 901 3921 sutem
935 3878 953 3905 ⁸·
965 3877 995 3922 de
1011 3873 1096 3926 Datis,
1107 3887 1163 3936 qun
1172 3873 1312 3934 chrysanto
1327 3879 1456 3932 nupserat,

386 3933 493 3982 incestus
503 3933 534 3980 de
545 3935 620 3980 servis
631 3935 656 3980 in
671 3936 799 3982 dominum
810 3951 902 3997 qurere-
936 3945 955 3968 ¹‘
966 3940 1026 3987 olim
1038 3939 1142 3993 vestalis,
1150 3936 1246 4001 jussum
1262 3949 1322 3983 eum
1338 3937 1429 3983 merito
1440 3949 1457 3982 s

387 3997 468 4057 betur,
480 4005 541 4044 teste
549 3998 715 4059 Cieproblll.
725 4013 749 4046 n.
761 3999 800 4046 69.
936 4003 1115 4050 “Nemesiano
1138 4003 1290 4063 Imperatore.
1312 4002 1357 4046 vis
1383 3999 1456 4047 aas·

422 4062 544 4108 tumre
556 4063 607 4125 urb]
624 4065 664 4110 Ad
680 4065 791 4111 dextram
809 4071 904 4126 partem
937 4069 1013 4122 Μία,
1032 4069 1057 4113 ta
1073 4067 1190 4114 Amas
1207 4065 1385 4126 repenteque
1405 4065 1456 4109 eltis

389 4126 444 4172 vite.
478 4124 526 4198 Pro
536 4130 685 4188 strataque
698 4129 903 4176 voxhicobseura
936 4133 1067 4178 “stream
1082 4135 1145 4178 terro
1161 4129 1390 4190 supremam
1425 4127 1457 4173 ln

388 4189 719 4248 estlegtJubethe.Gron.
737 4193 837 4240 sauna.
869 4194 904 4240 ttt
937 4199 1016 4260 “quo
1035 4197 1147 4243 videntur
1166 4195 1235 4255 qussi
1253 4193 1371 4240 uestslem
1397 4203 1458 4238 eunt

341 4273 344 4282 ·
388 4265 446 4300 sero
464 4253 555 4300 sunta
573 4253 612 4299 vis
629 4263 727 4316 sporta
741 4255 906 4304 conlaetari·
937 4263 956 4290 ‘·
969 4266 1104 4321 stupratore
1114 4257 1459 4318 cooperiamini-asset·

388 4316 477 4374 plebat.
513 4315 569 4364 vio,
584 4317 640 4364 ttae
660 4319 760 4366 Dissert.
780 4320 905 4382 Epistolle.
938 4325 1117 4372 “sdvetmm
1128 4331 1223 4385 plenem
1234 4319 1400 4383 adspexit?
1454 4339 1456 4344 ’

387 4379 440 4429 Jsc.
452 4381 567 4428 Gronssii
585 4384 615 4428 sd
633 4384 723 4430 eslesm
736 4385 771 4432 11.
786 4384 847 4434 tomi
865 4385 906 4431 tt.
