3034 4916
472 195 566 258 LIB.
586 189 625 256 X·
650 191 757 256 CAP.
777 196 814 257 V.
1109 201 1170 268 559

107 375 149 424 ex
171 357 293 426 insidiis
319 359 584 439 circumveniturg
607 357 915 448 tignisquealiqnut
937 359 1314 440 amisimlmdauffler.
1352 439 1353 444 ἵ

107 445 247 511 militum
270 446 358 511 crede
371 467 410 511 ao
423 445 455 512 fu
479 465 498 512 a
519 446 553 510 in
575 459 679 512 castra
701 457 751 512 est
774 445 965 533 compulsus.
988 449 1043 535 qni
1064 438 1247 514 turonic·
1257 438 1314 488 ³⁰¹·

107 546 173 596 non
189 555 229 597 ec
242 541 365 599 tantum
381 556 400 598 a
415 465 516 598 Polio
530 531 690 610 abhorret,
706 533 832 620 quodsi
847 555 911 619 qua
931 533 993 598 alia
1010 547 1078 600 arte
1091 557 1168 623 cog·

106 638 225 684 noman
250 635 341 684 annm
365 619 513 706 nquavit,
538 631 606 684 tum
626 618 763 685 maxime
782 617 902 684 bellicis
922 620 1087 686 laudibus:
1111 622 1167 688 sed

105 706 214 784 etlam,
230 707 327 793 quad,
343 726 465 770 memor
486 705 667 792 Papirianae
689 703 827 784 saevitiae,
843 725 1027 793 numquam,
1043 719 1081 772 ut
1100 708 1168 775 dio-

105 793 218 856 tatoris
232 793 350 878 injussu
365 793 542 875 dimicaret,
557 791 672 858 adduci
683 792 843 877 potuisset.

151 879 208 943 Ν.
223 877 391 944 Nunnium
404 897 442 943 aa
456 878 561 944 clades
581 878 719 944 Romam
735 880 898 958 macrum,
912 899 1007 965 quarn
1023 893 1167 959 reserat,

103 972 261 1030 terrorem
281 963 409 1030 exolvit
430 979 517 1046 nam,
533 977 568 1030 ut
581 964 758 1030 exercitud
790 977 851 1042 eto,
872 965 919 1030 ita
936 965 1095 1052 justitium
1117 967 1167 1031 in·

103 1050 247 1129 dictum3
269 1050 421 1116 custodias
443 1052 476 1115 in
499 1051 609 1136 portis,
626 1051 744 1140 vigiliae
758 1051 884 1116 vicatim
905 1065 1045 1130 exsctae3
1067 1075 1165 1132 arma,

100 1137 167 1202 tela
180 1138 214 1201 in
231 1152 338 1202 muros
352 1150 512 1226 congesta.
536 1136 695 1204 Omnibus
703 1136 885 1222 junioribus
896 1153 1096 1204 sacramento
1109 1139 1168 1204 sd-

102 1224 196 1301 actis,
211 1221 357 1301 dictator,
373 1223 415 1288 ad
429 1223 602 1288 exercitum
617 1224 739 1302 missus,
755 1223 864 1288 omnia
878 1245 933 1308 spe
948 1225 1167 1311 tranquilliora

100 1321 135 1374 et
149 1310 325 1394 composita
341 1310 483 1397 magistri
494 1309 634 1396 equitum
647 1329 734 1386 cura,
746 1308 891 1374 eastrain
900 1311 1049 1374 tutiorem
1062 1311 1164 1376 locum

102 1397 242 1474 redacta
257 1396 415 1474 cohortes,
438 1417 511 1483 quoe
535 1395 626 1484 signa
644 1396 823 1472 amiserant,
845 1407 940 1461 extra
961 1393 1077 1460 vallum
1098 1397 1166 1463 sine

102 1483 249 1548 tentoriis
273 1481 438 1548 destitutas
457 1483 580 1546 invenit
587 1505 597 1558 3
618 1481 791 1546 exercitum
805 1481 934 1547 avidum
955 1503 1085 1569 pugnae,
1100 1505 1165 1569 quo

100 1568 260 1634 maturius
286 1568 462 1656 ignominia
488 1567 678 1633 aboleretur.
723 1567 837 1655 ltaque
863 1567 1030 1634 confestim
1059 1583 1164 1636 castra

100 1655 179 1720 inde
193 1655 226 1718 in
242 1671 355 1742 agrum
372 1654 577 1720 Rusellanum
599 1655 765 1740 promotis
812 1654 862 1720 Eo
882 1665 915 1720 et
930 1654 1037 1720 hostes
1055 1657 1163 1724 menti.

100 1741 128 1782 ¹¹
137 1753 169 1805 et
180 1755 373 1828 quamquam
386 1757 426 1806 ex
438 1741 518 1806 berre
551 1751 662 1804 estare
675 1759 831 1806 summam
846 1753 878 1806 et
892 1741 925 1804 in
940 1755 1052 1828 aperto
1063 1755 1164 1808 certa·

100 1829 191 1892 mine
206 1827 320 1892 virium
344 1843 432 1912 spem
457 1826 539 1892 habe
563 1840 635 1906 eutr
657 1839 762 1892 tamen
789 1827 910 1892 insidiis
932 1849 1069 1913 quoqne,
1086 1849 1164 1916 quas

97 1908 234 1979 feliciter
247 1913 370 1999 experti
383 1926 483 1991 erant,
499 1912 624 1979 hostem
639 1923 771 1978 tenunt-
816 1911 918 1978 Tecta
932 1914 1082 1980 semiruta
1092 1916 1163 1993 vici,

98 2013 159 2086 per
174 2001 380 2065 vastationem
396 2017 544 2088 agrorum
560 1998 674 2077 deusti,
690 1997 775 2065 haud
788 2000 901 2085 procul
915 2001 1027 2066 castris
1044 2001 1165 2066 Roma·

99 2099 217 2152 norum
245 2087 387 2151 aberant.
439 2086 490 2151 lbi
515 2085 630 2152 abditis
655 2085 794 2162 armatis,
814 2105 910 2172 pecus
934 2087 965 2150 in
992 2099 1163 2172 conspectu

98 2171 243 2260 proesidii
269 2167 419 2251 Romani,
435 2173 487 2237 cui
500 2185 639 2257 praeerat
654 2170 715 2236 Cn.
733 2170 863 2235 Fulvius
885 2171 1016 2260 legatus,
1031 2173 1164 2258 propul-

98 2273 184 2324 sum.
207 2258 248 2323 ad
272 2275 368 2360 quam
395 2257 586 2322 inlecebram
608 2275 706 2343 quum
730 2269 909 2322 moveretur
928 2277 1023 2322 nemo
1037 2259 1079 2323 ab
1096 2259 1164 2324 Ro-

99 2365 197 2410 mana
217 2357 363 2422 statione,
379 2353 544 2430 pastorum
560 2359 687 2428 unuap
814 2361 851 2407 us
872 2343 932 2408 sub
952 2343 1035 2430 ipsas
1057 2346 1164 2409 muni-

97 2433 213 2508 tiones,
236 2431 386 2496 inclamat
410 2430 498 2507 alios,
511 2437 733 2494 cunctantere
774 2429 874 2494 ruinis
887 2430 947 2494 vici
969 2449 1067 2515 pecus
1086 2450 1162 2516 pro·

96 2517 260 2604 pellentes,
273 2520 349 2602 quid
361 2525 521 2593 cessarent,
537 2537 625 2600 quum
634 2535 696 2598 per
709 2517 810 2580 madia
823 2525 928 2580 costra
938 2513 1083 2580 Romanu
1097 2525 1164 2582 tato

98 2619 196 2689 cgere
203 2600 356 2686 possent?
378 2604 460 2668 Haec
473 2621 573 2688 quum
589 2600 693 2689 legato
707 2601 843 2666 Caerites
857 2601 987 2688 quidam
1005 2604 1163 2687 interpre-

100 2701 258 2767 tarentur,
273 2701 305 2754 et
318 2709 375 2775 per
389 2708 499 2752 omnes
512 2687 693 2772 manipulas
707 2687 843 2752 rnilitum
860 2688 1037 2774 indignatio
1050 2689 1163 2776 ingens

98 2780 210 2853 asueti,
224 2793 283 2840 nec
304 2787 410 2840 tamen
435 2775 555 2861 injussu
569 2773 731 2838 “movere
754 2775 941 2850 auderent⁰;
959 2774 1051 2861 jubet
1075 2775 1161 2860 peri·

98 2875 151 2927 tos
164 2860 285 2948 linguae
308 2859 479 2926 adtendere
501 2861 652 2936 animum,
669 2873 831 2946 pastorum
854 2881 957 2926 sermo
979 2863 1162 2962 agrestium

98 2947 235 3025 urbano,
250 2947 384 3033 propior
404 2959 495 3012 esset.
540 2946 650 3023 Quum
673 2946 836 3023 referrem,
852 2965 966 3012 sonum
984 2946 1115 3036 linguae,
1131 2957 1163 3014 et

97 3051 271 3120 corporum
297 3033 455 3114 habiturn,
470 3045 503 3098 et
523 3035 671 3109 nitorem,
692 3031 839 3110 cultiora,
862 3051 956 3119 quam
979 3034 1161 3118 pastoralia,

97 3139 185 3196 επις
210 3123 253 3185 ite
272 3121 381 3204 igitur,
396 3121 500 3196 dicite,
516 3119 629 3204 inquit,
642 3121 788 3204 detegam
801 3121 1004 3204 neqrcr'dquam
1022 3123 1164 3186 conditus

98 3208 251 3271 insidias:
267 3208 456 3270 omniomire
464 3205 651 3269 Romanum:
667 3205 896 3291 neomagisjom
906 3208 975 3270 dolo
983 3209 1163 3292 supi,quum

96 3293 302 3368 semianimi,
312 3311 412 3376 posse.
447 3288 533 3355 Haec
548 3291 601 3354 ubi
617 3288 726 3354 audita
740 3302 823 3367 ειιιιι,
838 3303 870 3354 et
884 3293 923 3356 ad
936 3313 1001 3369 eos,
1038 3294 1071 3356 ui
1087 3313 1163 3357 con·

97 3380 246 3444 sederant
258 3378 291 3442 in
305 3377 435 3454 insidiis,
445 3375 579 3462 perlata,
588 3387 825 3441 consurrectum
838 3391 969 3460 repente
981 3313 1163 3443 alateum

97 3477 156 3542 est,
172 3477 204 3530 et
217 3463 251 3527 in
289 3475 425 3529 amntem
441 3462 480 3529 ad
497 3476 700 3548 conspectum
721 3461 863 3549 undique
876 3481 1024 3548 campum
1038 3463 1164 3548 prolata
1214 3517 1218 3525 .

97 3551 199 3638 signa
278 3551 324 3614 isa
337 3550 442 3638 legato
456 3549 558 3636 major
577 3547 670 3626 acles,
685 3569 781 3634 quam
796 3569 870 3636 quaa
885 3548 926 3613 ab
940 3569 998 3614 suo
1036 3549 1163 3614 raesidin

96 3633 245 3702 ruminari
267 3649 382 3720 possm.
401 3635 510 3723 itaque
523 3653 659 3721 propere
672 3633 714 3699 ad
725 3633 916 3700 dictatorem
938 3571 1056 3701 auxilia
1074 3635 1163 3701 adoi-

96 3737 167 3789 tum
183 3720 280 3786 mittit
289 3745 299 3798 ;
322 3722 442 3787 interea
455 3723 524 3807 ipse
535 3722 661 3806 inpetus
675 3719 811 3786 hostium
827 3721 969 3786 sustinet.

142 3807 183 3873 V.
208 3806 337 3873 Nunnio
358 3807 475 3887 adlato,
496 3807 630 3872 dictator
653 3807 745 3896 signa
769 3805 853 3884 ferri,
868 3827 906 3872 ac
919 3806 1008 3894 sequi
1022 3819 1162 3874 armatos

174 3940 687 4006 barrmmugmmwtgunacrao.
699 3941 772 3992 Ores.
836 3941 1088 3992 ‘mmmmm

131 4089 163 4140 ll
179 4089 215 4137 Et
244 4100 374 4152 quonum
415 4085 564 4138 Pru-ticulum
592 4093 615 4138 rt
680 4089 712 4138 1³
726 4087 826 4140 Monere
844 4089 967 4156 adnm]
993 4091 1097 4154 Vulgatl
1117 4091 1161 4139 lta·

94 4159 216 4205 insertam
232 4153 357 4214 asignato
384 4159 488 4216 gnorunt
507 4155 615 4216 quinque
646 4155 705 4202 bant
725 4170 815 4204 movere
836 4171 867 4204 re.
909 4157 957 4205 Sed
978 4170 1116 4220 ρηιιοιιιειι
1138 4167 1162 4202 ra

94 4221 175 4269 nostrl
197 4217 307 4265 eodieear
336 4231 380 4264 neo
403 4231 461 4266 nane
479 4219 521 4265 llla
543 4219 613 4280 quid
646 4219 764 4267 omittunt
778 4232 863 4268 omnes
881 4221 957 4270 nostrl
974 4222 1067 4283 scripti,
1083 4227 1162 4268 etsex

94 4297 172 4348 qnam
192 4295 254 4343 ομιι
271 4287 316 4328 ert.
348 4281 386 4328 En
401 4287 424 4328 rt
441 4282 514 4329 heder
533 4283 614 4339 nosti,
647 4281 889 4346 Gronovloinspectl.
923 4285 1006 4335 Simile
1020 4286 1161 4347 exemplum

94 4361 229 4412 quanquam
277 4377 286 4393 .
647 4347 702 4394 vide
713 4349 851 4408 mpnllll.
866 4349 903 4398 le.
