3008 4908
416 245 511 304 LIB.
532 243 587 304 111.
614 243 718 304 CAP.
736 241 819 303 th.
1088 247 1146 303 21⁵

86 403 344 474 decemvirorum
370 407 547 474 infelicibus
575 407 723 494 auspiciis
755 407 909 474 Romanis
941 406 1145 494 hostibusque
1153 421 1182 467 u.
1195 420 1287 469 cnon

89 495 187 575 arsut)
200 515 322 582 magno
333 494 526 560 detrimento
537 511 693 561 certamen
705 507 860 559 staturum
870 493 973 558 suerit.
1011 494 1143 572 Castris,
1152 487 1183 533 A.
1194 489 1224 533 ς’
1233 483 1288 533 ⁴⁴⁸*

90 579 170 644 mille
192 602 346 665 passuum
376 582 417 646 ab
442 580 533 646 hoste
556 581 677 668 positis,
691 581 798 666 copias
824 581 1016 644 continebat.
1040 581 1143 645 hostes

91 665 225 731 medium
254 667 341 732 iuter
365 667 443 732 bina
464 681 565 732 castra
586 669 721 752 spatium
745 667 812 731 acie
836 668 990 732 instructa
1015 667 1144 752 conple-

89 749 171 816 bant.
190 753 506 840 prouocantibusque
530 755 569 818 ad
592 753 739 838 proelium
769 774 953 838 responsum
978 753 1144 818 Romanus

88 858 179 902 nemo
209 839 375 904 reddebat.
404 841 532 906 tandem
560 838 682 926 fatigati
711 839 834 921 stando,
864 861 901 904 ac
932 839 1142 926 nequidquam

90 926 304 1008 expectando
323 939 492 1004 certamen,
509 926 609 1012 AEqui
625 925 805 1012 Volscique,
828 939 993 1012 postquam
1017 947 1144 991 eonces-

90 1031 156 1074 sum
174 1012 406 1098 propemodum
426 1011 468 1077 de
486 1013 617 1077 victoria
638 1011 820 1089 credebant,
835 1035 909 1112 pars
925 1014 956 1075 in
976 1012 1142 1092 Hernicos,

90 1117 161 1179 pars
175 1099 208 1162 in
226 1099 356 1164 latinos
372 1101 547 1182 pr'aedatum
562 1099 689 1163 abeunt.
714 1098 904 1184 relinquitur
918 1098 1018 1186 magis
1033 1101 1144 1164 castris

88 1183 284 1266 presidium,
299 1206 395 1270 quam
409 1185 484 1249 sutis
500 1186 612 1249 uirium
629 1184 669 1250 ud
684 1197 853 1249 certamen.
882 1184 969 1270 quod
991 1186 1043 1249 ubi
1066 1207 1142 1250 con·

90 1268 136 1332 sul
150 1271 248 1334 sensit
256 1277 279 1345 Ρ,
292 1271 397 1336 reddit
409 1271 541 1337 inlatum
553 1288 645 1338 antee
658 1285 828 1336 terrorem:
851 1271 1067 1357 instructaque
1076 1273 1145 1338 acie

91 1354 173 1418 ultro
201 1355 327 1421 bostem
352 1357 486 1422 lacessit.
531 1357 598 1423 Ubi
621 1358 675 1432 illi,
699 1357 894 1421 conscicntia
919 1357 994 1444 quid
1021 1359 1144 1422 abesset

90 1441 214 1519 virium,
230 1442 442 1508 detrudarere
481 1465 608 1530 ugnatn,
624 1443 721 1509 crevit
731 1443 891 1528 extemplo
908 1443 1060 1508 Romanis
1076 1446 1143 1509 ani·

90 1547 169 1608 mus,
184 1544 218 1592 et
231 1550 291 1614 pro
307 1529 397 1594 victis
410 1466 573 1594 baiebant
592 1543 740 1615 paventes
761 1530 846 1594 intra
859 1529 987 1594 vallum.
1033 1529 1141 1606 Quum

91 1633 146 1697 per
171 1628 277 1679 totum
302 1615 389 1680 diem
418 1617 573 1681 stetissent
602 1617 712 1680 intenti
741 1615 782 1680 ad
811 1632 980 1692 certamen,
1003 1616 1144 1681 67ιιοοῑίιι

91 1721 227 1765 cessere:
257 1715 289 1766 ct
312 1702 451 1766 Romani
473 1703 600 1787 quidem
619 1702 705 1788 pleni
728 1703 794 1788 spei
819 1723 955 1787 corpora
979 1704 1143 1768 curabunt.

93 1785 352 1874 Haudquaquam
368 1789 437 1874 pari
451 1786 555 1852 hostes
576 1789 684 1852 animo
696 1789 830 1854 nuncios
844 1789 957 1874 passim
973 1791 1087 1875 trepidi
1102 1791 1144 1854 ud

91 1873 281 1939 revocandos
305 1875 500 1959 praedatores
521 1873 694 1940 dimittunt.
723 1876 897 1940 recurritur
921 1897 962 1939 ex
987 1878 1145 1962 proximis

91 1957 181 2036 locis3
210 1959 374 2026 ulteriores
394 1982 460 2026 non
480 1960 610 2025 inventi.
655 1960 721 2027 Ubi
745 1962 872 2044 inluxit,
893 1963 1057 2050 egreditur
1078 1987 1145 2028 cas-

91 2045 144 2109 tris
160 2045 337 2123 Romanus,
352 2046 470 2112 vallum
492 2047 667 2125 invasurus,
683 2047 717 2110 ni
742 2049 833 2134 copia
847 2069 965 2136 pugnoe
979 2049 1080 2115 fieret.
1102 2065 1145 2129 et,

92 2145 255 2219 postquam
271 2132 373 2198 multe
390 2133 455 2218 jam
477 2132 754 2221 distentusque
771 2134 957 2200 movebatur
970 2135 1145 2222 quidquam

92 2217 130 2282 ab
144 2217 247 2297 hoste,
264 2219 358 2306 jubet
378 2219 468 2308 signa
490 2220 601 2284 inferri
626 2219 747 2284 consul.
776 2234 926 2306 motaque
946 2225 1024 2298 acie,
1040 2223 1106 2286 indi
1130 2259 1145 2274 ·
1176 2239 1188 2258 ·

93 2304 177 2370 uado
191 2305 318 2391 AEquos
337 2304 515 2372 ret-Volscos
538 2307 676 2382 incessit,
692 2305 718 2370 si
737 2305 872 2370 victores
898 2308 1057 2372 exercitus
1081 2247 1146 2370 etd-

93 2387 156 2454 lum
170 2393 288 2477 potius,
304 2413 405 2477 quam·
414 2391 512 2456 virtus
526 2404 558 2456 et
571 2391 694 2455 ⁶8arma
707 2400 877 2479 tegerent'.
922 2391 1025 2478 Igitur
1040 2395 1146 2479 stipsi

93 2475 294 2568 efflagitatum
309 2477 351 2543 ab
365 2477 499 2544 ducibus
519 2479 646 2563 signum
671 2499 789 2565 pugnae
810 2498 967 2562 accepere.
1010 2479 1146 2564 Jamque

92 2585 163 2648 pets
176 2587 301 2654 egresse
316 2565 417 2650 portis
431 2577 510 2645 erat,
524 2564 735 2650 deincepsque
744 2563 798 2627 alii
811 2563 978 2647 servabant
988 2565 1145 2642 ordinem,

93 2649 231 2716 insuam
254 2651 387 2738 quisque
408 2651 511 2716 locutu
538 2649 770 2726 descendentes,
786 2671 885 2735 quum
898 2649 1008 2714 consul
1026 2651 1146 2715 Roma·

93 2757 149 2802 nus
203 2738 263 2815 ius,
281 2759 379 2825 quam
393 2738 467 2802 totis
481 2737 599 2802 viribus
612 2735 694 2801 iulta
715 2749 872 2801 constaret
891 2735 1029 2802 hostiurn
1052 2738 1145 2815 ecies,

92 2761 204 2888 intulit!
217 2825 327 2912 signu:
350 2823 576 2909 ”adortusque
601 2845 660 2888 nee
685 2844 795 2888 omnes
820 2825 897 2888 dum
920 2822 1060 2902 eductos,
1075 2846 1149 2902 nec,

93 2911 260 2994 quierant,
278 2909 353 2975 satis
370 2910 538 2996 explicatis
553 2908 729 2988 ordinibus,
744 2930 844 2995 prope
858 2910 1061 2976 damnantem
1072 2923 1147 2976 ‘tur-

93 2995 164 3060 bam
189 2996 419 3081 trepidantium
445 2995 509 3060 buc
534 3008 628 3080 atque
653 2994 738 3073 illuc,
754 2997 1147 3083 circumspectantiumque

92 3103 123 3146 se
144 3105 182 3146 ac
204 3105 288 3160 suos,
304 3082 414 3148 addito
435 3082 567 3147 turbatis
589 3082 745 3147 mentibus
760 3083 905 3149 clamore
918 3097 1013 3170 atque
1026 3085 1147 3170 inpetu,

92 3166 223 3234 invadit.
269 3167 420 3234 Retulere
434 3168 539 3253 primo
559 3167 671 3253 pedem
687 3167 799 3234 hostes
826 3169 950 3246 deinde,
967 3192 1065 3256 quum
1080 3173 1149 3236 ani-

93 3275 160 3320 mos
181 3255 402 3342 conlegissent,
418 3267 451 3320 et
471 3253 613 3340 undique
632 3253 739 3332 duces,
760 3257 888 3321 uictisne
907 3259 1020 3322 cesstrn'
1041 3269 1147 3336 essent,

93 3341 141 3406 itte
201 3352 303 3420 arent,
317 3342 494 3431 rest'puitur
508 3361 624 3428 pugna.

200 3427 227 3494 Ι.
252 3427 374 3492 Consul
387 3450 427 3492 ex
441 3426 540 3492 altera
553 3441 644 3511 parte
656 3428 820 3492 Romanos
830 3433 996 3496 moninisse
1004 3429 1148 3516 jubebat,

95 3516 148 3578 illo
168 3517 222 3579 die
239 3517 377 3598 primurn
405 3514 515 3578 liberos
534 3535 597 3597 pru
617 3513 715 3578 libera
736 3515 810 3578 urbe
832 3517 974 3580 Romanu
994 3539 1149 3600 pugnare.

93 3600 220 3666 sibimet
234 3603 314 3685 ipsis
326 3602 468 3676 uideres,
484 3621 545 3663 non
559 3610 593 3664 ut
607 3601 838 3666 decenniror'um
853 3607 980 3668 uictores
990 3605 1150 3685 mammen

93 3697 197 3752 essent.
237 3689 311 3752 Non
329 3687 436 3769 Appio
450 3688 524 3750 duce
537 3707 600 3750 rem
610 3689 691 3772 geri,
706 3691 760 3751 sed
777 3691 896 3753 consule
918 3689 1054 3766 Valerio,
1073 3711 1093 3750 a
1109 3691 1149 3752 li-

2 3807 3 3892 p
93 3771 283 3838 dernton'bus
290 3774 405 3857 pqrulr'
414 3772 551 3836 Romani
561 3782 641 3852 orto,
649 3773 815 3838 liberatore
828 3777 906 3857 ipso.
940 3776 1149 3857 ostenderent,

87 3861 246 3940 prioribus
254 3860 382 3944 proeliis
390 3880 450 3941 per
464 3859 560 3936 duces,
575 3881 637 3924 non
648 3881 707 3942 per
720 3863 843 3942 milites,
857 3862 984 3936 stetisse,
998 3881 1037 3922 ne
1050 3863 1150 3926 uince-

155 3981 423 4030 !ernriteonealGrom
434 3981 505 4030 creir.
585 3985 671 4030 tenete
682 3983 757 4029 Gron.
837 3984 1000 4043 'wntegm
1011 3981 1084 4031 Gron.

123 4096 155 4144 67
170 4096 246 4143 Nocti
255 4094 354 4158 terren]
372 4093 410 4140 Sic
427 4093 525 4154 plurimi
537 4093 607 4141 MSS.
640 4095 678 4140 bia
689 4094 767 4153 potior
777 4095 906 4141 auctoritas
916 4093 971 4140 nutu

92 4159 212 4208 Grouorio
231 4159 350 4220 inspecti,
366 4163 391 4204 et
412 4171 496 4206 omnes
518 4158 607 4206 nostrie
672 4156 927 4218 69'Adortuspaenee
936 4170 1012 4204 ornnes
1022 4157 1078 4204 dnm
1086 4157 1151 4206 educ.

93 4225 264 4338 Ἧῗΐ
271 4223 400 4350 m,
410 4225 609 4349 ffl't'lift
640 4222 1154 4348 babtttttttttttqttttt

93 4353 147 4400 uiua
158 4356 314 4416 wangerum·
333 4351 380 4398 Sed
395 4353 528 4400 reclament
537 4353 608 4414 quin·
640 4352 731 4410 educti,
743 4351 801 4398 satis
823 4352 938 4411 temporis
953 4352 985 4400 ad
1001 4351 1155 4414 explicandos

92 4415 427 4477 qmemtnseotttetbtus
451 4430 610 4479 quontmno·
640 4415 891 4464 ominambubsent.

682 4488 736 4546 1³4
