3034 4916
360 197 416 252 ssa
678 261 688 282 ,
723 193 1024 294 'rrr1u1vn

199 367 332 414 uasta
357 377 445 421 suam
468 357 586 422 nobiles
606 359 751 422 certavit:
775 359 899 424 ⁹⁴ciuile
917 359 982 446 jus,
999 361 1170 444 repositum
1192 362 1223 424 in
1248 359 1421 448 penetrali·

139 460 145 472 ’
198 437 227 479 Α·
241 433 333 481 ⁰³⁰³·
359 443 418 508 bus
435 443 632 527 pontificum,
649 443 816 532 evulgavit,
831 445 1026 532 “fastosque
1048 446 1133 510 circa
1158 446 1261 512 iorum
1291 449 1323 510 in
1348 445 1421 510 albo

358 531 532 616 proposuit,
559 544 595 595 ut
622 529 786 618 “quando
815 534 884 619 lege
913 533 965 620 agi
994 547 1108 617 posset,
1138 533 1290 599 sciretur:
1318 531 1421 596 audem

360 616 550 681 Concordiae
565 617 597 679 in
613 639 686 680 area
701 615 835 682 Vulcani
852 641 973 682 summu
990 619 1109 682 invidia
1123 618 1277 684 nobilium
1293 619 1421 682 deilica-

259 760 261 766 .
359 703 421 780 vit3
444 715 632 790 coactusque
650 723 804 768 consensu
824 703 933 789 populi
953 705 1120 770 Cornelius
1136 705 1294 772 Barbatus
1318 704 1422 789 ponti·

358 788 409 853 fex
425 789 582 852 maximus
595 789 725 852 llverbu
739 791 863 872 praeire,
881 812 979 877 quum
994 813 1082 857 more
1104 793 1258 877 majorum
1276 801 1420 876 negaret,

358 875 418 938 nisi
444 874 603 939 consulem
630 889 686 939 aut
711 876 944 960 imperatorem,
967 897 1058 961 posse
1084 877 1236 962 templum
1264 877 1420 942 dedicare.

360 961 472 1049 Itaque
487 983 525 1028 ex
539 962 726 1026 auctoritate
740 979 867 1026 senatus
883 963 979 1027 latum
995 963 1034 1027 ad
1051 964 1203 1048 populum
1220 976 1278 1041 est,
1296 963 1420 1050 nequis

359 1047 511 1134 templum
527 1069 653 1111 aramve
668 1048 786 1133 injussu
803 1063 927 1113 senatus
942 1063 995 1113 aut
1012 1049 1210 1114 tribunorum
1227 1050 1333 1135 plebei
1350 1071 1420 1134 par·

359 1135 398 1197 tis
415 1135 540 1220 majoris
555 1133 725 1198 dedicaret.
772 1134 873 1202 Haud
896 1134 1130 1199 memorabilem
1147 1157 1213 1200 rem
1251 1157 1288 1200 er
1302 1159 1345 1207 ae.
1363 1134 1420 1199 uisi

359 1221 584 1285 documentum
601 1219 641 1284 sit
652 1220 799 1284 adversus
814 1221 992 1306 superbiam
1009 1220 1160 1286 nobilium
1177 1157 1312 1307 plebeiae
1329 1221 1419 1285 liber·

359 1305 603 1383 taburciorum.
649 1308 697 1370 Aa
715 1305 867 1394 collegam
887 1329 1008 1408 oegrum
1025 1307 1145 1374 visendi
1166 1331 1278 1372 caussa
1294 1307 1419 1372 Flavius

360 1415 458 1480 quum
473 1394 615 1469 venisset,
628 1413 845 1479 consensuque
860 1394 1014 1457 nobilium
1031 1393 1290 1470 adolescentium,
1306 1395 1363 1480 qui
1378 1393 1418 1456 ibi

358 1479 557 1552 adsidebant.
567 1478 783 1543 adsurrectum
796 1478 824 1542 ei
839 1500 905 1542 non
919 1491 1010 1556 esset,
1022 1479 1163 1544 curulem
1180 1479 1297 1545 adferri
1313 1479 1417 1544 sellam

358 1589 397 1630 co
412 1565 515 1668 jussit,
530 1566 602 1629 ⁹8ac
616 1565 690 1629 sede
704 1564 834 1629 honoris
848 1565 895 1629 sui
914 1566 1024 1629 anxios
1039 1563 1156 1630 invidia
1169 1566 1317 1631 inimicos
1333 1588 1418 1649 spec·

358 1666 445 1718 tavit.
491 1652 639 1717 Ceterum
671 1651 813 1716 Flavium
844 1650 967 1716 dixerat
997 1651 1121 1716 aedilem
1154 1652 1286 1716 sorensis
1315 1651 1417 1726 factio,

273 1817 276 1826 Ι
358 1741 420 1820 Ap.
438 1737 565 1804 Claudii
586 1759 720 1802 censura
735 1735 816 1802 'vires
837 1752 942 1816 nacta,
957 1739 1010 1824 qui
1025 1737 1201 1804 ⁹⁹senatum
1223 1739 1348 1824 primus
1363 1738 1417 1801 ¹li·

358 1823 554 1889 ber-tinorum
577 1823 648 1888 liliis
671 1823 759 1888 lectis
779 1823 1009 1911 inquinaverat.
1030 1840 1061 1888 et
1084 1839 1251 1910 postquam
1267 1847 1339 1888 eam
1360 1824 1418 1888 lec-

357 1910 475 1974 tionem
492 1930 585 1974 nemo
599 1921 699 1972 ratam
716 1907 837 1985 babuit,
853 1909 933 1974 'nec
948 1911 979 1973 iu
997 1909 1084 1974 curia
1101 1909 1234 1995 adeptus
1248 1925 1328 1985 crat,
1344 1934 1417 2011 quas

358 1997 501 2074 petierat,
517 2017 592 2082 opes
613 1995 765 2072 urbanam
788 1993 961 2060 humilibus
981 2018 1040 2080 per
1054 2017 1162 2062 omues
1184 1996 1286 2062 tribus
1300 1997 1417 2074 divisis,

302 2083 306 2090 '
356 2079 480 2146 ³iorum
497 2097 529 2147 et
550 2103 697 2166 campum
712 2081 869 2164 conrupit.
891 2095 1081 2182 tantumque
1102 2082 1201 2147 Flavii
1223 2085 1355 2148 comitia
1372 2084 1418 2146 in·

356 2167 519 2254 diguitatis
534 2167 724 2244 habuerunt,
741 2181 775 2232 ut
797 2168 940 2254 plerique
959 2166 1113 2234 nobilium
1136 2168 1293 2234 ⁴anuulos
1308 2191 1417 2234 aureos

356 2269 386 2318 et
408 2255 573 2340 ⁵pbalems
595 2253 801 2339 deponerent.
849 2253 899 2320 Ex
925 2276 963 2319 eo
986 2267 1130 2340 tempore
1155 2257 1187 2318 iu
1211 2255 1291 2320 duas
1315 2269 1417 2342 partes

387 2568 420 2618 94
437 2570 513 2618 Civile
523 2569 578 2633 jas}
597 2569 669 2632 Legis
680 2571 802 2618 actionesr
820 2568 836 2618 i.
847 2584 869 2617 e.
901 2567 952 2630 agit
971 2567 1065 2626 Livius,
1084 2569 1208 2618 libertinos
1227 2576 1328 2618 uocatos
1346 2570 1419 2616 t'uisoe

354 2635 463 2681 solennes
474 2637 591 2696 quasdam
603 2637 719 2682 formulas
730 2632 869 2696 ajuriscou·
901 2634 1031 2681 Suetonius
1050 2637 1084 2682 ait
1105 2637 1130 2681 in
1150 2635 1261 2690 Claudio,
1278 2650 1300 2682 r.
1318 2635 1358 2681 zl-
1377 2649 1418 2679 sos

352 2701 423 2744 sultis
439 2701 593 2774 compositas.
605 2701 693 2758 quibus
711 2701 775 2746 inter
790 2713 815 2744 se
827 2701 869 2746 lto·
902 2700 962 2759 ipsos
983 2701 1024 2758 qui
1045 2701 1273 2753 annumerarentur.
1293 2698 1334 2745 aed
1355 2700 1418 2759 iuge-

353 2765 431 2810 mincs
450 2765 475 2808 in
492 2777 548 2824 Jure
565 2764 733 2823 disceptarent.
769 2763 816 2810 liic
831 2777 870 2810 aa·
903 2763 1029 2816 aucuia.
1047 2777 1088 2810 cos
1107 2765 1150 2824 qui
1169 2763 1278 2812 Suetonii
1301 2777 1356 2810 nvo
1377 2775 1418 2822 pro

353 2827 448 2874 tiotsum
470 2829 530 2874 iiber
551 2841 565 2874 a
589 2827 672 2874 Fluvio
694 2829 811 2888 prolatus.
827 2829 870 2889 jus
902 2827 1014 2885 ingenuis
1033 2829 1192 2885 habebantur,
1210 2839 1239 2874 ar
1258 2827 1297 2873 lla
1315 2839 1419 2887 prm

352 2892 420 2938 ciuile
431 2891 575 2938 Flauianum
591 2893 763 2952 appellabatur.
798 2895 869 2938 Pom·
903 2897 943 2936 tas.
966 2891 1028 2938 Sunt
1046 2891 1241 2938 tamenedoctls
1256 2889 1419 2950 quidam.qui

353 2969 411 3014 qam.
421 2957 451 3002 de
462 2957 529 3015 orig.
537 2951 608 3016 juris.
903 2955 1046 3002 Suetonium
1065 2957 1110 3002 bac
1128 2955 1153 3001 in
1173 2969 1199 3002 re
1215 2955 1304 3001 erroris
1320 2956 1418 3002 insimu-

386 3020 418 3065 ut
433 3019 527 3082 eman]
553 3021 735 3078 Kalendas-ium,
754 3035 802 3081 quo
820 3027 871 3068 tota
903 3019 963 3073 ient,
983 3020 1177 3078 contendantque
1198 3019 1334 3066 libertinam
1354 3031 1420 3066 eum·

353 3085 447 3130 alierum
465 3085 582 3130 iustorum
601 3085 797 3145 nefastorumque
810 3086 871 3131 ratio
903 3083 959 3128 dem
970 3097 1066 3144 semper
1082 3084 1165 3138 luisse,
1177 3085 1220 3144 qui
1234 3088 1259 3129 et
1273 3083 1369 3130 unm
1379 3096 1418 3144 ap·

353 3149 529 3196 continebatur.
552 3147 608 3195 vid.
626 3155 675 3194 not.
692 3147 731 3196 33.
747 3149 778 3196 ad
796 3148 815 3194 l.
833 3149 870 3196 1⁹.
904 3147 1046 3206 pellabatur.

352 3221 378 3259 et
389 3213 440 3260 Cic.
450 3225 492 3274 pro
505 3213 600 3259 biunn.
611 3211 650 3259 25.
662 3214 725 3260 etad
735 3213 871 3260 attuvi.
936 3213 951 3260 2
968 3211 1023 3259 Ner
1034 3214 1058 3258 iu
1068 3214 1134 3259 suria
1144 3212 1302 3273 adepturam
1312 3243 1320 3258 .
1331 3243 1339 3257 .
1351 3241 1359 3256 .
1371 3223 1419 3272 opu

352 3291 392 3337 ep.
405 3277 428 3326 1.
904 3275 1014 3340 uriam]
1045 3277 1120 3324 Recte
1144 3277 1261 3323 amanet
1285 3275 1420 3324 Graaosiua

385 3341 543 3398 96⁸wa
561 3342 610 3402 lege
624 3343 664 3402 agl
671 3341 759 3404 posset]
777 3341 871 3396 Quibus
904 3341 1006 3388 otiosam
1028 3343 1067 3388 hic
1086 3355 1137 3388 esse
1155 3354 1239 3388 vocam
1260 3340 1370 3398 arima,
1383 3337 1420 3385 eui

352 3407 437 3453 silubris
460 3413 557 3466 [rossem
578 3405 695 3466 legitimae
713 3407 819 3453 actiones
840 3408 872 3454 ad
904 3411 932 3450 ut
948 3404 1015 3452 loeus
1025 3411 1097 3463 esset,
1108 3411 1227 3466 oporteret
1244 3405 1335 3451 metam
1350 3403 1421 3451 ruisse

279 3521 284 3530 ,
353 3472 544 3532 persequendum
553 3467 595 3531 jus
607 3484 679 3516 suum
691 3470 788 3529 suscipi.
904 3469 1053 3516 mentionem
1067 3470 1228 3530 quarumdam
1246 3469 1337 3516 diensi
1352 3479 1424 3530 gene·

386 3534 438 3584 97·
452 3537 523 3584 Varia
540 3533 638 3596 preire}
662 3535 717 3580 Vid.
734 3541 784 3580 not.
800 3534 822 3580 8.
840 3533 871 3582 ad
904 3533 938 3580 ris
948 3547 1033 3594 opum,
1046 3548 1068 3579 v.
1079 3549 1104 3596 g.
1115 3546 1189 3593 opum
1201 3535 1267 3592 apud
1279 3533 1418 3580 exercitum.

355 3599 403 3647 lv.
415 3601 454 3649 21.
905 3597 976 3658 Legit
998 3585 1087 3657 igiturt
1115 3596 1169 3643 Nec
1190 3597 1215 3642 in
1237 3600 1306 3643 caria
1327 3595 1419 3657 napus

387 3663 419 3710 98
436 3665 544 3729 Accede]
563 3664 594 3710 Et
606 3679 618 3710 a
631 3665 693 3712 sede.
903 3667 962 3716 crat,
973 3675 1030 3722 quaa
1042 3662 1143 3722 petierat
1159 3675 1220 3722 upra,
1232 3661 1330 3708 arianis
1343 3659 1418 3707 tani

386 3731 419 3777 uu
434 3731 548 3776 Scaurum
581 3725 687 3790 primes]
732 3729 871 3788 Casnpauua
903 3727 1019 3772 libus...

353 3795 429 3842 edidit
437 3793 550 3856 primunr.
936 3789 1070 3837 worm
1084 3795 1106 3838 el
1122 3789 1242 3854 rumpam]
1261 3789 1368 3837 Comitia
1378 3787 1418 3833 tri·

388 3858 399 3904 1
420 3857 603 3920 Liberiiuoram]
644 3857 743 3902 Constat
777 3857 870 3902 Cicero·
905 3855 972 3908 buta,
990 3869 1046 3916 quse
1062 3855 1087 3900 ln
1108 3855 1169 3909 foro,
1180 3859 1204 3900 et
1222 3855 1322 3902 ‘comitia
1338 3859 1419 3898 eentu-

354 3923 607 4034 ”illrssmffbulff
626 3920 872 4030 deinccpstoiibquiaus
904 3919 975 4027 piata,
985 3933 1041 3980 quoe
1053 3919 1077 3964 in
1093 3931 1181 3978 campo
1193 3917 1283 3966 Martio
1301 3919 1419 3964 habeban-

353 4001 382 4032 ae
436 4003 448 4032 r
514 3999 568 4032 rou
597 3999 636 4032 em
655 3999 727 4044 accep
753 3999 765 4029 s
810 3997 869 4030 tasas
915 3997 953 4029 ur.

354 4051 389 4096 ita
410 3999 543 4098 tamenput
563 4051 664 4097 ututur
676 4051 707 4096 ad
730 4056 871 4110 pauonum,
937 4047 953 4093 t
969 4047 1074 4094 dumba
1089 4043 1182 4108 uereor]
1200 4044 1259 4092 Vid.
1271 4053 1321 4092 not.
1334 4043 1372 4092 21.
1388 4045 1417 4089 ad

354 4115 474 4162 ubertim
506 4117 536 4162 ad
569 4115 704 4174 ingenuum
735 4114 872 4160 referretur.
904 4125 924 4158 c
937 4111 1052 4174 isupra.

355 4179 441 4238 ltaque
452 4180 574 4228 dicebatur
590 4179 655 4224 isarno
669 4178 804 4230 illudimur
823 4190 870 4222 non
936 4177 952 4223 5
968 4173 1094 4238 Pirum]
1106 4175 1248 4222 ornamenti
1259 4187 1345 4235 mnus,
1356 4171 1417 4231 quod

356 4256 412 4287 vero
430 4241 549 4289 liberrimis
566 4259 638 4296 nuru,
658 4243 777 4287 libertinus
796 4241 872 4288 Caesu-
904 4241 1028 4302 proprium
1043 4241 1117 4288 ruisse
1129 4246 1181 4286 tum
1195 4239 1312 4300 Equitum
1328 4237 1418 4296 insigne

355 4321 398 4361 m,
412 4308 454 4352 sed
468 4307 560 4354 liberius
575 4321 646 4360 rmus,
657 4306 751 4352 liberius
765 4305 870 4352 Caunis.
903 4305 1024 4365 colligitur
1042 4319 1072 4351 cx
1091 4303 1176 4360 Plinio,
1191 4303 1207 4348 l.
1223 4301 1353 4348 xxxni.
1364 4315 1383 4346 c.
1397 4297 1416 4344 l.

353 4373 387 4419 Δι
410 4371 448 4418 his
468 4371 624 4430 temporibus,
644 4373 674 4417 dc
697 4371 785 4430 quibus
806 4383 871 4416 nunc
903 4369 1015 4417 Annulos
1029 4383 1114 4418 atreus
1133 4373 1190 4416 tune
1204 4367 1287 4414 asotia
1305 4363 1417 4413 muti-
