3008 4908
284 149 340 202 ‘248
674 139 783 198 TITI
812 135 947 196 LIVII

122 325 152 373 u,
163 328 190 373 c
202 325 258 376 sta.
284 305 352 372 tuit.
368 317 399 370 et
418 317 554 388 senatus,
573 316 607 368 ut
621 303 654 366 in
671 301 802 387 trepidis
817 301 921 382 rebus,
936 299 1122 362 dictatorem
1145 295 1208 360 dici
1235 291 1340 358 Mam.

122 387 258 468 ΑΜΒ*
285 392 452 458 AEmilium
461 392 564 477 jussit.
608 387 641 454 Is
660 388 843 475 magistrum
865 385 1005 473 equitum
1020 407 1060 450 ex
1077 383 1212 471 collegio
1228 379 1343 465 prioris

122 457 232 567 mm*
284 481 370 554 anni,
386 499 450 564 quo
465 475 559 542 simul
575 473 693 539 tribuni
707 474 845 540 militum
859 471 1016 538 consulari
1034 482 1189 554 potestate
1203 468 1340 540 fuerent,

122 583 241 632 AEmtnus
285 565 324 630 L.
342 563 530 640 Quinctium
555 561 792 637 Cincinnatum,
807 559 939 708 diqnum
960 569 1091 642 parente
1109 557 1268 641 juvenem,
1290 552 1342 616 di·

284 651 340 718 xit.
363 649 414 714 Ad
429 648 586 713 delectum
607 646 823 712 aconsulibus
867 645 986 710 abitum
1009 643 1207 708 centuriones
1221 651 1342 704 veteres

286 737 359 800 belli
377 735 470 822 periti
491 733 617 820 adjecti,
633 747 663 798 et
679 755 828 798 numerus
851 732 1035 796 amissorum
1059 728 1208 814 proxima
1231 747 1273 806 pu
1299 749 1343 790 na

284 821 436 906 expletus.
497 820 633 904 Legatos
674 818 861 895 Quinctium
894 815 1109 902 Capitolinum
1139 827 1172 878 et
1201 811 1251 878 Μ.
1275 749 1343 878 Va·

283 909 370 974 biom
389 907 580 972 Vibulanum
603 905 690 992 sequi
713 929 746 970 se
770 905 905 970 dictator
923 903 1025 990 jussit
1068 901 1094 940 ⁸⁸
1107 899 1217 976 Quum
1234 913 1343 983 potes·

284 1009 332 1060 tas
348 997 456 1081 nrejor,
470 1005 536 1058 tum
554 993 602 1054 vir
617 1014 742 1078 quoqne
758 991 902 1074 potestati
919 1012 986 1072 par,
1002 987 1110 1052 hostes.
1121 1007 1193 1050 exa
1219 1008 1254 1050 ro
1274 987 1342 1050 tto-

284 1103 378 1146 mano
403 1095 491 1146 trans
514 1078 671 1143 Anienem
690 1076 884 1153 submovere,
900 1074 1090 1158 lgcollesque
1104 1073 1186 1138 inter
1231 1072 1343 1136 idanus
1375 1107 1378 1114 ·

283 1181 378 1252 atque
403 1167 556 1232 Anienem
586 1178 749 1246 ceperunt,
777 1161 943 1228 referentes
971 1174 1092 1224 castra:
1124 1179 1182 1222 nec
1207 1171 1281 1223 ante
1307 1158 1341 1222 in

282 1276 412 1337 campos
424 1252 498 1318 ⁹⁰de
522 1252 596 1314 ressi
611 1265 694 1330 sunt,
709 1271 803 1336 qnam
817 1248 880 1311 91Ιε
906 1249 990 1312 iones
1004 1245 1127 1310 auxilio
1143 1243 1341 1310 Faliscorum

284 1354 447 1404 venerunt.
493 1276 577 1402 lum
601 1335 729 1400 demum
751 1351 854 1400 eastra
899 1349 1076 1398 truscorum
1099 1353 1158 1415 pro
1179 1331 1342 1395 moenibus

285 1425 477 1490 Fidenarum
492 1425 602 1514 posita.
625 1439 656 1486 et
678 1421 813 1486 dictator
838 1421 1002 1484 Romanus
1023 1417 1108 1482 baud
1131 1416 1243 1501 procul
1265 1416 1343 1480 inde

283 1511 324 1577 ad
338 1511 533 1576 confluentes
547 1507 689 1572 consedit
711 1508 745 1571 in
765 1507 929 1592 utrIusqne
951 1505 1027 1588 ripis
1046 1504 1158 1583 amnis,
1178 1502 1279 1588 ⁹²qua
1294 1525 1343 1567 se-

284 1597 337 1682 qui
364 1598 562 1660 manimento
588 1606 723 1678 poterat,
750 1593 832 1656 vallo
857 1591 1049 1676 interposito.
1072 1602 1200 1675 postero
1228 1589 1281 1654 die
1306 1590 1342 1653 in

283 1683 382 1748 aciem
400 1682 524 1748 eduxit.

215 1841 216 1846 η
328 1767 462 1832 XVIII.
487 1767 575 1832 Inter
592 1765 697 1831 hostes
719 1767 813 1832 variae
840 1764 946 1831 fuere²
968 1765 1140 1830 sententiat
1187 1764 1342 1842 Faliscus,

284 1858 396 1939 procul
413 1858 451 1918 ab
467 1855 561 1918 domo
578 1852 719 1916 militiam
735 1875 763 1916 ae
788 1875 820 1916 re
837 1853 971 1936 patiens,
987 1850 1124 1936 satisque
1146 1849 1247 1914 fidens
1269 1852 1342 1931 sibi,

285 1963 414 2024 poscere
428 1961 585 2028 pugnante
610 1939 731 2002 Veienti
748 1875 955 2022 Fidenatique
968 1936 1040 2022 plus
1055 1937 1121 2020 spei
1136 1938 1167 2011 in
1184 1937 1343 2004 trahendo

285 2025 369 2090 bello
394 2051 469 2091 esse.
514 2025 715 2100 Tolumnius,
742 2045 931 2112 quamquem
961 2044 1089 2086 suorum
1116 2025 1215 2110 magis
1237 2023 1344 2106 place·

284 2113 363 2178 bant
384 2113 525 2187 consilia,
543 2135 582 2176 ne
603 2110 808 2198 longinquam
829 2110 970 2174 militiam
994 2131 1056 2172 non
1080 2123 1264 2192 peterentur
1281 2110 1343 2174 Fa·

285 2199 364 2282 lisci,
379 2213 506 2284 postero
520 2197 572 2262 die
595 2221 629 2261 se
652 2212 866 2283 pugnaturum
881 2195 987 2260 edicit.
1031 2195 1190 2262 Dictatori
1213 2217 1258 2260 oe
1275 2197 1344 2260 Ro-

285 2286 396 2363 manis,
412 2283 497 2373 quod
524 2284 728 2348 detrectasset
749 2303 889 2371 pugnarn
915 2280 1022 2358 bostis,
1045 2281 1143 2344 animi
1165 2303 1342 2348 accessere:

285 2387 473 2458 posteroque
487 2370 548 2446 die,
566 2371 634 2456 jam
657 2369 808 2434 militibus
823 2385 925 2432 castra
940 2367 1114 2451 urbemque
1129 2389 1162 2430 se
1175 2368 1344 2456 obpugna-

283 2471 371 2526 turos
387 2457 603 2534 frementibus,
617 2456 651 2520 ni
672 2455 764 2540 copia
776 2477 894 2541 pugnae
910 2454 975 2532 fiat,
992 2453 1149 2538 utrimque
1163 2456 1245 2519 acies
1259 2455 1345 2520 inter

123 2559 236 2605 veientes
284 2545 360 2611 bina
381 2561 481 2609 castra
496 2544 529 2607 in
545 2543 684 2606 medium
700 2541 804 2626 campi
824 2538 1010 2626 procedunt
1058 2539 1181 2616 Veiens,
1198 2541 1345 2606 multitu·

123 2637 180 2671 ‘¹¹¹¹‘
190 2623 267 2736 :iffi
285 2632 359 2695 dine
373 2633 548 2702 abundans,
564 2629 618 2714 qui
641 2631 723 2690 inter
745 2626 978 2692 dimicationem
1001 2639 1102 2688 cestra
1119 2625 1266 2691 Romana
1287 2629 1346 2692 ad·

122 2701 208 2798 effi,
219 2713 278 2799 Μ’
285 2717 502 2806 graderentur,
518 2731 591 2800 post
609 2726 732 2777 montes
751 2711 966 2777 circummisit.
1011 2711 1124 2776 Trium
1147 2714 1344 2797 populorum

122 2829 215 2866 mmm
648 2865 739 2932 *fuere
750 2871 821 2916 varie
832 2871 905 2918 Gron.
916 2871 984 2918 cmv.

318 3005 350 3052 88
368 3003 445 3058 Quem
454 3003 553 3062 potesta
563 3003 649 3066 mejm]
668 3001 797 3056 ilmdno,
830 3003 981 3050 ettxtn.
1000 3001 1219 3062 abpereppido,
1235 3004 1345 3066 iterque

286 3082 373 3128 nempe
392 3067 736 3128 potestatisdIctatorire,qute
747 3081 799 3114 ma·
823 3067 959 3132 fidendum
979 3071 1043 3114 crete
1070 3071 1095 3112 et
1117 3068 1201 3114 eodem
1222 3069 1238 3113 t
1258 3084 1280 3116 c.
1304 3071 1343 3118 te.

282 3129 323 3194 jor
345 3137 381 3178 est
403 3129 532 3188 consulari,
559 3137 644 3189 terror,
670 3139 694 3178 et
722 3131 798 3178 vittns
830 3132 870 3194 pul
888 3145 970 3192 regum
987 3145 1062 3186 mm,
1083 3130 1164 3178 Persei
1182 3133 1225 3190 qui
1242 3136 1345 3180 secutura·

286 3197 363 3242 Mam.
389 3193 481 3240 AEmilii
505 3200 579 3242 tanta
608 3195 719 3255 potestati
745 3209 798 3256 per,
830 3195 957 3243 amicitiem
974 3199 1045 3242 cred:
1068 3201 1093 3242 et
1113 3193 1196 3242 XLV.
1217 3195 1255 3244 12.
1276 3197 1345 3244 redde

286 3259 494 3309 tantumvelsela
511 3260 798 3313 famardneremtbos-
831 3259 1085 3320 reponsum,'mtut
1103 3259 1162 3320 qaod
1187 3261 1295 3320 referum.
1318 3259 1347 3311 a

286 3333 323 3371 tes
340 3327 478 3370 recederent
497 3337 527 3368 ex
542 3337 600 3384 agro
611 3325 721 3372 Romano
732 3333 799 3372 trans
830 3327 870 3386 qul
881 3325 906 3370 in
918 3325 983 3370 hunc
994 3325 1095 3370 modum
1106 3325 1268 3384 postpositum
1278 3341 1346 3388 sape

288 3390 415 3442 Anienem,
434 3393 459 3433 et
478 3387 607 3434 reserentes
626 3397 712 3442 eastra,
730 3403 798 3450 cepe-
830 3389 890 3437 abiit
907 3389 932 3434 In
952 3388 1095 3448 particulam
1111 3401 1162 3448 que,
1174 3395 1202 3434 ut
1218 3390 1263 3436 bec
1281 3393 1346 3449 loco,

287 3454 336 3499 rint
354 3453 427 3500 colles
445 3452 510 3497 inter
528 3451 630 3499 Fidenas
641 3460 714 3513 atque
725 3455 798 3499 Anie-
832 3459 859 3499 ut
878 3453 941 3510 aliis,
952 3463 1012 3512 ques
1030 3465 1059 3498 ex
1079 3451 1198 3498 Perizonii
1216 3460 1300 3501 mente
1319 3463 1346 3502 et

287 3531 351 3564 nem·
831 3518 926 3564 monitu
945 3516 1095 3576 retingendos
1106 3517 1348 3578 eestgnsbtmmtse-

318 3583 350 3630 89
368 3581 496 3644 cutesque]
521 3581 681 3630 DoctissImus
704 3581 798 3630 Perizo-
832 3582 887 3630 teri.

287 3645 342 3692 nlus
361 3647 385 3691 In
406 3651 463 3690 nota
479 3647 509 3691 ad
527 3645 654 3692 XXVIII.
669 3645 705 3692 12.
725 3646 797 3700 infra,
864 3647 896 3692 90
912 3643 1035 3708 Demetri]
1053 3645 1163 3692 Schene
1176 3645 1347 3708 SIgoniuspro

286 3710 398 3757 editionis
412 3709 576 3756 GronorIanoe
595 3711 651 3756 anni
673 3709 742 3757 16⁷9.
762 3711 796 3756 Ie·
811 3723 813 3728 ’
830 3710 936 3770 ἅψαιτ’.

285 3775 392 3834 gendum
405 3773 615 3834 putatcollerqnic
628 3772 655 3820 el
671 3776 709 3834 qai
724 3775 798 3821 refert
863 3774 892 3820 at
912 3773 1035 3838 Legiones]
1052 3774 1170 3834 Legiones
1194 3773 1346 3824 Faliscorum

285 3839 316 3884 sd
336 3837 416 3894 horter,
435 3837 474 3896 qui
493 3843 600 3898 ceperunt
619 3839 698 3885 mdes:
715 3839 750 3885 ita
771 3845 798 3884 ut
830 3844 949 3886 venerunt
960 3836 1225 3888 auxdiollidenatibut.

286 3901 350 3948 idem
370 3913 455 3949 sensus
474 3909 606 3956 remaneat,
628 3915 700 3962 quem
726 3903 799 3948 modo
862 3901 894 3950 92
912 3900 965 3956 Qua
975 3901 1049 3964 requi]
1067 3901 1140 3949 Vallo
1159 3904 1301 3964 interposito
1317 3905 1345 3951 in

285 3967 449 4026 exposuimus,
472 3967 515 4010 sed
542 3971 663 4013 structura
684 3967 799 4018 orationis
831 3981 860 4014 ao
877 3967 939 4018 luco,
952 3967 982 4012 ed
1001 3979 1075 4028 quem
1093 3981 1171 4028 usque
1191 3969 1259 4029 sequi
1278 3969 1346 4029 ripas

285 4031 410 4076 meliorem
427 4031 451 4076 in
467 4028 572 4076 sormam
583 4031 712 4090 redimus.
746 4030 798 4078 Nec
831 4031 1047 4088 utriusquaamnis
1064 4037 1159 4092 potmt
1176 4034 1347 4080 muniendoet

284 4093 405 4140 offendere
428 4093 499 4142 debet
522 4107 653 4152 pronomen
679 4095 797 4154 postposi-
829 4100 908 4142 cestra
925 4097 1055 4152 metand03
1072 4109 1121 4156 que
1139 4097 1200 4158 ripe
1217 4098 1346 4158 utriusque

286 4164 348 4204 tnrn.
382 4157 457 4215 Nam,
470 4159 798 4206 utobservatidemPeriao-
830 4159 910 4208 amnis
931 4172 978 4205 non
1001 4159 1037 4206 ite
1057 4161 1222 4220 divagebent,
1244 4168 1273 4208 ut
1295 4175 1346 4208 nen

285 4223 349 4277 nius,
365 4223 390 4267 id
400 4220 519 4268 familiare
529 4230 566 4268 est
581 4221 658 4270 Liuio.
677 4223 716 4270 Sic
735 4223 752 4271 t.
766 4223 806 4274 Vs.
830 4228 910 4283 possm
928 4225 1062 4272 secundum
1085 4213 1125 4272 aas
1147 4233 1226 4274 cuna
1247 4232 1346 4286 protem

284 4284 795 4348 e.14.eomtrtu,oeptcetoqsoesterm=
830 4289 893 4337 dere·
