3056 4928
87 1405 101 1422 ³
175 1379 302 1426 Gallicum.

338 207 445 269 426·
663 261 667 270 ,
733 197 1036 266 TITILlVll·
1112 159 1115 166 ·

178 389 208 444 u.
220 387 246 436 c
258 387 312 439 lec.
338 391 500 442 cenorum.
544 367 685 445 ”Quem
701 391 785 434 nuuc
806 391 921 434 novum
945 371 1129 448 exercitum,
1145 371 1172 434 si
1186 393 1250 455 qua
1263 383 1391 436 externa

178 455 207 506 Α
218 453 313 504 04346·
337 457 384 520 vis
397 457 535 542 ingruat,
552 455 602 520 lias
617 456 697 520 vires
718 455 828 541 populi
846 457 995 536 Romani,
1010 481 1087 544 quas
1102 457 1152 521 vix
1171 474 1326 522 terrarum
1341 481 1391 522 ca·

336 542 384 628 pit
397 542 493 617 orbis,
509 555 679 611 matractre
692 543 724 605 in
741 563 848 618 unuin,
863 543 946 607 haud
969 543 1059 608 facile
1079 543 1235 608 efficiant:
1258 543 1338 608 adeo
1360 546 1390 608 iu

336 650 408 714 quae
422 627 603 702 laboramus
618 628 683 694 sola
700 629 864 707 crevimus,
880 630 1014 708 divitias,
1032 630 1260 716 luxuriamque.
1306 631 1392 694 luter

176 719 245 764 Alter
255 731 311 794 ⁰9¹¹·
336 728 440 780 cetera
461 715 561 780 tristia
582 716 649 799 ejus
670 715 756 790 anni,
775 715 887 780 consul
909 719 987 780 alter
1009 718 1073 800 Ap.
1090 715 1243 780 Claudius
1268 717 1298 779 in
1325 717 1392 799 ipso

175 783 326 828 ⁸⁰¹m⁰³¹l¹¹⁵
335 800 410 871 belli
424 800 577 883 adparatu
596 801 746 870 moritur:
770 802 990 886 redieruntque
1004 824 1053 866 res
1072 802 1114 866 ad
1130 801 1319 878 Camillum
1343 802 1393 866 cui

317 888 431 961 ⁴unico
446 887 577 962 consuli,
593 887 642 950 vel
655 888 698 950 ob
712 887 805 952 aliam
822 888 1039 974 dignationem
1060 887 1143 954 baud
1166 887 1394 972 subjiciendam

336 973 513 1052 dictaturae,
529 973 578 1038 vel
602 973 644 1038 ob
667 973 794 1038 ⁸⁰omen
819 973 955 1039 faustum
977 974 1017 1038 ad
1040 974 1198 1052 Gallicum
1221 973 1392 1038 tumultum

238 1079 241 1086 ·
336 1059 544 1147 cognominis,
559 1059 744 1136 dictatorem
759 1060 904 1147 adrogari
929 1061 1012 1126 haud
1035 1062 1109 1124 satis
1124 1061 1270 1124 decorum
1293 1061 1392 1136 visum

335 1160 381 1212 cat
405 1146 559 1212 Patribus.
606 1146 736 1222 Consul,
761 1146 884 1212 duabus
908 1146 1082 1228 legionibus
1108 1147 1177 1211 urbi
1203 1147 1391 1231 praepositis,

335 1247 407 1298 octo
423 1255 496 1295 cum
513 1231 551 1294 L.
569 1231 697 1297 Pinario
715 1247 851 1316 praetore
866 1233 982 1308 divisis,
1000 1253 1121 1296 memor
1142 1247 1282 1317 paternae
1297 1233 1394 1296 virtu·

176 1315 272 1361 ³⁶¹¹¹¹¹¹¹
335 1319 386 1394 tia,
401 1317 561 1385 Gallicum
576 1317 636 1381 sibi
652 1317 767 1382 bellum
782 1333 873 1384 extra
888 1332 1002 1384 sortem
1018 1320 1129 1384 sumit:
1145 1329 1313 1403 praetorem
1330 1339 1396 1381 ma-

334 1404 471 1470 ritimam
487 1425 574 1471 oram
596 1404 701 1481 tutari,
720 1405 912 1490 Graecosque
934 1427 1040 1470 arcere
1063 1404 1206 1469 litoribus
1225 1404 1328 1490 jussit.
1352 1417 1394 1482 et,

333 1513 433 1577 quum
460 1491 627 1577 inegram
652 1489 858 1576 Pomptinum
880 1491 1101 1570 descendisset,
1121 1491 1335 1576 (quia‘neque
1360 1491 1392 1554 in

334 1578 452 1660 campis
477 1577 629 1664 congredi
654 1577 742 1643 nulla
763 1591 896 1664 cogente
920 1600 955 1642 re
978 1577 1112 1652 volebat,
1140 1591 1171 1640 et
1194 1576 1394 1662 prohibendo

333 1663 601 1749 populationibus,
628 1686 707 1748 quos
732 1678 831 1748 rapto,
849 1665 953 1728 vivere
979 1665 1141 1728 necessitas
1164 1675 1302 1750 cogeret,
1321 1664 1395 1728 satis

334 1749 455 1815 domari
470 1750 618 1817 credebat
631 1749 769 1830 hostem)
784 1749 887 1814 locum
905 1751 1050 1816 idoneum
1067 1751 1186 1814 stativis
1200 1749 1330 1836 delegit.

379 1835 504 1900 XXVI.
531 1837 592 1902 Ubi
622 1858 720 1920 quum
747 1837 935 1902 stationibus
965 1838 1060 1924 quieti
1091 1851 1215 1920 tempus
1245 1849 1393 1914 tererent,

335 1921 448 1986 Gallus
469 1922 632 2005 processit,
653 1922 978 2009 magnitudinemque
999 1924 1092 1986 armis
1114 1923 1265 2009 insignis:
1290 1923 1394 2008 quati·

333 2029 452 2092 easque
466 2021 587 2072 scutum
611 2008 712 2086 hasta,
752 2031 826 2072 uum
847 2010 1004 2074 silentium
1024 2007 1155 2082 fecisset,
1172 2021 1324 2091 provocat
1338 2030 1396 2092 per

333 2093 536 2176 interpretem
559 2115 657 2158 unum
679 2031 902 2172 calliculam,
918 2095 972 2180 qui
997 2117 1102 2160 secum
1129 2093 1212 2158 ferro
1232 2092 1395 2158 decernat.

174 2193 209 2241 u.
220 2189 311 2240 vitarit
334 2178 385 2244 Μ.
401 2192 469 2246 erat
484 2180 629 2265 Valerius
643 2181 786 2245 tribunus
800 2182 946 2253 militum,
963 2180 1153 2256 adolescens,
1168 2180 1224 2267 'qui
1240 2179 1326 2246 haud
1347 2181 1394 2244 iu·

174 2271 232 2334 ‘3¹¹¹‘
243 2258 313 2304 ⁰⁸⁸⁰
334 2265 510 2354 digniorem
525 2291 563 2331 co
577 2267 690 2332 decore
702 2290 744 2344 se,
757 2289 852 2353 quam
868 2267 908 2332 T.
922 2267 1091 2344 Manlium,
1105 2271 1197 2344 ratus,
1213 2268 1304 2351 prius
1320 2269 1395 2332 scis·

174 2324 304 2434 afflig·
333 2353 448 2420 citatus
468 2353 604 2422 consulis
627 2354 832 2434 voluntatem,
849 2354 880 2418 in
906 2355 1042 2418 medium
1069 2367 1208 2420 armatus
1232 2354 1396 2437 processit.

336 2439 446 2504 Minus
461 2439 584 2527 insigne
598 2455 755 2506 certamen
769 2439 942 2504 humanum
960 2441 1089 2504 numine
1104 2440 1290 2523 interposito
1307 2441 1396 2506 Deo-

174 2529 273 2600 conus.
334 2547 404 2592 rum
420 2525 548 2592 iactum.
570 2549 708 2613 namque
729 2526 907 2592 conserenti
924 2529 989 2612 jam
1012 2549 1141 2592 manum
1159 2526 1309 2590 Romano
1325 2549 1396 2590 cor-

333 2635 390 2676 vus
412 2625 543 2695 repente
555 2613 589 2676 in
610 2615 701 2700 galea
719 2613 921 2689 consedit‘iu
945 2615 1063 2678 hostem
1080 2633 1196 2677 versus.
1219 2611 1309 2698 quod
1329 2615 1396 2697 pri·

332 2697 397 2774 md,
413 2711 448 2763 nt
469 2699 638 2786 augurium
652 2699 733 2764 coelo
747 2700 887 2776 missum,
904 2698 995 2764 laetus
1011 2701 1133 2782 accepit
1146 2698 1303 2763 tribunus.
1324 2721 1397 2783 pre·

333 2795 423 2848 catus
440 2785 726 2862 (latinissimus,
742 2789 771 2850 si
791 2788 864 2850 divo
884 2797 967 2862 esset,
981 2789 1035 2869 qui
1054 2787 1114 2850 sibi
1127 2784 1325 2868 ”praepetem
1340 2788 1398 2850 mi·

331 2873 545 2947 stratarum
565 2874 721 2954 propitius
742 2875 868 2936 adesset.
912 2871 1011 2938 Dictu
1036 2871 1189 2950 mirabile,
1206 2871 1309 2936 tenuit
1330 2894 1396 2936 aon

332 2955 436 3020 solum
450 2955 514 3024 ales
535 2971 659 3042 ceptam
682 2957 777 3022 semel
798 2957 914 3034 sedem,
930 2957 995 3034 sed,
1010 2959 1270 3044 quotiescumque
1292 2972 1396 3022 certa-

333 3063 406 3106 men
421 3043 535 3108 initum
550 3056 606 3118 ost,
622 3041 727 3107 levans
742 3067 774 3108 se
788 3043 857 3120 alis,
873 3067 909 3107 os
926 3044 1098 3129 oculosque
1118 3044 1217 3108 hostis
1239 3057 1346 3110 rostro
1365 3057 1398 3110 et

266 3189 269 3196 ,
333 3128 493 3214 unguibus
516 3128 662 3213 adpetiit:
686 3129 787 3194 donec
809 3131 955 3195 territum
977 3130 1117 3216 prodigii
1139 3129 1305 3211 talia'visu,
1319 3153 1397 3196 ocu-

245 3262 247 3270 .
332 3213 432 3300 lisque
446 3215 539 3280 simul
554 3238 591 3280 ac
607 3231 710 3280 meme
731 3216 903 3292 turbatum,
919 3214 1061 3281 Valerius
1082 3215 1262 3280 obtruncat.
1282 3238 1398 3282 corvus

333 3317 533 3387 econspectu
549 3302 648 3368 elatus
662 3303 814 3368 orientem
836 3305 923 3386 petit.
970 3302 1136 3368 Hactenus
1151 3302 1268 3386 quietae
1283 3304 1397 3368 utrim-

333 3409 396 3472 que
419 3389 568 3454 stationes
594 3388 688 3453 luere.
713 3401 876 3474 postquam
901 3389 1037 3471 spoliare
1061 3411 1177 3474 corpus
1198 3389 1271 3454 caesi
1295 3388 1398 3472 hostis

332 3475 478 3540 tribunus
503 3475 608 3560 erepit,
625 3497 683 3540 nec
710 3474 794 3540 Galli
820 3475 1009 3540 sectatione
1033 3487 1213 3552 tenuerunt,
1229 3489 1261 3540 et
1277 3476 1398 3541 Roma-

366 3734 397 3782 29
415 3735 488 3790 Qum
512 3747 573 3781 uuae
599 3750 682 3781 uanam
707 3734 845 3797 cummium]
909 3733 942 3780 80
959 3717 1032 3780 olm
1041 3729 1396 3796 sumtum-...wgmmiaid

333 3799 489 3846 observanda
505 3800 589 3846 sedulo
605 3807 641 3846 est
657 3791 813 3852 vox'ncmrm,
825 3801 845 3844 si
878 3799 941 3845 Vere
957 3805 982 3844 et
998 3799 1092 3858 proprie
1110 3799 1217 3857 loquitur
1230 3796 1324 3850 Livius,
1336 3797 1398 3842 dnm

296 3871 300 3880 “
333 3865 388 3924 quis
397 3869 506 3910 mentem
518 3862 581 3910 Livii
592 3865 687 3924 ”sequi
698 3864 763 3910 velit.
794 3863 845 3909 Au·
878 3862 1152 3924 cognominishicmon
1168 3860 1276 3908 nominis
1292 3860 1398 3906 mentio

332 3935 404 3988 gusto
426 3928 525 3989 quidam
542 3927 686 3988 imperante,
706 3929 759 3988 ipso
781 3928 846 3988 pacis
879 3926 1021 3974 tremiscit
1054 3926 1098 3974 llle
1117 3926 1183 3972 enim
1200 3925 1330 3972 Gallomm
1348 3925 1399 3971 vic·

333 3991 652 4052 temperamentum
673 3993 712 4039 25.
731 3993 847 4052 legiones,
880 4000 927 4049 tor,
948 3991 1044 4051 proprio
1064 3999 1089 4038 et
1113 3991 1228 4050 peculiari
1249 3989 1415 4050 cognomine·

334 4056 504 4111 testellione,
527 4058 545 4104 l.
567 4055 622 4105 LV.
647 4071 689 4119 per
713 4057 847 4117 pruvinum
880 4056 1009 4103 vocabatur
1021 4053 1397 4109 Camillus,Furiinomencum

333 4133 422 4179 marcae
433 4129 510 4169 crant.
541 4121 848 4178 criminaremur
880 4121 964 4167 multis
982 4119 1036 4166 aliis
1057 4118 1141 4166 habult
1163 4131 1306 4164 commune.
1338 4117 1397 4163 vid.

333 4185 440 4230 exercitu
457 4185 482 4230 in
501 4187 581 4232 subita
601 4201 628 4232 re
646 4201 707 4247 opus
724 4187 766 4244 sit,
781 4186 846 4233 haud
880 4184 988 4232 Perizon·
1000 4183 1129 4232 Animadv.
1143 4183 1208 4228 Hiar.
1219 4196 1240 4227 c.
1252 4180 1278 4229 2.

333 4248 404 4293 imile
423 4254 520 4297 tantum
538 4251 645 4297 militum
661 4251 750 4297 armari
769 4263 847 4311 posse,
911 4247 940 4296 31
959 4247 1100 4311 Proepetem]
1117 4247 1209 4294 illitam
1226 4246 1303 4292 felicis
1319 4259 1397 4306 augu-

334 4319 450 4372 quantum
469 4320 528 4360 trine
546 4316 656 4362 consules
674 4315 754 4362 subito
774 4315 847 4375 scrip-
880 4313 917 4358 rii.

334 4387 393 4422 sere.

1427 4424 1440 4457 Ὶ
