3032 4924
321 109 379 182 852
713 117 991 182 T1T1L1v11
1025 205 1030 222 .

160 299 190 347 u.
203 301 297 350 osso.
320 294 388 348 tum
420 281 635 366 conscriptum
667 293 887 370 armatumque
915 281 1068 348 trifariam
1098 282 1214 349 divisit.
1258 295 1381 373 partera

158 365 296 433 40⁸⁸&
320 390 416 434 unam
439 369 473 432 in
493 389 571 456 agro
586 368 717 433 Veiente
732 366 872 434 Etruriae
893 370 1059 454 obposuit:
1081 369 1213 436 alteram
1234 371 1309 436 ante
1328 393 1381 436 ur·

233 501 237 513 ,
319 456 393 521 bem
408 466 511 520 castra
526 458 629 520 locare
644 454 741 519 'ussit
757 453 783 494 ¹²
793 456 938 522 tribunus
953 456 1090 522 militum
1103 455 1154 522 bis
1169 459 1211 524 A.
1226 457 1381 540 Manlius,

320 541 392 621 illis,
404 542 458 626 qui
473 541 621 606 adversus
637 477 789 607 ldtruscos
803 543 1020 621 mittebantur,
1037 543 1076 607 L.
1089 541 1241 608 AEmilius
1257 565 1383 630 praepo·

321 629 417 693 situs:
440 628 566 692 tertiam
586 639 707 711 partem
724 627 792 711 ipse
807 628 847 693 ad
867 628 995 694 Volscos
1009 630 1111 694 duxit.
1132 652 1192 694 nec
1211 631 1380 715 proculab

158 723 302 802 Volscorum
323 713 469 780 Lanuvio
489 713 576 800 1’(ιιιί
590 715 755 778 Maecium‘
768 713 795 778 is
816 714 904 780 locus
927 715 1055 796 dicitur)
1070 730 1172 781 castra
1194 717 1383 804 obpugnare

151 794 368 866 mmll‘est
381 800 522 866 adortus.
566 799 702 877 Quibus,
719 799 760 865 ab
774 812 936 866 contemtu
952 803 1052 888 (quod
1093 825 1311 888 ropeomnem
1326 803 1384 868 de·

322 887 416 952 letam
433 911 453 951 a
468 885 568 952 Gallis
586 886 762 952 Romanam
781 889 979 973 juventutem
1003 825 1183 970 credbrent)
1198 890 1240 953 ad
1264 890 1381 954 bellum

315 1036 316 1051 ,
342 973 479 1055 rofectis,
495 986 618 1038 tantum
636 973 789 1040 Camillus
803 975 935 1040 ¹auditus
957 975 1130 1060 imperator
1150 978 1282 1041 terroris
1298 977 1381 1042 intu-

259 1091 261 1098 >
318 996 410 1141 lbrat,
425 1074 461 1125 ut
479 1059 562 1124 vallo
584 1081 616 1122 se
639 1060 707 1144 ipsi,
724 1059 841 1124 vallum
863 1061 1020 1148 congestis
1042 1062 1209 1128 arboribus
1230 1063 1381 1146 sepirent,

319 1169 360 1210 ne
372 1169 436 1233 qua
449 1147 568 1230 intrare
580 1144 620 1210 ad
634 1145 832 1210 munimenta
847 1146 945 1211 hostis
959 1163 1072 1232 posset
1096 1148 1193 1225 Quod
1208 1149 1262 1214 ubi
1278 1150 1380 1213 anim·

319 1233 455 1298 advertit
473 1231 637 1309 Camillus,
653 1232 759 1319 ignom
783 1233 993 1318 in'objectam
1016 1257 1123 1320 sepem
1145 1235 1258 1322 conjici
1276 1237 1385 1321 jussit.

318 1331 352 1384 et
371 1319 455 1386 forte
473 1330 541 1384 erat
556 1319 610 1382 vis‘
623 1340 673 1382 mn
698 1341 739 1384 ua
761 1321 844 1384 venti
866 1341 955 1384 versa
975 1319 1007 1382 in
1031 1320 1164 1386 hostem.
1186 1322 1294 1407 itaque
1315 1343 1382 1388 non

319 1407 444 1492 aperuit
459 1405 561 1470 solum
580 1341 728 1469 incendio
742 1407 836 1482 viam,
852 1405 917 1482 sed,
933 1406 1068 1471 flammis
1082 1407 1114 1471 in
1130 1420 1233 1473 castra
1248 1407 1383 1473 tenden-

315 1492 413 1572 tibus,
430 1513 547 1578 vapore
567 1491 662 1556 etiam
678 1514 715 1556 nc
730 1490 817 1556 inmo
836 1494 1020 1579 crepituque
1035 1493 1143 1558 viridis
1167 1501 1309 1559 materiae
1324 1495 1381 1560 fla·

314 1643 316 1650 ,
344 1579 450 1658 rantis,
466 1579 510 1643 ita
531 1579 741 1643 consternavit
766 1578 881 1654 hostes,
903 1591 937 1644 ut
959 1578 1066 1644 minor
1085 1579 1182 1645 moles
1202 1583 1382 1666 superanti·

315 1601 378 1744 Vns
394 1664 511 1728 vallum
526 1664 560 1752 in
575 1679 676 1728 castra
690 1663 878 1728 Volscorum
896 1665 1049 1730 Romanis
1064 1665 1168 1749 suerit,
1203 1689 1276 1732 uam
1292 1682 1384 1734 tran·

319 1750 543 1816 scenduntibus
558 1771 663 1834 sepem
679 1750 825 1814 incendio
840 1750 1015 1816 absumtam
1036 1751 1147 1818 iuerat.
1221 1754 1285 1818 usis
1307 1754 1383 1819 hos·

319 1838 403 1901 tibus
425 1838 585 1920 caesisque‚
602 1858 699 1922 quum
723 1849 825 1901 castra
846 1837 954 1922 inpetu
977 1840 1112 1924 cepisset
1131 1839 1277 1918 dictator,
1296 1861 1381 1925 prar-

318 1923 393 1990 dam
418 1923 509 1988 militi
535 1922 632 2000 dedit,
656 1943 719 2007 qno
742 1924 847 1988 minus
871 1937 1040 2008 speratam,
1064 1925 1212 1990 minime‘
1229 1927 1385 2014 largitore

318 2009 413 2088 duce,
441 2031 480 2074 eo
508 2008 602 2072 militi
657 2009 815 2074 rariorem.
853 2024 1036 2095 persecutus
1069 2011 1183 2078 deinde
1210 2013 1380 2098 fugientes,

318 2118 417 2197 quum
438 2117 565 2159 omnem
580 2031 731 2158 Volieum
754 2119 865 2182 agrum
889 2097 1098 2184 depopulatus
1119 2109 1210 2178 esset,
1225 2099 1267 2164 ad
1289 2100 1381 2165 dedi·

157 2194 294 2242 netmtss
318 2199 437 2248 nonem
453 2181 587 2246 Volscos
602 2181 626 2222 ¹⁴
637 2185 867 2268 septuagesimo
881 2183 1007 2248 demum
1024 2207 1109 2249 anno
1124 2185 1257 2272 subegit.
1306 2187 1381 2252 Vic-

156 2258 247 2374 V⁰¹¹J¹⁵
318 2282 370 2334 tor
383 2292 423 2334 ex
439 2268 561 2334 Volscis
576 2266 609 2332 in
625 2269 745 2354 AEquos
761 2271 893 2347 transiit,
909 2284 940 2336 et
961 2271 1046 2356 ipsos
1061 2271 1178 2336 bellurn
1193 2272 1384 2338 molientest

319 2357 493 2422 exercitum
505 2377 618 2420 eorum
634 2355 676 2418 ud
693 2355 790 2420 Bolas
804 2356 959 2441 obpressit
969 2381 978 2434 ς
1001 2379 1059 2424 nec
1076 2371 1178 2424 cestra
1200 2359 1307 2439 modo,
1324 2361 1381 2426 scd

310 2442 429 2530 ¹urbem
445 2443 540 2508 etism
556 2441 731 2528 adgressus,
747 2442 856 2527 inpetu
872 2443 977 2528 primo
993 2445 1087 2529 cepit.

362 2529 427 2594 111.
450 2528 561 2606 Quum
576 2529 609 2590 in
624 2551 661 2592 ea
675 2541 775 2612 parte,
791 2530 822 2590 in
838 2551 901 2614 qua
916 2542 1012 2614 caput
1026 2532 1071 2596 rei
1088 2532 1245 2596 &manre
1257 2531 1382 2598 Camil·

317 2614 458 2693 luserat,
474 2637 512 2680 ea
526 2614 655 2678 fortuna
669 2627 759 2693 esset,
774 2613 867 2678 aliam
882 2616 915 2678 in
933 2630 1054 2702 partem
1072 2629 1174 2682 terror
1196 2619 1311 2707 ingens
1331 2623 1382 2684 in·

154 2712 264 2760 aurnum
276 2726 292 2759 s
317 2717 457 2790 grueret.
502 2701 631 2764 Etruria
653 2721 754 2782 prope
769 2702 871 2764 omnis
893 2716 1015 2768 armata
1031 2705 1184 2780 Sutrium,
1200 2705 1302 2770 socios
1321 2729 1379 2788 po·

152 2777 295 2890 fflfflb'
319 2787 386 2873 puli
404 2787 556 2863 Romani,¹
568 2785 749 2850 obsidebat:
772 2809 908 2873 quorum
931 2789 1037 2877 legati,
1053 2812 1146 2876 opem
1164 2791 1259 2855 rebus
1274 2791 1381 2858 adfec-

280 2875 284 2883 '
318 2875 358 2938 tia
383 2887 519 2948 orantes,
545 2895 642 2958 quum
666 2883 808 2936 senatum
836 2875 981 2954 adissent,
998 2876 1160 2942 decretum
1181 2877 1328 2961 1⁵tulere,
1343 2893 1380 2945 ut

316 2960 454 3025 dictator
478 2959 583 3044 primo
602 2980 735 3044 ,quoque
758 2972 903 3045 tempore
928 2962 1080 3028 auxilium
1105 2963 1243 3028 Sutrinis
1269 2963 1381 3030 ferret.

318 3047 418 3131 Cujus
433 3046 500 3130 spei
517 3067 637 3109 moram
653 3066 751 3130 quum
774 3048 840 3130 pati
861 3047 989 3114 fortuna
1010 3053 1206 3114 obsessorum
1230 3072 1298 3114 non
1321 3074 1380 3136 po·

315 3133 435 3210 tuisset,
450 3129 653 3217 confectaque
672 3130 698 3168 ¹⁶
708 3133 848 3216 paucitas
868 3135 1113 3220 oppidanorum,
1128 3157 1235 3222 opere,
1250 3138 1380 3224 vigiliis,

316 3217 509 3295 vulneribus,
529 3240 601 3304 quae
623 3239 747 3304 semper
763 3220 890 3286 eosdem
914 3223 1101 3310 urguebant,
1117 3245 1176 3308 per
1196 3225 1380 3307 pactionem

443 3379 457 3406 ⁸
467 3371 590 3422 Marcium
601 3375 677 3424 Gron.
688 3377 756 3424 Creu.
888 3368 1004 3426 ‘minime
1015 3379 1031 3426 l.
1047 3391 1062 3425 u
1073 3377 1168 3426 minime
1179 3377 1246 3426 Eat.

314 3539 390 3588 quam
396 3522 546 3588 juravissent
556 3538 581 3572 se
591 3521 662 3586 jussu
674 3525 771 3573 Camilli
780 3527 830 3574 die·
862 3528 1010 3582 eristbuant.
1019 3527 1051 3574 asi
1061 3526 1183 3576 Mecium

314 3593 399 3640 tatoris
428 3597 598 3648 conventuros,
624 3604 702 3652 neque
735 3587 829 3652 injussu
896 3592 927 3639 14
942 3591 1114 3653 Septssagrsimo
1124 3591 1216 3638 derassa
1226 3591 1300 3656 asso]
1324 3591 1378 3639 Nn·

315 3657 429 3704 abituros.
861 3669 943 3704 merus
962 3658 1100 3704 mendosus.
1133 3655 1278 3715 Legendum
1296 3663 1381 3704 censet

349 3719 515 3768 leuatam
541 3720 655 3784 militam]
689 3719 829 3779 Campanus
862 3723 974 3782 Sigonius
991 3722 1117 3780 septimst
1132 3721 1269 3768 wabrinse.-
1287 3722 1316 3768 u‘t
1332 3735 1378 3768 nu-

314 3784 411 3840 salunt,
422 3791 451 3832 ut
468 3792 493 3830 es
510 3785 602 3844 aliquot
620 3787 689 3832 codd.
708 3783 780 3832 MSS.
799 3786 830 3832 ln
862 3787 990 3832 merereris
1012 3785 1095 3836 Livius
1120 3786 1151 3832 sb
1176 3798 1205 3830 eo
1230 3797 1306 3840 ωηο,
1328 3799 1378 3844 quo

315 3849 404 3894 nostris
420 3849 537 3910 ambigua
551 3849 726 3908 scriptumest,
738 3853 768 3894 tr.
779 3851 829 3898 mil.
862 3849 955 3908 Volsci,
963 3846 1015 3911 jam
1028 3856 1085 3896 ante
1097 3862 1113 3896 a
1123 3849 1257 3909 Tarquinio
1268 3849 1380 3910 Superbo

314 3913 451 3960 Gronovius
475 3915 562 3960 merito
587 3913 718 3972 legendum
741 3919 828 3973 putate
861 3914 974 3972 lacessiti,
1000 3915 1090 3960 bellum
1116 3920 1302 3972 renovaverant,
1329 3914 1378 3974 Ap.

315 3976 404 4022 tritus!
426 3977 580 4024 militantis
596 3975 627 4022 A.
645 3977 762 4032 dioniius,
781 3977 829 4025 iilis
861 3978 961 4026 Claudio
979 3985 1004 4026 et
1021 3978 1048 4026 P·
1065 3978 1166 4026 Servilio
1184 3979 1334 4033 consulibus,
1351 3991 1378 4024 u.

315 4042 356 4099 qui
372 4039 481 4086 aduersas
498 4043 609 4088 Etruscos
627 4042 785 4098 erithbertus,
799 4042 828 4088 L.
861 4058 883 4091 c.
894 4045 949 4091 259.
1277 4085 1280 4090 .

315 4103 561 4165 AErailiurpru’poriti.
894 4107 925 4156 15
944 4103 1037 4170 ratae]
1051 4108 1367 4168 Abssnlere,tmpeuavsrs.

349 4166 380 4214 13
396 4167 577 4232 AdMaretam]
596 4171 830 4231 Campsnusetrin·
894 4171 1069 4219 16'Pausitas
1088 4170 1268 4234 oppidanorum]
1301 4171 1379 4231 oppt-

313 4229 547 4282 dreasuiMstisas.
582 4233 675 4282 Varum
692 4231 766 4296 hujus
781 4237 828 4282 loci
860 4236 1147 4296 dentqutpsueisrant.

315 4308 403 4350 npmen
416 4295 527 4356 Sigonius
537 4305 562 4344 et
569 4298 621 4344 Jao.
631 4300 766 4348 Gronovius
776 4313 827 4347 osse
