<?xml version="1.0" encoding="UTF-8"?>
<!DOCTYPE html PUBLIC "-//W3C//DTD XHTML 1.0 Transitional//EN"
    "http://www.w3.org/TR/xhtml1/DTD/xhtml1-transitional.dtd">
<html xmlns="http://www.w3.org/1999/xhtml" xml:lang="en" lang="en">
 <head>
  <title>
</title>
<meta http-equiv="Content-Type" content="text/html;charset=utf-8" />
  <meta name='ocr-system' content='tesseract 3.04.00' />
  <meta name='ocr-capabilities' content='ocr_page ocr_carea ocr_par ocr_line ocrx_word'/>
</head>
<body>
  <div class='ocr_page' id='page_1' title='image "./tliviipatavinih02crevgoog_0548.png"; bbox 0 0 3034 4916; ppageno 0'>
   <div class='ocr_carea' id='block_1_1' title="bbox 434 166 1243 244">
    <p class='ocr_par' dir='ltr' id='par_1_1' title="bbox 434 166 1243 244">
     <span class='ocr_line' id='line_1_1' title="bbox 434 166 1243 244; baseline 0.004 -5"><span class='ocrx_word' id='word_1_1' title='bbox 434 180 529 239; x_wconf 81' lang='lat' dir='ltr'><strong>cru.</strong></span> <span class='ocrx_word' id='word_1_2' title='bbox 551 175 605 244; x_wconf 81' lang='lat' dir='ltr'><strong>tx.</strong></span> <span class='ocrx_word' id='word_1_3' title='bbox 633 178 738 242; x_wconf 76' lang='lat' dir='ltr'><strong>cnr.</strong></span> <span class='ocrx_word' id='word_1_4' title='bbox 756 179 905 242; x_wconf 81' lang='lat' dir='ltr'><strong>xxxrx.</strong></span> <span class='ocrx_word' id='word_1_5' title='bbox 1150 187 1205 244; x_wconf 79' lang='lat' dir='ltr'><strong>cn</strong></span> <span class='ocrx_word' id='word_1_6' title='bbox 1237 166 1243 177; x_wconf 87' lang='grc'><em>’</em></span> 
     </span>
    </p>
   </div>
   <div class='ocr_carea' id='block_1_2' title="bbox 114 337 1365 3187">
    <p class='ocr_par' dir='ltr' id='par_1_2' title="bbox 147 337 1365 2922">
     <span class='ocr_line' id='line_1_2' title="bbox 148 337 1361 430; baseline 0 -24"><span class='ocrx_word' id='word_1_7' title='bbox 148 359 207 424; x_wconf 88' lang='lat' dir='ltr'><strong>per</strong></span> <span class='ocrx_word' id='word_1_8' title='bbox 227 337 356 406; x_wconf 83' lang='lat' dir='ltr'><strong>Marsos</strong></span> <span class='ocrx_word' id='word_1_9' title='bbox 370 363 407 420; x_wconf 78' lang='lat' dir='ltr'><strong>sc</strong></span> <span class='ocrx_word' id='word_1_10' title='bbox 430 339 565 414; x_wconf 79' lang='lat' dir='ltr'><strong>Sabiuo&#39;s</strong></span> <span class='ocrx_word' id='word_1_11' title='bbox 578 341 720 429; x_wconf 83' lang='lat' dir='ltr'><strong>petituri,</strong></span> <span class='ocrx_word' id='word_1_12' title='bbox 740 343 767 408; x_wconf 90' lang='lat' dir='ltr'><strong>si</strong></span> <span class='ocrx_word' id='word_1_13' title='bbox 788 341 932 412; x_wconf 76' lang='lat' dir='ltr'><strong>Marcius</strong></span> <span class='ocrx_word' id='word_1_14' title='bbox 950 342 1124 412; x_wconf 85' lang='lat' dir='ltr'><strong>dimicandi</strong></span> <span class='ocrx_word' id='word_1_15' title='bbox 1149 367 1207 430; x_wconf 90' lang='lat' dir='ltr'><strong>po-</strong></span> <span class='ocrx_word' id='word_1_16' title='bbox 1218 362 1284 410; x_wconf 82' lang='lat' dir='ltr'><strong>uc</strong></span> <span class='ocrx_word' id='word_1_17' title='bbox 1296 361 1361 411; x_wconf 60' lang='lat' dir='ltr'><strong>rua</strong></span> 
     </span>
     <span class='ocr_line' id='line_1_3' title="bbox 147 427 1363 502; baseline 0.002 -6"><span class='ocrx_word' id='word_1_18' title='bbox 147 436 295 496; x_wconf 79' lang='lat' dir='ltr'><strong>testatem</strong></span> <span class='ocrx_word' id='word_1_19' title='bbox 323 450 388 494; x_wconf 90' lang='lat' dir='ltr'><strong>non</strong></span> <span class='ocrx_word' id='word_1_20' title='bbox 416 427 518 494; x_wconf 85' lang='lat' dir='ltr'><strong>faciat.</strong></span> <span class='ocrx_word' id='word_1_21' title='bbox 563 431 697 502; x_wconf 68' lang='lat' dir='ltr'><strong>Obvius,</strong></span> <span class='ocrx_word' id='word_1_22' title='bbox 714 430 754 494; x_wconf 91' lang='lat' dir='ltr'><strong>iis</strong></span> <span class='ocrx_word' id='word_1_23' title='bbox 782 431 893 496; x_wconf 89' lang='lat' dir='ltr'><strong>consul</strong></span> <span class='ocrx_word' id='word_1_24' title='bbox 922 428 991 497; x_wconf 84' lang='lat' dir='ltr'><strong>fuit.</strong></span> <span class='ocrx_word' id='word_1_25' title='bbox 1021 430 1207 498; x_wconf 88' lang='lat' dir='ltr'><strong>dimicatum</strong></span> <span class='ocrx_word' id='word_1_26' title='bbox 1217 430 1249 475; x_wconf 61' lang='grc' dir='ltr'><strong>Α·</strong></span> <span class='ocrx_word' id='word_1_27' title='bbox 1257 427 1284 474; x_wconf 80' lang='lat'><strong>⁰·</strong></span> <span class='ocrx_word' id='word_1_28' title='bbox 1295 427 1363 476; x_wconf 74' lang='lat'><strong>³⁰⁸⁶·</strong></span> 
     </span>
     <span class='ocr_line' id='line_1_4' title="bbox 147 513 1206 606; baseline 0.007 -29"><span class='ocrx_word' id='word_1_29' title='bbox 147 513 265 598; x_wconf 86' lang='lat' dir='ltr'><strong>proelio</strong></span> <span class='ocrx_word' id='word_1_30' title='bbox 286 513 447 601; x_wconf 83' lang='lat' dir='ltr'><strong>utrimque</strong></span> <span class='ocrx_word' id='word_1_31' title='bbox 467 516 577 594; x_wconf 87' lang='lat' dir='ltr'><strong>atroci,</strong></span> <span class='ocrx_word' id='word_1_32' title='bbox 600 530 695 604; x_wconf 87' lang='lat' dir='ltr'><strong>atque</strong></span> <span class='ocrx_word' id='word_1_33' title='bbox 715 516 838 582; x_wconf 89' lang='lat' dir='ltr'><strong>incerto</strong></span> <span class='ocrx_word' id='word_1_34' title='bbox 851 531 965 584; x_wconf 87' lang='lat' dir='ltr'><strong>eventu</strong></span> <span class='ocrx_word' id='word_1_35' title='bbox 981 529 1037 584; x_wconf 80' lang='lat' dir='ltr'><strong>est.</strong></span> <span class='ocrx_word' id='word_1_36' title='bbox 1062 531 1095 583; x_wconf 89' lang='lat' dir='ltr'><strong>et</strong></span> <span class='ocrx_word' id='word_1_37' title='bbox 1109 541 1206 606; x_wconf 92' lang='lat' dir='ltr'><strong>quum</strong></span> 
     </span>
     <span class='ocr_line' id='line_1_5' title="bbox 148 599 1208 686; baseline 0.006 -22"><span class='ocrx_word' id='word_1_38' title='bbox 148 620 267 686; x_wconf 85' lang='lat' dir='ltr'><strong>anceps</strong></span> <span class='ocrx_word' id='word_1_39' title='bbox 289 601 390 666; x_wconf 86' lang='lat' dir='ltr'><strong>caedes</strong></span> <span class='ocrx_word' id='word_1_40' title='bbox 408 599 527 682; x_wconf 81' lang='lat' dir='ltr'><strong>inisset,</strong></span> <span class='ocrx_word' id='word_1_41' title='bbox 542 601 683 672; x_wconf 75' lang='lat' dir='ltr'><strong>adversm</strong></span> <span class='ocrx_word' id='word_1_42' title='bbox 704 615 809 668; x_wconf 83' lang='lat' dir='ltr'><strong>tamen</strong></span> <span class='ocrx_word' id='word_1_43' title='bbox 831 603 877 670; x_wconf 90' lang='lat' dir='ltr'><strong>rei</strong></span> <span class='ocrx_word' id='word_1_44' title='bbox 898 602 980 672; x_wconf 84' lang='lat' dir='ltr'><strong>fama</strong></span> <span class='ocrx_word' id='word_1_45' title='bbox 993 603 1028 670; x_wconf 83' lang='lat' dir='ltr'><strong>in&#39;</strong></span> <span class='ocrx_word' id='word_1_46' title='bbox 1044 604 1208 672; x_wconf 84' lang='lat' dir='ltr'><strong>Romanos</strong></span> 
     </span>
     <span class='ocr_line' id='line_1_6' title="bbox 147 685 1208 778; baseline 0.006 -28"><span class='ocrx_word' id='word_1_47' title='bbox 147 685 253 764; x_wconf 83' lang='lat' dir='ltr'><strong>vertit,</strong></span> <span class='ocrx_word' id='word_1_48' title='bbox 276 689 318 750; x_wconf 93' lang='lat' dir='ltr'><strong>ob</strong></span> <span class='ocrx_word' id='word_1_49' title='bbox 340 687 468 752; x_wconf 86' lang='lat' dir='ltr'><strong>amissos</strong></span> <span class='ocrx_word' id='word_1_50' title='bbox 494 689 648 774; x_wconf 87' lang='lat' dir='ltr'><strong>quosdam</strong></span> <span class='ocrx_word' id='word_1_51' title='bbox 674 690 826 774; x_wconf 87' lang='lat' dir='ltr'><strong>equestris</strong></span> <span class='ocrx_word' id='word_1_52' title='bbox 848 689 978 768; x_wconf 80' lang='lat' dir='ltr'>ordinis,</span> <span class='ocrx_word' id='word_1_53' title='bbox 1000 691 1208 778; x_wconf 77' lang='lat' dir='ltr'><strong>tribunosque</strong></span> 
     </span>
     <span class='ocr_line' id='line_1_7' title="bbox 150 771 1208 865; baseline 0.006 -29"><span class='ocrx_word' id='word_1_54' title='bbox 150 771 299 849; x_wconf 88' lang='lat' dir='ltr'><strong>rnilitum,</strong></span> <span class='ocrx_word' id='word_1_55' title='bbox 327 785 421 859; x_wconf 84' lang='lat' dir='ltr'><strong>atque</strong></span> <span class='ocrx_word' id='word_1_56' title='bbox 445 795 541 838; x_wconf 90' lang='lat' dir='ltr'><strong>unum</strong></span> <span class='ocrx_word' id='word_1_57' title='bbox 567 773 716 862; x_wconf 81' lang='lat' dir='ltr'><strong>legatum,</strong></span> <span class='ocrx_word' id='word_1_58' title='bbox 742 789 773 840; x_wconf 90' lang='lat' dir='ltr'><strong>et</strong></span> <span class='ocrx_word' id='word_1_59' title='bbox 800 775 899 860; x_wconf 91' lang='lat' dir='ltr'><strong>(quod</strong></span> <span class='ocrx_word' id='word_1_60' title='bbox 924 776 1047 865; x_wconf 75' lang='lat' dir='ltr'><strong>insigne</strong></span> <span class='ocrx_word' id='word_1_61' title='bbox 1071 777 1208 844; x_wconf 86' lang='lat' dir='ltr'><strong>maxime</strong></span> 
     </span>
     <span class='ocr_line' id='line_1_8' title="bbox 147 857 1208 944; baseline 0.007 -23"><span class='ocrx_word' id='word_1_62' title='bbox 147 857 223 938; x_wconf 85' lang='lat' dir='ltr'><strong>luit)</strong></span> <span class='ocrx_word' id='word_1_63' title='bbox 238 858 376 922; x_wconf 87' lang='lat' dir='ltr'><strong>consulis</strong></span> <span class='ocrx_word' id='word_1_64' title='bbox 397 861 495 944; x_wconf 86' lang='lat' dir='ltr'><strong>ipsius</strong></span> <span class='ocrx_word' id='word_1_65' title='bbox 509 859 633 927; x_wconf 81' lang='lat' dir='ltr'><strong>vulnus.</strong></span> <span class='ocrx_word' id='word_1_66' title='bbox 677 863 730 926; x_wconf 93' lang='lat' dir='ltr'><strong>Ob</strong></span> <span class='ocrx_word' id='word_1_67' title='bbox 744 861 814 926; x_wconf 81' lang='lat' dir='ltr'><strong>haec</strong></span> <span class='ocrx_word' id='word_1_68' title='bbox 836 862 929 926; x_wconf 85' lang='lat' dir='ltr'><strong>etiam</strong></span> <span class='ocrx_word' id='word_1_69' title='bbox 945 867 1039 928; x_wconf 87' lang='lat' dir='ltr'><strong>a&#39;ucta</strong></span> <span class='ocrx_word' id='word_1_70' title='bbox 1059 863 1142 928; x_wconf 89' lang='lat' dir='ltr'><strong>fama</strong></span> <span class='ocrx_word' id='word_1_71' title='bbox 1158 872 1208 944; x_wconf 91' lang='lat' dir='ltr'><strong>(ut</strong></span> 
     </span>
     <span class='ocr_line' id='line_1_9' title="bbox 147 944 1208 1049; baseline 0.007 -41"><span class='ocrx_word' id='word_1_72' title='bbox 147 944 241 1026; x_wconf 86' lang='lat' dir='ltr'><strong>solet)</strong></span> <span class='ocrx_word' id='word_1_73' title='bbox 261 945 378 1031; x_wconf 82' lang='lat' dir='ltr'><strong>ingens</strong></span> <span class='ocrx_word' id='word_1_74' title='bbox 400 959 502 1012; x_wconf 91' lang='lat' dir='ltr'><strong>terror</strong></span> <span class='ocrx_word' id='word_1_75' title='bbox 519 946 628 1012; x_wconf 90' lang='lat' dir='ltr'><strong>Patres</strong></span> <span class='ocrx_word' id='word_1_76' title='bbox 648 947 773 1024; x_wconf 82' lang='lat' dir='ltr'><strong>invasit,</strong></span> <span class='ocrx_word' id='word_1_77' title='bbox 790 946 1040 1049; x_wconf 80' lang='lat' dir='ltr'><strong>dictatoremque</strong></span> <span class='ocrx_word' id='word_1_78' title='bbox 1059 949 1123 1014; x_wconf 89' lang='lat' dir='ltr'><strong>dici</strong></span> <span class='ocrx_word' id='word_1_79' title='bbox 1140 951 1208 1034; x_wconf 87' lang='lat' dir='ltr'><strong>pla·</strong></span> 
     </span>
     <span class='ocr_line' id='line_1_10' title="bbox 148 1029 1207 1122; baseline 0.005 -29"><span class='ocrx_word' id='word_1_80' title='bbox 148 1029 257 1094; x_wconf 85' lang='lat' dir='ltr'><strong>cebat:</strong></span> <span class='ocrx_word' id='word_1_81' title='bbox 281 1051 350 1108; x_wconf 89' lang='lat' dir='ltr'><strong>nec,</strong></span> <span class='ocrx_word' id='word_1_82' title='bbox 377 1031 452 1117; x_wconf 90' lang='lat' dir='ltr'><strong>quin</strong></span> <span class='ocrx_word' id='word_1_83' title='bbox 479 1032 600 1097; x_wconf 78' lang='lat' dir='ltr'><strong>Cursor</strong></span> <span class='ocrx_word' id='word_1_84' title='bbox 627 1031 772 1118; x_wconf 84' lang='lat' dir='ltr'><strong>Papirius</strong></span> <span class='ocrx_word' id='word_1_85' title='bbox 800 1032 968 1112; x_wconf 86' lang='lat' dir='ltr'><strong>diceretur,</strong></span> <span class='ocrx_word' id='word_1_86' title='bbox 994 1057 1025 1100; x_wconf 83' lang='lat' dir='ltr'><strong>un</strong></span> <span class='ocrx_word' id='word_1_87' title='bbox 1052 1049 1207 1122; x_wconf 87' lang='lat' dir='ltr'><strong>quotum</strong></span> 
     </span>
     <span class='ocr_line' id='line_1_11' title="bbox 150 1117 1208 1206; baseline 0.005 -26"><span class='ocrx_word' id='word_1_88' title='bbox 150 1138 276 1181; x_wconf 83' lang='lat' dir='ltr'><strong>summa</strong></span> <span class='ocrx_word' id='word_1_89' title='bbox 297 1119 342 1180; x_wconf 88' lang='lat' dir='ltr'><strong>rei</strong></span> <span class='ocrx_word' id='word_1_90' title='bbox 369 1117 492 1182; x_wconf 81' lang='lat' dir='ltr'><strong>bellicae</strong></span> <span class='ocrx_word' id='word_1_91' title='bbox 515 1118 704 1203; x_wconf 88' lang='lat' dir='ltr'><strong>ponebatur,</strong></span> <span class='ocrx_word' id='word_1_92' title='bbox 719 1119 849 1184; x_wconf 87' lang='lat' dir='ltr'><strong>dubium</strong></span> <span class='ocrx_word' id='word_1_93' title='bbox 872 1120 1019 1206; x_wconf 87' lang='lat' dir='ltr'><strong>cuiquam</strong></span> <span class='ocrx_word' id='word_1_94' title='bbox 1041 1133 1126 1186; x_wconf 85' lang='lat' dir='ltr'><strong>erat:</strong></span> <span class='ocrx_word' id='word_1_95' title='bbox 1152 1120 1208 1188; x_wconf 85' lang='lat' dir='ltr'><strong>red</strong></span> 
     </span>
     <span class='ocr_line' id='line_1_12' title="bbox 147 1203 1208 1291; baseline 0.004 -23"><span class='ocrx_word' id='word_1_96' title='bbox 147 1225 210 1268; x_wconf 89' lang='lat' dir='ltr'><strong>nec</strong></span> <span class='ocrx_word' id='word_1_97' title='bbox 231 1203 264 1266; x_wconf 91' lang='lat' dir='ltr'><strong>iu</strong></span> <span class='ocrx_word' id='word_1_98' title='bbox 282 1203 447 1268; x_wconf 87' lang='lat' dir='ltr'><strong>Samnium</strong></span> <span class='ocrx_word' id='word_1_99' title='bbox 468 1205 619 1270; x_wconf 90' lang='lat' dir='ltr'><strong>nuncium</strong></span> <span class='ocrx_word' id='word_1_100' title='bbox 645 1203 789 1291; x_wconf 79' lang='lat' dir='ltr'><strong>perferri,</strong></span> <span class='ocrx_word' id='word_1_101' title='bbox 814 1205 961 1272; x_wconf 87' lang='lat' dir='ltr'><strong>omnibus</strong></span> <span class='ocrx_word' id='word_1_102' title='bbox 982 1206 1112 1288; x_wconf 88' lang='lat' dir='ltr'><strong>infestis,</strong></span> <span class='ocrx_word' id='word_1_103' title='bbox 1137 1219 1208 1274; x_wconf 85' lang='lat' dir='ltr'><strong>tuto</strong></span> 
     </span>
     <span class='ocr_line' id='line_1_13' title="bbox 149 1289 1209 1374; baseline 0.004 -22"><span class='ocrx_word' id='word_1_104' title='bbox 149 1311 262 1374; x_wconf 90' lang='lat' dir='ltr'><strong>posse;</strong></span> <span class='ocrx_word' id='word_1_105' title='bbox 285 1309 344 1352; x_wconf 87' lang='lat' dir='ltr'><strong>nec</strong></span> <span class='ocrx_word' id='word_1_106' title='bbox 358 1290 461 1366; x_wconf 71' lang='lat' dir='ltr'><strong>viuere</strong></span> <span class='ocrx_word' id='word_1_107' title='bbox 482 1289 640 1356; x_wconf 87' lang='lat' dir='ltr'><strong>Marcium</strong></span> <span class='ocrx_word' id='word_1_108' title='bbox 659 1289 818 1356; x_wconf 89' lang='lat' dir='ltr'><strong>consulem</strong></span> <span class='ocrx_word' id='word_1_109' title='bbox 838 1291 911 1356; x_wconf 86' lang='lat' dir='ltr'><strong>satis</strong></span> <span class='ocrx_word' id='word_1_110' title='bbox 925 1291 1076 1358; x_wconf 85' lang='lat' dir='ltr'><strong>fidebant.</strong></span> <span class='ocrx_word' id='word_1_111' title='bbox 1120 1292 1209 1360; x_wconf 85' lang='lat' dir='ltr'><strong>Alter</strong></span> 
     </span>
     <span class='ocr_line' id='line_1_14' title="bbox 149 1374 1209 1463; baseline 0.004 -23"><span class='ocrx_word' id='word_1_112' title='bbox 149 1374 262 1440; x_wconf 85' lang='lat' dir='ltr'><strong>consul</strong></span> <span class='ocrx_word' id='word_1_113' title='bbox 277 1374 303 1413; x_wconf 77' lang='lat'><strong>⁵¹</strong></span> <span class='ocrx_word' id='word_1_114' title='bbox 314 1375 431 1440; x_wconf 85' lang='lat' dir='ltr'><strong>Fabius</strong></span> <span class='ocrx_word' id='word_1_115' title='bbox 453 1374 582 1442; x_wconf 83' lang='lat' dir='ltr'><strong>infestus</strong></span> <span class='ocrx_word' id='word_1_116' title='bbox 602 1377 748 1463; x_wconf 86' lang='lat' dir='ltr'><strong>privatim</strong></span> <span class='ocrx_word' id='word_1_117' title='bbox 767 1375 897 1461; x_wconf 88' lang='lat' dir='ltr'><strong>Papirio</strong></span> <span class='ocrx_word' id='word_1_118' title='bbox 911 1389 997 1442; x_wconf 87' lang='lat' dir='ltr'><strong>erat:</strong></span> <span class='ocrx_word' id='word_1_119' title='bbox 1020 1401 1092 1462; x_wconf 83' lang='lat' dir='ltr'><strong>quae</strong></span> <span class='ocrx_word' id='word_1_120' title='bbox 1108 1401 1148 1444; x_wconf 86' lang='lat' dir='ltr'><strong>ue</strong></span> <span class='ocrx_word' id='word_1_121' title='bbox 1162 1381 1209 1444; x_wconf 85' lang='lat' dir='ltr'><strong>irs</strong></span> 
     </span>
     <span class='ocr_line' id='line_1_15' title="bbox 149 1459 1264 1547; baseline 0.002 -21"><span class='ocrx_word' id='word_1_122' title='bbox 149 1465 290 1527; x_wconf 85' lang='lat' dir='ltr'><strong>obstaret</strong></span> <span class='ocrx_word' id='word_1_123' title='bbox 305 1461 390 1526; x_wconf 90' lang='lat' dir='ltr'><strong>bono</strong></span> <span class='ocrx_word' id='word_1_124' title='bbox 404 1461 542 1547; x_wconf 91' lang='lat' dir='ltr'><strong>publico,</strong></span> <span class='ocrx_word' id='word_1_125' title='bbox 556 1459 676 1546; x_wconf 82' lang='lat' dir='ltr'><strong>legatos</strong></span> <span class='ocrx_word' id='word_1_126' title='bbox 690 1485 732 1528; x_wconf 86' lang='lat' dir='ltr'><strong>ex</strong></span> <span class='ocrx_word' id='word_1_127' title='bbox 748 1462 959 1530; x_wconf 80' lang='lat' dir='ltr'><strong>consularium</strong></span> <span class='ocrx_word' id='word_1_128' title='bbox 983 1485 1117 1531; x_wconf 86' lang='lat' dir='ltr'><strong>nurnero</strong></span> <span class='ocrx_word' id='word_1_129' title='bbox 1135 1466 1225 1528; x_wconf 78' lang='lat' dir='ltr'><strong>mit·,</strong></span> <span class='ocrx_word' id='word_1_130' title='bbox 1262 1477 1264 1484; x_wconf 82' lang='grc'><strong>“</strong></span> 
     </span>
     <span class='ocr_line' id='line_1_16' title="bbox 148 1547 1207 1636; baseline 0 -22"><span class='ocrx_word' id='word_1_131' title='bbox 148 1547 264 1614; x_wconf 83' lang='lat' dir='ltr'><strong>tendas</strong></span> <span class='ocrx_word' id='word_1_132' title='bbox 279 1549 317 1611; x_wconf 92' lang='lat' dir='ltr'><strong>ad</strong></span> <span class='ocrx_word' id='word_1_133' title='bbox 332 1569 403 1612; x_wconf 89' lang='lat' dir='ltr'><strong>eum</strong></span> <span class='ocrx_word' id='word_1_134' title='bbox 431 1560 556 1614; x_wconf 85' lang='lat' dir='ltr'><strong>senatus</strong></span> <span class='ocrx_word' id='word_1_135' title='bbox 581 1549 718 1615; x_wconf 83' lang='lat' dir='ltr'><strong>censuit:</strong></span> <span class='ocrx_word' id='word_1_136' title='bbox 741 1549 796 1635; x_wconf 91' lang='lat' dir='ltr'><strong>qui</strong></span> <span class='ocrx_word' id='word_1_137' title='bbox 817 1556 874 1613; x_wconf 87' lang='lat' dir='ltr'><strong>su&#39;a</strong></span> <span class='ocrx_word' id='word_1_138' title='bbox 896 1573 1023 1636; x_wconf 88' lang='lat' dir='ltr'><strong>quoque</strong></span> <span class='ocrx_word' id='word_1_139' title='bbox 1043 1571 1126 1629; x_wconf 89' lang='lat' dir='ltr'><strong>eum,</strong></span> <span class='ocrx_word' id='word_1_140' title='bbox 1143 1573 1207 1616; x_wconf 91' lang='lat' dir='ltr'><strong>nou</strong></span> 
     </span>
     <span class='ocr_line' id='line_1_17' title="bbox 148 1633 1208 1719; baseline 0.001 -20"><span class='ocrx_word' id='word_1_141' title='bbox 148 1633 280 1719; x_wconf 88' lang='lat' dir='ltr'><strong>publica</strong></span> <span class='ocrx_word' id='word_1_142' title='bbox 293 1633 405 1710; x_wconf 86' lang='lat' dir='ltr'><strong>solum,</strong></span> <span class='ocrx_word' id='word_1_143' title='bbox 421 1633 609 1700; x_wconf 86' lang='lat' dir='ltr'><strong>auctoritate</strong></span> <span class='ocrx_word' id='word_1_144' title='bbox 624 1647 797 1719; x_wconf 86' lang='lat' dir='ltr'><strong>moverent,</strong></span> <span class='ocrx_word' id='word_1_145' title='bbox 815 1648 849 1699; x_wconf 91' lang='lat' dir='ltr'><strong>ut</strong></span> <span class='ocrx_word' id='word_1_146' title='bbox 863 1638 1047 1702; x_wconf 88' lang='lat' dir='ltr'><strong>memoriam</strong></span> <span class='ocrx_word' id='word_1_147' title='bbox 1068 1636 1208 1702; x_wconf 89' lang='lat' dir='ltr'><strong>simulta-</strong></span> 
     </span>
     <span class='ocr_line' id='line_1_18' title="bbox 152 1719 1208 1810; baseline 0.002 -26"><span class='ocrx_word' id='word_1_148' title='bbox 152 1721 233 1784; x_wconf 88' lang='lat' dir='ltr'><strong>tium</strong></span> <span class='ocrx_word' id='word_1_149' title='bbox 256 1721 367 1805; x_wconf 83' lang='lat' dir='ltr'><strong>pntrioe</strong></span> <span class='ocrx_word' id='word_1_150' title='bbox 390 1721 574 1786; x_wconf 86' lang='lat' dir='ltr'><strong>remitteret.</strong></span> <span class='ocrx_word' id='word_1_151' title='bbox 620 1719 756 1786; x_wconf 85' lang='lat' dir='ltr'><strong>Profecti</strong></span> <span class='ocrx_word' id='word_1_152' title='bbox 779 1721 874 1809; x_wconf 82' lang='lat' dir='ltr'><strong>legati</strong></span> <span class='ocrx_word' id='word_1_153' title='bbox 895 1722 936 1788; x_wconf 89' lang='lat' dir='ltr'><strong>ad</strong></span> <span class='ocrx_word' id='word_1_154' title='bbox 954 1721 1087 1788; x_wconf 91' lang='lat' dir='ltr'><strong>Fabium</strong></span> <span class='ocrx_word' id='word_1_155' title='bbox 1110 1745 1208 1810; x_wconf 89' lang='lat' dir='ltr'><strong>quum</strong></span> 
     </span>
     <span class='ocr_line' id='line_1_19' title="bbox 149 1805 1209 1894; baseline 0.002 -22"><span class='ocrx_word' id='word_1_156' title='bbox 149 1805 460 1878; x_wconf 80' lang='lat' dir='ltr'><strong>senatusconsultum</strong></span> <span class='ocrx_word' id='word_1_157' title='bbox 498 1805 710 1891; x_wconf 75' lang='lat' dir='ltr'><strong>tradidissent,</strong></span> <span class='ocrx_word' id='word_1_158' title='bbox 749 1807 995 1894; x_wconf 82' lang='lat' dir='ltr'><strong>adjecissentque</strong></span> <span class='ocrx_word' id='word_1_159' title='bbox 1032 1809 1209 1880; x_wconf 82' lang='lat' dir='ltr'><strong>orationem</strong></span> 
     </span>
     <span class='ocr_line' id='line_1_20' title="bbox 150 1890 1208 1976; baseline 0.003 -20"><span class='ocrx_word' id='word_1_160' title='bbox 150 1890 391 1956; x_wconf 87' lang='lat' dir='ltr'><strong>convenientem</strong></span> <span class='ocrx_word' id='word_1_161' title='bbox 415 1893 581 1969; x_wconf 85' lang='lat' dir='ltr'><strong>mandatis,</strong></span> <span class='ocrx_word' id='word_1_162' title='bbox 596 1892 718 1972; x_wconf 88' lang='lat' dir='ltr'><strong>consul,</strong></span> <span class='ocrx_word' id='word_1_163' title='bbox 740 1893 882 1960; x_wconf 83' lang='lat' dir='ltr'><strong>demissis</strong></span> <span class='ocrx_word' id='word_1_164' title='bbox 903 1895 937 1960; x_wconf 89' lang='lat' dir='ltr'><strong>iu</strong></span> <span class='ocrx_word' id='word_1_165' title='bbox 959 1908 1076 1962; x_wconf 84' lang='lat' dir='ltr'><strong>terram</strong></span> <span class='ocrx_word' id='word_1_166' title='bbox 1098 1893 1208 1976; x_wconf 77' lang='lat' dir='ltr'><strong>oculis,</strong></span> 
     </span>
     <span class='ocr_line' id='line_1_21' title="bbox 151 1977 1209 2068; baseline 0.004 -24"><span class='ocrx_word' id='word_1_167' title='bbox 151 1979 267 2044; x_wconf 89' lang='lat' dir='ltr'><strong>tacitus</strong></span> <span class='ocrx_word' id='word_1_168' title='bbox 282 1979 323 2042; x_wconf 89' lang='lat' dir='ltr'><strong>ab</strong></span> <span class='ocrx_word' id='word_1_169' title='bbox 346 1977 482 2057; x_wconf 82' lang='lat' dir='ltr'><strong>incertis,</strong></span> <span class='ocrx_word' id='word_1_170' title='bbox 497 1979 648 2066; x_wconf 84' lang='lat' dir='ltr'><strong>quidnam</strong></span> <span class='ocrx_word' id='word_1_171' title='bbox 669 1994 796 2045; x_wconf 87' lang='lat' dir='ltr'><strong>acturus</strong></span> <span class='ocrx_word' id='word_1_172' title='bbox 818 1989 923 2057; x_wconf 73' lang='lat' dir='ltr'><strong>esset⁰,</strong></span> <span class='ocrx_word' id='word_1_173' title='bbox 939 1981 1050 2068; x_wconf 82' lang='lat' dir='ltr'><strong>legatis</strong></span> <span class='ocrx_word' id='word_1_174' title='bbox 1073 1981 1209 2048; x_wconf 80' lang='lat' dir='ltr'><strong>recessit.</strong></span> 
     </span>
     <span class='ocr_line' id='line_1_22' title="bbox 150 2063 1361 2150; baseline 0.003 -21"><span class='ocrx_word' id='word_1_175' title='bbox 150 2077 247 2130; x_wconf 90' lang='lat' dir='ltr'><strong>nocte</strong></span> <span class='ocrx_word' id='word_1_176' title='bbox 262 2063 378 2128; x_wconf 88' lang='lat' dir='ltr'><strong>deinde</strong></span> <span class='ocrx_word' id='word_1_177' title='bbox 391 2065 418 2102; x_wconf 80' lang='lat'><strong>⁵²</strong></span> <span class='ocrx_word' id='word_1_178' title='bbox 426 2065 550 2129; x_wconf 90' lang='lat' dir='ltr'><strong>silentio</strong></span> <span class='ocrx_word' id='word_1_179' title='bbox 565 2073 614 2148; x_wconf 87' lang='lat' dir='ltr'><strong>(ut</strong></span> <span class='ocrx_word' id='word_1_180' title='bbox 629 2087 698 2130; x_wconf 86' lang='lat' dir='ltr'><strong>mos</strong></span> <span class='ocrx_word' id='word_1_181' title='bbox 713 2071 771 2148; x_wconf 85' lang='lat' dir='ltr'><strong>est)</strong></span> <span class='ocrx_word' id='word_1_182' title='bbox 791 2066 827 2130; x_wconf 91' lang='lat' dir='ltr'><strong>L.</strong></span> <span class='ocrx_word' id='word_1_183' title='bbox 846 2065 1010 2150; x_wconf 89' lang='lat' dir='ltr'><strong>Papirium</strong></span> <span class='ocrx_word' id='word_1_184' title='bbox 1021 2066 1207 2134; x_wconf 85' lang='lat' dir='ltr'><strong>dictatorem</strong></span> <span class='ocrx_word' id='word_1_185' title='bbox 1218 2085 1361 2133; x_wconf 74' lang='lat' dir='ltr'><strong>rancura-</strong></span> 
     </span>
     <span class='ocr_line' id='line_1_23' title="bbox 150 2149 1365 2240; baseline 0.002 -24"><span class='ocrx_word' id='word_1_186' title='bbox 150 2151 251 2216; x_wconf 86' lang='lat' dir='ltr'><strong>dixit:</strong></span> <span class='ocrx_word' id='word_1_187' title='bbox 274 2149 325 2214; x_wconf 86' lang='lat' dir='ltr'><strong>cul</strong></span> <span class='ocrx_word' id='word_1_188' title='bbox 341 2171 439 2236; x_wconf 90' lang='lat' dir='ltr'><strong>quum</strong></span> <span class='ocrx_word' id='word_1_189' title='bbox 461 2150 504 2216; x_wconf 88' lang='lat' dir='ltr'><strong>ob</strong></span> <span class='ocrx_word' id='word_1_190' title='bbox 527 2151 668 2214; x_wconf 86' lang='lat' dir='ltr'><strong>animum</strong></span> <span class='ocrx_word' id='word_1_191' title='bbox 691 2151 818 2238; x_wconf 68' lang='lat' dir='ltr'><strong>egregie</strong></span> <span class='ocrx_word' id='word_1_192' title='bbox 832 2152 950 2216; x_wconf 81' lang='lat' dir='ltr'><strong>victum</strong></span> <span class='ocrx_word' id='word_1_193' title='bbox 971 2152 1066 2240; x_wconf 84' lang='lat' dir='ltr'><strong>legati</strong></span> <span class='ocrx_word' id='word_1_194' title='bbox 1091 2151 1365 2239; x_wconf 60' lang='lat' dir='ltr'><strong>putimrffiumffie</strong></span> 
     </span>
     <span class='ocr_line' id='line_1_24' title="bbox 149 2221 1321 2328; baseline 0.003 -27"><span class='ocrx_word' id='word_1_195' title='bbox 149 2250 293 2325; x_wconf 79' lang='lat' dir='ltr'><strong>agerent,</strong></span> <span class='ocrx_word' id='word_1_196' title='bbox 308 2237 499 2302; x_wconf 85' lang='lat' dir='ltr'><strong>obstinatum</strong></span> <span class='ocrx_word' id='word_1_197' title='bbox 522 2237 680 2300; x_wconf 86' lang='lat' dir='ltr'><strong>silentium</strong></span> <span class='ocrx_word' id='word_1_198' title='bbox 700 2235 848 2315; x_wconf 81' lang='lat' dir='ltr'><strong>obtinuit,</strong></span> <span class='ocrx_word' id='word_1_199' title='bbox 863 2259 901 2302; x_wconf 85' lang='lat' dir='ltr'><strong>ac</strong></span> <span class='ocrx_word' id='word_1_200' title='bbox 920 2237 987 2304; x_wconf 87' lang='lat' dir='ltr'><strong>sine</strong></span> <span class='ocrx_word' id='word_1_201' title='bbox 1006 2259 1157 2324; x_wconf 86' lang='lat' dir='ltr'><strong>responso</strong></span> <span class='ocrx_word' id='word_1_202' title='bbox 1172 2221 1321 2328; x_wconf 56' lang='lat' dir='ltr'><strong>acffiffffm</strong></span> 
     </span>
     <span class='ocr_line' id='line_1_25' title="bbox 150 2321 1209 2411; baseline 0 -21"><span class='ocrx_word' id='word_1_203' title='bbox 150 2323 314 2390; x_wconf 89' lang='lat' dir='ltr'><strong>mentione</strong></span> <span class='ocrx_word' id='word_1_204' title='bbox 338 2321 412 2388; x_wconf 85' lang='lat' dir='ltr'><strong>facti</strong></span> <span class='ocrx_word' id='word_1_205' title='bbox 432 2324 479 2386; x_wconf 89' lang='lat' dir='ltr'><strong>sui</strong></span> <span class='ocrx_word' id='word_1_206' title='bbox 504 2323 622 2408; x_wconf 80' lang='lat' dir='ltr'><strong>legatos</strong></span> <span class='ocrx_word' id='word_1_207' title='bbox 644 2321 775 2398; x_wconf 87' lang='lat' dir='ltr'><strong>dimisit,</strong></span> <span class='ocrx_word' id='word_1_208' title='bbox 797 2333 834 2388; x_wconf 92' lang='lat' dir='ltr'><strong>ut</strong></span> <span class='ocrx_word' id='word_1_209' title='bbox 853 2321 1029 2407; x_wconf 82' lang='lat' dir='ltr'><strong>adpareret,</strong></span> <span class='ocrx_word' id='word_1_210' title='bbox 1053 2325 1209 2411; x_wconf 78' lang='lat' dir='ltr'><strong>insignem</strong></span> 
     </span>
     <span class='ocr_line' id='line_1_26' title="bbox 151 2408 1210 2496; baseline 0.003 -23"><span class='ocrx_word' id='word_1_211' title='bbox 151 2409 298 2474; x_wconf 90' lang='lat' dir='ltr'><strong>dolorem</strong></span> <span class='ocrx_word' id='word_1_212' title='bbox 326 2409 447 2496; x_wconf 80' lang='lat' dir='ltr'><strong>ingenti</strong></span> <span class='ocrx_word' id='word_1_213' title='bbox 475 2408 641 2494; x_wconf 83' lang='lat' dir='ltr'><strong>comprimi</strong></span> <span class='ocrx_word' id='word_1_214' title='bbox 668 2409 785 2472; x_wconf 83' lang='lat' dir='ltr'><strong>enimc.</strong></span> <span class='ocrx_word' id='word_1_215' title='bbox 840 2409 985 2494; x_wconf 87' lang='lat' dir='ltr'><strong>Papirius</strong></span> <span class='ocrx_word' id='word_1_216' title='bbox 1016 2410 1053 2474; x_wconf 88' lang='lat' dir='ltr'><strong>C.</strong></span> <span class='ocrx_word' id='word_1_217' title='bbox 1077 2410 1210 2476; x_wconf 89' lang='lat' dir='ltr'><strong>Junium</strong></span> 
     </span>
     <span class='ocr_line' id='line_1_27' title="bbox 153 2493 1211 2597; baseline -0.002 -35"><span class='ocrx_word' id='word_1_218' title='bbox 153 2494 337 2562; x_wconf 88' lang='lat' dir='ltr'><strong>Bubulcum</strong></span> <span class='ocrx_word' id='word_1_219' title='bbox 353 2495 539 2581; x_wconf 85' lang='lat' dir='ltr'><strong>magistrum</strong></span> <span class='ocrx_word' id='word_1_220' title='bbox 563 2495 706 2579; x_wconf 84' lang='lat' dir='ltr'><strong>equitum</strong></span> <span class='ocrx_word' id='word_1_221' title='bbox 721 2493 819 2560; x_wconf 79' lang='lat' dir='ltr'><strong>dixit:</strong></span> <span class='ocrx_word' id='word_1_222' title='bbox 841 2507 936 2580; x_wconf 80' lang='lat' dir='ltr'><strong>atque</strong></span> <span class='ocrx_word' id='word_1_223' title='bbox 950 2495 990 2570; x_wconf 90' lang='lat' dir='ltr'><strong>ei,</strong></span> <span class='ocrx_word' id='word_1_224' title='bbox 1004 2496 1139 2597; x_wconf 64' lang='lat' dir='ltr'><strong>⁵&#39;legem</strong></span> <span class='ocrx_word' id='word_1_225' title='bbox 1155 2518 1211 2562; x_wconf 91' lang='lat' dir='ltr'><strong>cu·</strong></span> 
     </span>
     <span class='ocr_line' id='line_1_28' title="bbox 152 2579 1212 2666; baseline 0 -20"><span class='ocrx_word' id='word_1_226' title='bbox 152 2582 268 2646; x_wconf 85' lang='lat' dir='ltr'><strong>riatsm</strong></span> <span class='ocrx_word' id='word_1_227' title='bbox 291 2581 331 2646; x_wconf 90' lang='lat' dir='ltr'><strong>de</strong></span> <span class='ocrx_word' id='word_1_228' title='bbox 346 2581 480 2666; x_wconf 89' lang='lat' dir='ltr'><strong>imperio</strong></span> <span class='ocrx_word' id='word_1_229' title='bbox 500 2579 624 2658; x_wconf 81' lang='lat' dir='ltr'><strong>serenti,</strong></span> <span class='ocrx_word' id='word_1_230' title='bbox 638 2581 726 2646; x_wconf 87' lang='lat' dir='ltr'><strong>triste</strong></span> <span class='ocrx_word' id='word_1_231' title='bbox 737 2602 831 2646; x_wconf 90' lang='lat' dir='ltr'><strong>omen</strong></span> <span class='ocrx_word' id='word_1_232' title='bbox 841 2581 867 2620; x_wconf 73' lang='lat'><strong>⁶⁴</strong></span> <span class='ocrx_word' id='word_1_233' title='bbox 882 2581 966 2646; x_wconf 87' lang='lat' dir='ltr'><strong>diem</strong></span> <span class='ocrx_word' id='word_1_234' title='bbox 982 2581 1106 2659; x_wconf 78' lang='lat' dir='ltr'><strong>diffidit,</strong></span> <span class='ocrx_word' id='word_1_235' title='bbox 1146 2582 1212 2648; x_wconf 90' lang='lat' dir='ltr'><strong>uod</strong></span> 
     </span>
     <span class='ocr_line' id='line_1_29' title="bbox 154 2665 1210 2754; baseline -0.001 -19"><span class='ocrx_word' id='word_1_236' title='bbox 154 2667 276 2735; x_wconf 83' lang='lat' dir='ltr'><strong>Faucia</strong></span> <span class='ocrx_word' id='word_1_237' title='bbox 299 2667 387 2731; x_wconf 87' lang='lat' dir='ltr'><strong>curia</strong></span> <span class='ocrx_word' id='word_1_238' title='bbox 410 2665 471 2734; x_wconf 84' lang='lat' dir='ltr'><strong>fuir</strong></span> <span class='ocrx_word' id='word_1_239' title='bbox 491 2665 730 2752; x_wconf 62' lang='lat' dir='ltr'><strong>“principium</strong></span> <span class='ocrx_word' id='word_1_240' title='bbox 755 2666 880 2732; x_wconf 86' lang='lat' dir='ltr'><strong>duabus</strong></span> <span class='ocrx_word' id='word_1_241' title='bbox 908 2667 1037 2754; x_wconf 82' lang='lat' dir='ltr'><strong>insignis</strong></span> <span class='ocrx_word' id='word_1_242' title='bbox 1059 2667 1127 2734; x_wconf 78' lang='lat' dir='ltr'><strong>clad</strong></span> <span class='ocrx_word' id='word_1_243' title='bbox 1164 2690 1210 2745; x_wconf 78' lang='lat' dir='ltr'><strong>trs,</strong></span> 
     </span>
     <span class='ocr_line' id='line_1_30' title="bbox 151 2750 1211 2839; baseline -0.001 -19"><span class='ocrx_word' id='word_1_244' title='bbox 151 2765 256 2838; x_wconf 85' lang='lat' dir='ltr'><strong>captae</strong></span> <span class='ocrx_word' id='word_1_245' title='bbox 271 2753 411 2828; x_wconf 83' lang='lat' dir='ltr'><strong>urbis,et</strong></span> <span class='ocrx_word' id='word_1_246' title='bbox 421 2750 578 2818; x_wconf 79' lang='lat' dir='ltr'><strong>Caudinae</strong></span> <span class='ocrx_word' id='word_1_247' title='bbox 593 2752 698 2837; x_wconf 77' lang='lat' dir='ltr'><strong>pacisr</strong></span> <span class='ocrx_word' id='word_1_248' title='bbox 720 2751 837 2839; x_wconf 66' lang='lat' dir='ltr'><strong>”quod</strong></span> <span class='ocrx_word' id='word_1_249' title='bbox 854 2768 989 2839; x_wconf 89' lang='lat' dir='ltr'><strong>utroque</strong></span> <span class='ocrx_word' id='word_1_250' title='bbox 1002 2776 1087 2818; x_wconf 89' lang='lat' dir='ltr'><strong>auno</strong></span> <span class='ocrx_word' id='word_1_251' title='bbox 1101 2753 1211 2819; x_wconf 87' lang='lat' dir='ltr'><strong>eadem</strong></span> 
     </span>
     <span class='ocr_line' id='line_1_31' title="bbox 152 2837 1211 2922; baseline -0.002 -16"><span class='ocrx_word' id='word_1_252' title='bbox 152 2837 265 2906; x_wconf 75' lang='lat' dir='ltr'><strong>curiad</strong></span> <span class='ocrx_word' id='word_1_253' title='bbox 280 2837 381 2904; x_wconf 82' lang='lat' dir='ltr'><strong>luerat</strong></span> <span class='ocrx_word' id='word_1_254' title='bbox 395 2839 598 2922; x_wconf 89' lang='lat' dir='ltr'><strong>principium.</strong></span> <span class='ocrx_word' id='word_1_255' title='bbox 643 2837 756 2904; x_wconf 83' lang='lat' dir='ltr'><strong>Macer</strong></span> <span class='ocrx_word' id='word_1_256' title='bbox 770 2839 911 2904; x_wconf 83' lang='lat' dir='ltr'><strong>Licinius</strong></span> <span class='ocrx_word' id='word_1_257' title='bbox 925 2840 1018 2904; x_wconf 88' lang='lat' dir='ltr'><strong>tertia</strong></span> <span class='ocrx_word' id='word_1_258' title='bbox 1032 2841 1127 2905; x_wconf 86' lang='lat' dir='ltr'><strong>etiam</strong></span> <span class='ocrx_word' id='word_1_259' title='bbox 1148 2839 1211 2904; x_wconf 89' lang='lat' dir='ltr'><strong>cla·</strong></span> 
     </span>
    </p>

    <p class='ocr_par' dir='ltr' id='par_1_3' title="bbox 114 2923 1304 3078">
     <span class='ocr_line' id='line_1_32' title="bbox 114 2923 1304 3072; baseline 0.003 -84"><span class='ocrx_word' id='word_1_260' title='bbox 114 2977 118 2988; x_wconf 94' lang='lat'><em>.</em></span> <span class='ocrx_word' id='word_1_261' title='bbox 152 2927 205 3003; x_wconf 81' lang='lat' dir='ltr'><strong>de,</strong></span> <span class='ocrx_word' id='word_1_262' title='bbox 222 2947 294 3072; x_wconf 77' lang='lat' dir='ltr'><strong>qqra</strong></span> <span class='ocrx_word' id='word_1_263' title='bbox 309 2923 349 2990; x_wconf 87' lang='lat' dir='ltr'><strong>ad</strong></span> <span class='ocrx_word' id='word_1_264' title='bbox 366 2925 549 2990; x_wconf 89' lang='lat' dir='ltr'><strong>Cremeram</strong></span> <span class='ocrx_word' id='word_1_265' title='bbox 565 2940 694 3010; x_wconf 82' lang='lat' dir='ltr'><strong>accepta</strong></span> <span class='ocrx_word' id='word_1_266' title='bbox 708 2937 765 3004; x_wconf 88' lang='lat' dir='ltr'><strong>est,</strong></span> <span class='ocrx_word' id='word_1_267' title='bbox 777 2923 1056 2992; x_wconf 78' lang='lat' dir='ltr'><strong>⁵⁷abominandsm</strong></span> <span class='ocrx_word' id='word_1_268' title='bbox 1073 2949 1141 2992; x_wconf 86' lang='lat' dir='ltr'><strong>eam</strong></span> <span class='ocrx_word' id='word_1_269' title='bbox 1157 2948 1212 2991; x_wconf 90' lang='lat' dir='ltr'><strong>cu·</strong></span> <span class='ocrx_word' id='word_1_270' title='bbox 1301 2957 1304 2966; x_wconf 95' lang='lat'>·</span> 
     </span>
     <span class='ocr_line' id='line_1_33' title="bbox 153 3011 336 3078; baseline -0.016 -2"><span class='ocrx_word' id='word_1_271' title='bbox 153 3013 248 3078; x_wconf 88' lang='lat' dir='ltr'><strong>riam·</strong></span> <span class='ocrx_word' id='word_1_272' title='bbox 264 3011 336 3074; x_wconf 90' lang='lat' dir='ltr'><strong>acit.</strong></span> 
     </span>
    </p>

    <p class='ocr_par' dir='ltr' id='par_1_4' title="bbox 200 3093 1212 3187">
     <span class='ocr_line' id='line_1_34' title="bbox 200 3093 1212 3187; baseline 0.003 -25"><span class='ocrx_word' id='word_1_273' title='bbox 200 3093 372 3162; x_wconf 83' lang='lat' dir='ltr'>XXXIX.</span> <span class='ocrx_word' id='word_1_274' title='bbox 394 3095 543 3162; x_wconf 81' lang='lat' dir='ltr'><strong>Dictator</strong></span> <span class='ocrx_word' id='word_1_275' title='bbox 557 3110 683 3182; x_wconf 91' lang='lat' dir='ltr'><strong>postero</strong></span> <span class='ocrx_word' id='word_1_276' title='bbox 698 3097 760 3178; x_wconf 88' lang='lat' dir='ltr'><strong>die,</strong></span> <span class='ocrx_word' id='word_1_277' title='bbox 775 3099 924 3184; x_wconf 86' lang='lat' dir='ltr'><strong>auspiciis</strong></span> <span class='ocrx_word' id='word_1_278' title='bbox 938 3101 1089 3186; x_wconf 88' lang='lat' dir='ltr'><strong>repetitis,</strong></span> <span class='ocrx_word' id='word_1_279' title='bbox 1104 3111 1212 3187; x_wconf 89' lang='lat' dir='ltr'><strong>pertu-</strong></span> 
     </span>
    </p>
   </div>
   <div class='ocr_carea' id='block_1_3' title="bbox 287 3267 1083 3333">
    <p class='ocr_par' dir='ltr' id='par_1_5' title="bbox 287 3267 1083 3333">
     <span class='ocr_line' id='line_1_35' title="bbox 287 3267 1083 3333; baseline 0.003 -17"><span class='ocrx_word' id='word_1_280' title='bbox 287 3271 467 3317; x_wconf 66' lang='lat' dir='ltr'><strong>‘caracam</strong></span> <span class='ocrx_word' id='word_1_281' title='bbox 475 3272 549 3318; x_wconf 84' lang='lat' dir='ltr'><strong>Gron·</strong></span> <span class='ocrx_word' id='word_1_282' title='bbox 561 3271 629 3318; x_wconf 80' lang='lat' dir='ltr'><strong>Creu.</strong></span> <span class='ocrx_word' id='word_1_283' title='bbox 802 3267 925 3333; x_wconf 69' lang='lat' dir='ltr'><strong>dejocem</strong></span> <span class='ocrx_word' id='word_1_284' title='bbox 935 3271 1007 3317; x_wconf 72' lang='lat' dir='ltr'><strong>cartu</strong></span> <span class='ocrx_word' id='word_1_285' title='bbox 1015 3270 1083 3318; x_wconf 74' lang='lat' dir='ltr'><strong>Eed.</strong></span> 
     </span>
    </p>
   </div>
   <div class='ocr_carea' id='block_1_4' title="bbox 154 3431 1217 4392">
    <p class='ocr_par' dir='ltr' id='par_1_6' title="bbox 154 3431 1216 3881">
     <span class='ocr_line' id='line_1_36' title="bbox 190 3431 1214 3496; baseline 0 -15"><span class='ocrx_word' id='word_1_286' title='bbox 190 3434 219 3482; x_wconf 81' lang='lat' dir='ltr'><strong>tl</strong></span> <span class='ocrx_word' id='word_1_287' title='bbox 238 3432 327 3482; x_wconf 77' lang='lat' dir='ltr'><strong>Fabius</strong></span> <span class='ocrx_word' id='word_1_288' title='bbox 347 3433 443 3496; x_wconf 73' lang='lat' dir='ltr'><strong>infictae</strong></span> <span class='ocrx_word' id='word_1_289' title='bbox 459 3435 576 3494; x_wconf 80' lang='lat' dir='ltr'><strong>priuatim</strong></span> <span class='ocrx_word' id='word_1_290' title='bbox 594 3433 669 3495; x_wconf 74' lang='lat' dir='ltr'><strong>Papi·</strong></span> <span class='ocrx_word' id='word_1_291' title='bbox 701 3434 773 3494; x_wconf 83' lang='lat' dir='ltr'><strong>pctus</strong></span> <span class='ocrx_word' id='word_1_292' title='bbox 788 3435 848 3493; x_wconf 80' lang='lat' dir='ltr'><strong>ipsis</strong></span> <span class='ocrx_word' id='word_1_293' title='bbox 862 3435 1009 3482; x_wconf 71' lang='lat' dir='ltr'><strong>madescet.</strong></span> <span class='ocrx_word' id='word_1_294' title='bbox 1042 3434 1110 3480; x_wconf 78' lang='lat' dir='ltr'><strong>ilinc</strong></span> <span class='ocrx_word' id='word_1_295' title='bbox 1120 3435 1138 3482; x_wconf 90' lang='lat'><strong>1.</strong></span> <span class='ocrx_word' id='word_1_296' title='bbox 1149 3431 1182 3480; x_wconf 84' lang='lat' dir='ltr'><strong>V.</strong></span> <span class='ocrx_word' id='word_1_297' title='bbox 1191 3449 1214 3481; x_wconf 87' lang='lat' dir='ltr'><strong>c.</strong></span> 
     </span>
     <span class='ocr_line' id='line_1_37' title="bbox 155 3497 1214 3561; baseline -0.004 -13"><span class='ocrx_word' id='word_1_298' title='bbox 155 3501 194 3548; x_wconf 82' lang='lat' dir='ltr'><strong>rio</strong></span> <span class='ocrx_word' id='word_1_299' title='bbox 215 3499 278 3561; x_wconf 67' lang='lat' dir='ltr'><strong>not]</strong></span> <span class='ocrx_word' id='word_1_300' title='bbox 298 3497 395 3557; x_wconf 85' lang='lat' dir='ltr'><strong>Nempe</strong></span> <span class='ocrx_word' id='word_1_301' title='bbox 412 3499 452 3546; x_wconf 87' lang='lat' dir='ltr'><strong>hic</strong></span> <span class='ocrx_word' id='word_1_302' title='bbox 474 3499 562 3547; x_wconf 76' lang='lat' dir='ltr'><strong>rubrus</strong></span> <span class='ocrx_word' id='word_1_303' title='bbox 585 3499 669 3546; x_wconf 86' lang='lat' dir='ltr'><strong>consul</strong></span> <span class='ocrx_word' id='word_1_304' title='bbox 700 3497 742 3544; x_wconf 69' lang='grc' dir='ltr'>δί</span> <span class='ocrx_word' id='word_1_305' title='bbox 751 3499 850 3546; x_wconf 74' lang='lat' dir='ltr'><strong>comitia</strong></span> <span class='ocrx_word' id='word_1_306' title='bbox 868 3499 959 3546; x_wconf 81' lang='lat' dir='ltr'><strong>curiata</strong></span> <span class='ocrx_word' id='word_1_307' title='bbox 975 3499 1089 3545; x_wconf 82' lang='lat' dir='ltr'><strong>dicuutur</strong></span> <span class='ocrx_word' id='word_1_308' title='bbox 1103 3499 1214 3545; x_wconf 80' lang='lat' dir='ltr'><strong>rammi·</strong></span> 
     </span>
     <span class='ocr_line' id='line_1_38' title="bbox 154 3563 1162 3624; baseline -0.001 -16"><span class='ocrx_word' id='word_1_309' title='bbox 154 3571 194 3614; x_wconf 76' lang='lat' dir='ltr'><strong>est</strong></span> <span class='ocrx_word' id='word_1_310' title='bbox 213 3565 254 3616; x_wconf 83' lang='lat' dir='ltr'><strong>ille</strong></span> <span class='ocrx_word' id='word_1_311' title='bbox 273 3565 324 3622; x_wconf 82' lang='lat' dir='ltr'><strong>ipse</strong></span> <span class='ocrx_word' id='word_1_312' title='bbox 345 3565 586 3624; x_wconf 74' lang='lat' dir='ltr'><strong>quemmagistrum</strong></span> <span class='ocrx_word' id='word_1_313' title='bbox 603 3564 671 3624; x_wconf 85' lang='lat' dir='ltr'><strong>squi-</strong></span> <span class='ocrx_word' id='word_1_314' title='bbox 700 3563 796 3608; x_wconf 81' lang='lat' dir='ltr'><strong>litarem</strong></span> <span class='ocrx_word' id='word_1_315' title='bbox 805 3563 935 3609; x_wconf 84' lang='lat' dir='ltr'><strong>continere.</strong></span> <span class='ocrx_word' id='word_1_316' title='bbox 1160 3585 1162 3590; x_wconf 87' lang='lat'><em>·</em></span> 
     </span>
     <span class='ocr_line' id='line_1_39' title="bbox 155 3625 1213 3689; baseline -0.001 -15"><span class='ocrx_word' id='word_1_317' title='bbox 155 3634 211 3675; x_wconf 88' lang='lat' dir='ltr'><strong>tum</strong></span> <span class='ocrx_word' id='word_1_318' title='bbox 233 3627 342 3688; x_wconf 84' lang='lat' dir='ltr'><strong>Papirius</strong></span> <span class='ocrx_word' id='word_1_319' title='bbox 356 3627 459 3672; x_wconf 84' lang='lat' dir='ltr'><strong>dictator</strong></span> <span class='ocrx_word' id='word_1_320' title='bbox 475 3628 562 3674; x_wconf 85' lang='lat' dir='ltr'><strong>ultimo</strong></span> <span class='ocrx_word' id='word_1_321' title='bbox 579 3629 671 3688; x_wconf 86' lang='lat' dir='ltr'><strong>suppli·</strong></span> <span class='ocrx_word' id='word_1_322' title='bbox 733 3625 766 3672; x_wconf 78' lang='lat' dir='ltr'><strong>ct</strong></span> <span class='ocrx_word' id='word_1_323' title='bbox 781 3625 852 3673; x_wconf 77' lang='lat' dir='ltr'><strong>Diem</strong></span> <span class='ocrx_word' id='word_1_324' title='bbox 867 3625 962 3689; x_wconf 70' lang='lat' dir='ltr'><strong>diffidit]</strong></span> <span class='ocrx_word' id='word_1_325' title='bbox 980 3627 1213 3688; x_wconf 80' lang='lat' dir='ltr'><strong>Reminpcsterum</strong></span> 
     </span>
     <span class='ocr_line' id='line_1_40' title="bbox 154 3687 1020 3752; baseline 0 -13"><span class='ocrx_word' id='word_1_326' title='bbox 154 3693 194 3739; x_wconf 85' lang='lat' dir='ltr'><strong>cio</strong></span> <span class='ocrx_word' id='word_1_327' title='bbox 221 3693 316 3738; x_wconf 78' lang='lat' dir='ltr'><strong>allicere</strong></span> <span class='ocrx_word' id='word_1_328' title='bbox 344 3691 462 3749; x_wconf 79' lang='lat' dir='ltr'><strong>voluerat,</strong></span> <span class='ocrx_word' id='word_1_329' title='bbox 486 3697 513 3737; x_wconf 91' lang='lat' dir='ltr'><strong>ut</strong></span> <span class='ocrx_word' id='word_1_330' title='bbox 535 3692 588 3738; x_wconf 74' lang='lat' dir='ltr'><strong>brae</strong></span> <span class='ocrx_word' id='word_1_331' title='bbox 615 3705 670 3738; x_wconf 83' lang='lat' dir='ltr'><strong>nar·</strong></span> <span class='ocrx_word' id='word_1_332' title='bbox 702 3687 876 3752; x_wconf 76' lang='lat' dir='ltr'><strong>diemrejicrre</strong></span> <span class='ocrx_word' id='word_1_333' title='bbox 887 3691 974 3750; x_wconf 74' lang='lat' dir='ltr'><strong>coegit.</strong></span> <span class='ocrx_word' id='word_1_334' title='bbox 1018 3696 1020 3705; x_wconf 82' lang='grc'>’</span> 
     </span>
     <span class='ocr_line' id='line_1_41' title="bbox 156 3751 1216 3817; baseline -0.004 -13"><span class='ocrx_word' id='word_1_335' title='bbox 156 3757 220 3804; x_wconf 76' lang='lat' dir='ltr'><strong>ravit</strong></span> <span class='ocrx_word' id='word_1_336' title='bbox 236 3752 529 3816; x_wconf 74' lang='lat' dir='ltr'><strong>LiuiuslV111.rupra</strong></span> <span class='ocrx_word' id='word_1_337' title='bbox 546 3769 568 3804; x_wconf 85' lang='lat' dir='ltr'><strong>c.</strong></span> <span class='ocrx_word' id='word_1_338' title='bbox 585 3755 625 3802; x_wconf 79' lang='grc'><strong>80.</strong></span> <span class='ocrx_word' id='word_1_339' title='bbox 645 3763 670 3805; x_wconf 84' lang='lat' dir='ltr'><strong>et</strong></span> <span class='ocrx_word' id='word_1_340' title='bbox 734 3755 766 3801; x_wconf 76' lang='lat'><strong>5⁵</strong></span> <span class='ocrx_word' id='word_1_341' title='bbox 782 3751 944 3817; x_wconf 66' lang='lat' dir='ltr'><strong>Principiam]</strong></span> <span class='ocrx_word' id='word_1_342' title='bbox 961 3755 1112 3816; x_wconf 69' lang='grc' dir='ltr'><strong>Ρήποίῃίνηι</strong></span> <span class='ocrx_word' id='word_1_343' title='bbox 1127 3760 1164 3801; x_wconf 82' lang='lat' dir='ltr'><strong>est</strong></span> <span class='ocrx_word' id='word_1_344' title='bbox 1175 3755 1216 3801; x_wconf 84' lang='lat' dir='ltr'><strong>hic</strong></span> 
     </span>
     <span class='ocr_line' id='line_1_42' title="bbox 156 3819 1215 3881; baseline -0.001 -16"><span class='ocrx_word' id='word_1_345' title='bbox 156 3834 207 3880; x_wconf 78' lang='lat' dir='ltr'><strong>aeq.</strong></span> <span class='ocrx_word' id='word_1_346' title='bbox 701 3820 767 3868; x_wconf 82' lang='lat' dir='ltr'><strong>idem</strong></span> <span class='ocrx_word' id='word_1_347' title='bbox 789 3821 855 3880; x_wconf 81' lang='lat' dir='ltr'><strong>quod</strong></span> <span class='ocrx_word' id='word_1_348' title='bbox 878 3821 1047 3881; x_wconf 68' lang='lat' dir='ltr'><strong>prerogatus.</strong></span> <span class='ocrx_word' id='word_1_349' title='bbox 1091 3819 1215 3872; x_wconf 76' lang='lat' dir='ltr'><strong>centuria,</strong></span> 
     </span>
    </p>

    <p class='ocr_par' dir='ltr' id='par_1_7' title="bbox 183 3882 1214 3947">
     <span class='ocr_line' id='line_1_43' title="bbox 183 3882 1214 3947; baseline -0.003 -16"><span class='ocrx_word' id='word_1_350' title='bbox 183 3883 668 3947; x_wconf 59' lang='lat' dir='ltr'><strong>ctsmtclvrunotttch1ttau</strong></span> <span class='ocrx_word' id='word_1_351' title='bbox 701 3884 779 3942; x_wconf 76' lang='lat' dir='ltr'><strong>carris,</strong></span> <span class='ocrx_word' id='word_1_352' title='bbox 808 3885 885 3932; x_wconf 85' lang='lat' dir='ltr'><strong>tribus</strong></span> <span class='ocrx_word' id='word_1_353' title='bbox 910 3885 1055 3944; x_wconf 67' lang='lat' dir='ltr'><strong>principium</strong></span> <span class='ocrx_word' id='word_1_354' title='bbox 1080 3882 1214 3935; x_wconf 83' lang='lat' dir='ltr'><strong>dicebatur,</strong></span> 
     </span>
    </p>

    <p class='ocr_par' dir='ltr' id='par_1_8' title="bbox 154 3945 1217 4392">
     <span class='ocr_line' id='line_1_44' title="bbox 185 3945 1217 4010; baseline -0.004 -14"><span class='ocrx_word' id='word_1_355' title='bbox 185 3947 316 4007; x_wconf 73' lang='lat' dir='ltr'><strong>53Legcm</strong></span> <span class='ocrx_word' id='word_1_356' title='bbox 337 3952 453 3997; x_wconf 75' lang='lat' dir='ltr'><strong>curiatam</strong></span> <span class='ocrx_word' id='word_1_357' title='bbox 472 3949 500 3995; x_wconf 79' lang='lat' dir='ltr'><strong>de</strong></span> <span class='ocrx_word' id='word_1_358' title='bbox 520 3949 669 4010; x_wconf 69' lang='lat' dir='ltr'><strong>impariast·</strong></span> <span class='ocrx_word' id='word_1_359' title='bbox 702 3961 757 4008; x_wconf 82' lang='lat' dir='ltr'><strong>qure</strong></span> <span class='ocrx_word' id='word_1_360' title='bbox 790 3949 869 4009; x_wconf 76' lang='lat' dir='ltr'><strong>prims</strong></span> <span class='ocrx_word' id='word_1_361' title='bbox 900 3950 1030 4008; x_wconf 71' lang='lat' dir='ltr'><strong>rogabatur</strong></span> <span class='ocrx_word' id='word_1_362' title='bbox 1062 3945 1217 4006; x_wconf 70' lang='lat' dir='ltr'><strong>sudisgium.</strong></span> 
     </span>
     <span class='ocr_line' id='line_1_45' title="bbox 154 4009 1118 4075; baseline -0.002 -15"><span class='ocrx_word' id='word_1_363' title='bbox 154 4011 231 4075; x_wconf 75' lang='lat' dir='ltr'><strong>reati]</strong></span> <span class='ocrx_word' id='word_1_364' title='bbox 249 4011 345 4058; x_wconf 79' lang='lat' dir='ltr'><strong>Ferenti</strong></span> <span class='ocrx_word' id='word_1_365' title='bbox 361 4013 392 4058; x_wconf 86' lang='lat' dir='ltr'><strong>de</strong></span> <span class='ocrx_word' id='word_1_366' title='bbox 407 4012 500 4058; x_wconf 84' lang='lat' dir='ltr'><strong>solenni</strong></span> <span class='ocrx_word' id='word_1_367' title='bbox 517 4013 671 4074; x_wconf 77' lang='lat' dir='ltr'><strong>morelegem</strong></span> <span class='ocrx_word' id='word_1_368' title='bbox 704 4011 878 4062; x_wconf 67' lang='lat' dir='ltr'><strong>victimat.</strong></span> <span class='ocrx_word' id='word_1_369' title='bbox 893 4011 937 4059; x_wconf 82' lang='lat' dir='ltr'><strong>iil.</strong></span> <span class='ocrx_word' id='word_1_370' title='bbox 950 4013 1048 4059; x_wconf 82' lang='lat' dir='ltr'><strong>Observ.</strong></span> <span class='ocrx_word' id='word_1_371' title='bbox 1060 4025 1081 4060; x_wconf 85' lang='lat' dir='ltr'><strong>e.</strong></span> <span class='ocrx_word' id='word_1_372' title='bbox 1094 4009 1118 4058; x_wconf 91' lang='lat'><strong>1.</strong></span> 
     </span>
     <span class='ocr_line' id='line_1_46' title="bbox 155 4074 1216 4139; baseline -0.003 -15"><span class='ocrx_word' id='word_1_373' title='bbox 155 4077 189 4124; x_wconf 81' lang='lat' dir='ltr'><strong>sd</strong></span> <span class='ocrx_word' id='word_1_374' title='bbox 217 4076 335 4136; x_wconf 83' lang='lat' dir='ltr'><strong>populum</strong></span> <span class='ocrx_word' id='word_1_375' title='bbox 361 4076 474 4122; x_wconf 87' lang='lat' dir='ltr'><strong>curistim</strong></span> <span class='ocrx_word' id='word_1_376' title='bbox 502 4088 671 4134; x_wconf 80' lang='lat' dir='ltr'><strong>convocatum,</strong></span> <span class='ocrx_word' id='word_1_377' title='bbox 736 4075 768 4124; x_wconf 77' lang='grc'><strong>56</strong></span> <span class='ocrx_word' id='word_1_378' title='bbox 786 4075 852 4132; x_wconf 76' lang='lat' dir='ltr'><strong>Quod</strong></span> <span class='ocrx_word' id='word_1_379' title='bbox 872 4081 968 4136; x_wconf 74' lang='lat' dir='ltr'><strong>utruque</strong></span> <span class='ocrx_word' id='word_1_380' title='bbox 983 4077 1056 4139; x_wconf 76' lang='lat' dir='ltr'><strong>anuo]</strong></span> <span class='ocrx_word' id='word_1_381' title='bbox 1079 4074 1216 4122; x_wconf 80' lang='lat' dir='ltr'><strong>Grunorius</strong></span> 
     </span>
     <span class='ocr_line' id='line_1_47' title="bbox 156 4138 1216 4203; baseline -0.002 -15"><span class='ocrx_word' id='word_1_382' title='bbox 156 4154 207 4203; x_wconf 80' lang='lat' dir='ltr'><strong>qun</strong></span> <span class='ocrx_word' id='word_1_383' title='bbox 226 4139 271 4186; x_wconf 88' lang='lat' dir='ltr'><strong>sibi</strong></span> <span class='ocrx_word' id='word_1_384' title='bbox 293 4140 392 4186; x_wconf 81' lang='lat' dir='ltr'><strong>darctm</strong></span> <span class='ocrx_word' id='word_1_385' title='bbox 410 4141 540 4198; x_wconf 84' lang='lat' dir='ltr'><strong>imperium</strong></span> <span class='ocrx_word' id='word_1_386' title='bbox 559 4142 672 4188; x_wconf 86' lang='lat' dir='ltr'><strong>militare.</strong></span> <span class='ocrx_word' id='word_1_387' title='bbox 705 4141 763 4188; x_wconf 84' lang='lat' dir='ltr'><strong>ibid.</strong></span> <span class='ocrx_word' id='word_1_388' title='bbox 775 4138 916 4203; x_wconf 69' lang='lat' dir='ltr'><strong>lagijubetr</strong></span> <span class='ocrx_word' id='word_1_389' title='bbox 933 4154 977 4200; x_wconf 73' lang='lat' dir='ltr'><strong>quo</strong></span> <span class='ocrx_word' id='word_1_390' title='bbox 993 4145 1088 4202; x_wconf 78' lang='lat' dir='ltr'><strong>atraque</strong></span> <span class='ocrx_word' id='word_1_391' title='bbox 1104 4151 1164 4186; x_wconf 75' lang='lat' dir='ltr'><strong>mo</strong></span> <span class='ocrx_word' id='word_1_392' title='bbox 1178 4153 1216 4186; x_wconf 79' lang='lat' dir='ltr'><strong>ra·</strong></span> 
     </span>
     <span class='ocr_line' id='line_1_48' title="bbox 156 4202 1079 4270; baseline 0 -18"><span class='ocrx_word' id='word_1_393' title='bbox 156 4202 342 4264; x_wconf 73' lang='lat' dir='ltr'><strong>magistratibus</strong></span> <span class='ocrx_word' id='word_1_394' title='bbox 367 4203 434 4250; x_wconf 88' lang='lat' dir='ltr'><strong>euim</strong></span> <span class='ocrx_word' id='word_1_395' title='bbox 461 4217 513 4252; x_wconf 90' lang='lat' dir='ltr'><strong>rem</strong></span> <span class='ocrx_word' id='word_1_396' title='bbox 541 4206 673 4253; x_wconf 79' lang='lat' dir='ltr'><strong>militarem</strong></span> <span class='ocrx_word' id='word_1_397' title='bbox 702 4203 756 4250; x_wconf 51' lang='lat' dir='ltr'><strong>¹dem</strong></span> <span class='ocrx_word' id='word_1_398' title='bbox 766 4205 920 4270; x_wconf 69' lang='lat' dir='ltr'><strong>certassent</strong></span> <span class='ocrx_word' id='word_1_399' title='bbox 928 4205 1079 4267; x_wconf 60' lang='lat' dir='ltr'><strong>pactapact</strong></span> 
     </span>
     <span class='ocr_line' id='line_1_49' title="bbox 155 4267 1217 4334; baseline 0.001 -19"><span class='ocrx_word' id='word_1_400' title='bbox 155 4269 276 4329; x_wconf 71' lang='lat' dir='ltr'><strong>attingere</strong></span> <span class='ocrx_word' id='word_1_401' title='bbox 295 4281 343 4313; x_wconf 91' lang='lat' dir='ltr'><strong>non</strong></span> <span class='ocrx_word' id='word_1_402' title='bbox 364 4267 458 4320; x_wconf 81' lang='lat' dir='ltr'><strong>licebat,</strong></span> <span class='ocrx_word' id='word_1_403' title='bbox 476 4269 617 4328; x_wconf 77' lang='lat' dir='ltr'><strong>priusquam</strong></span> <span class='ocrx_word' id='word_1_404' title='bbox 633 4281 673 4315; x_wconf 89' lang='lat' dir='ltr'><strong>co-</strong></span> <span class='ocrx_word' id='word_1_405' title='bbox 736 4267 768 4315; x_wconf 77' lang='grc'><strong>57</strong></span> <span class='ocrx_word' id='word_1_406' title='bbox 779 4267 995 4334; x_wconf 78' lang='lat' dir='ltr'><strong>&#39;Alcmiasrdontl</strong></span> <span class='ocrx_word' id='word_1_407' title='bbox 1031 4270 1096 4318; x_wconf 69' lang='lat' dir='ltr'><strong>Male</strong></span> <span class='ocrx_word' id='word_1_408' title='bbox 1123 4268 1217 4316; x_wconf 72' lang='lat' dir='ltr'><strong>omitt·-</strong></span> 
     </span>
     <span class='ocr_line' id='line_1_50' title="bbox 154 4331 765 4392; baseline 0 -12"><span class='ocrx_word' id='word_1_409' title='bbox 154 4333 232 4380; x_wconf 84' lang='lat' dir='ltr'><strong>mitiis</strong></span> <span class='ocrx_word' id='word_1_410' title='bbox 251 4331 349 4380; x_wconf 76' lang='lat' dir='ltr'><strong>curiatis</strong></span> <span class='ocrx_word' id='word_1_411' title='bbox 363 4331 493 4392; x_wconf 81' lang='lat' dir='ltr'><strong>imperium</strong></span> <span class='ocrx_word' id='word_1_412' title='bbox 509 4331 614 4380; x_wconf 76' lang='lat' dir='ltr'><strong>militare</strong></span> <span class='ocrx_word' id='word_1_413' title='bbox 630 4345 672 4392; x_wconf 85' lang='lat' dir='ltr'><strong>po-</strong></span> <span class='ocrx_word' id='word_1_414' title='bbox 705 4335 765 4380; x_wconf 84' lang='lat' dir='ltr'><strong>tam.</strong></span> 
     </span>
    </p>
   </div>
   <div class='ocr_carea' id='block_1_5' title="bbox 0 0 1528 4916">
    <p class='ocr_par' dir='ltr' id='par_1_9' title="bbox 0 0 1528 4916">
     <span class='ocr_line' id='line_1_51' title="bbox 0 0 1528 4916; baseline 0 0"><span class='ocrx_word' id='word_1_415' title='bbox 0 0 1528 4916; x_wconf 95' lang='lat' dir='ltr'><strong> </strong></span> 
     </span>
    </p>
   </div>
  </div>
 </body>
</html>
