3056 4928
357 144 359 154 ⁴
426 177 519 238 sta.
540 179 628 238 vni.
655 179 760 239 car.
780 179 864 242 xix.
1128 191 1183 249 sn

121 352 208 406 ruut.
232 341 347 426 quibus
362 342 395 406 ia
416 341 519 406 sorum
535 341 656 421 delatis,
670 342 758 408 etad
781 344 892 432 viginti
915 343 1077 422 matronis,
1101 343 1186 428 apud
1196 355 1223 402 u.
1234 357 1262 404 o
1275 355 1330 404 tta

122 449 200 512 quas
226 426 423 512 deprehensa
447 447 547 505 erant,
570 451 627 513 per
651 429 800 494 viatorem
823 430 944 510 adcitis,
964 431 1036 496 duae
1060 451 1101 495 ex
1130 422 1329 510 eiad-2³²⁹·

126 513 277 578 Cornelia
290 535 326 578 ao
343 515 462 602 Sergia,
477 515 619 601 patriciae
640 529 774 602 utraque
796 518 907 599 gentis,
923 538 1021 603 quum
1036 539 1072 584 ea
1088 517 1187 582 medi-

124 617 270 664 camenta
283 600 421 666 salubria
435 623 500 666 esse
514 602 750 678 contenderent,
766 603 806 666 ab
822 603 1005 668 confutante
1020 603 1123 668 iudice
1139 603 1186 666 bi-

123 686 198 750 bere
218 688 327 771 jussae,
343 699 377 753 ut
392 709 426 758 sa
445 687 560 752 falsum
583 703 793 754 commentam
816 703 1003 777 arguerent3
1027 691 1130 776 spatio
1145 689 1186 753 ad

123 772 378 858 conloquendum
395 789 509 852 sumto,
526 797 634 861 quum,
650 773 798 840 submoto
811 776 942 860 populo,
957 777 990 840 in
1013 791 1186 862 conspectu

122 859 265 924 omnium
288 861 416 924 remed
440 878 559 926 ceteras
580 862 776 938 retulissent3
808 861 892 926 haud
921 863 1133 928 abnuentibus
1154 875 1187 928 et

121 944 182 1008 illis
204 945 323 1021 bibere,
338 959 434 1031 epoto
455 947 693 1022 medicamento,
710 961 833 1013 suamet
854 949 932 1034 ipsae
949 948 1062 1014 *fraude
1076 971 1186 1014 omnes

122 1032 323 1099 interierunt.
339 1033 574 1118 comprehensae
588 1031 751 1120 extemplo
765 1030 872 1100 eal-um
889 1036 1019 1100 comites
1034 1057 1185 1124 magnum

122 1139 293 1182 numerum
315 1131 531 1184 matronarum
557 1120 791 1186 indicaverunt:
815 1143 855 1185 ex
870 1121 985 1208 quibua
1000 1123 1039 1185 ad
1058 1136 1185 1186 centum
1235 1151 1238 1158 ·

122 1205 322 1292 septuaginta
335 1205 505 1271 damnatae.
551 1207 664 1293 Neque
678 1206 718 1271 de
733 1207 892 1272 veneficiis
914 1222 988 1272 ante
1008 1229 1076 1272 eam
1101 1209 1185 1272 diem

126 1291 241 1359 Rom
261 1293 428 1376 quaesitum
450 1309 505 1357 est.
551 1293 692 1379 l'rodigii
714 1315 751 1359 ea
765 1294 791 1336 ¹⁷
799 1315 848 1358 rea
871 1294 941 1358 loco
963 1293 1087 1368 habitat
1112 1313 1186 1379 cap-

121 1377 227 1463 tiaque
254 1379 355 1466 magis
387 1379 552 1456 meatibus,
584 1401 680 1466 quam
714 1381 942 1457 consceleratis,
973 1381 1082 1444 similis
1110 1383 1185 1447 visa.

123 1463 247 1550 Itaque,
274 1465 424 1529 memoria
449 1487 489 1529 ex
516 1465 682 1532 annalibus
706 1467 848 1551 repetita,
870 1467 936 1530 ¹⁸in
963 1466 1187 1532 secessionibus

145 1548 286 1615 uondam
309 1549 409 1635 plebis
432 1551 589 1616 1⁹clarum
610 1550 651 1616 ab
673 1552 828 1618 dictatore
847 1553 957 1630 fixum,
973 1553 1188 1639 alienatasque

121 1573 281 1700 discordia
303 1650 422 1701 mentes
446 1637 611 1702 hominum
628 1661 666 1702 eo
680 1639 807 1724 piaculo
820 1653 983 1723 compotes
998 1641 1044 1702 sui
1068 1639 1186 1716 fecisse,

122 1722 311 1788 dictatorem
334 1723 414 1787 clavi
436 1723 554 1806 figendi
575 1746 683 1789 caussa
703 1725 803 1789 creari
825 1727 953 1810 placuit.
977 1742 1100 1790 creatus
1124 1725 1183 1791 Cn.
1196 1743 1349 1804 crocingen·

125 1809 322 1888 Quinctilius
350 1810 535 1898 magistrum
567 1811 707 1895 equitum
734 1813 772 1876 L.
794 1811 956 1878 Valerium
987 1813 1090 1876 dixit:
1121 1809 1322 1899 qui‚‘¹5⁹⁸¹¹¹⁸⁸‚

124 1895 188 1960 lixo
204 1896 304 1968 clava
322 1898 506 1983 magistratu
521 1921 555 1962 se
567 1897 805 1963 abdicaverunt.
1196 1879 1289 1984 32?
1298 1874 1349 1921 ‘¹¹⁰'

165 1981 266 2048 XIX.
288 1983 315 2020 ¹⁰
327 1982 434 2048 Creati
460 1984 604 2048 consules
621 1985 657 2049 L.
676 1985 823 2069 Papirius
847 1987 979 2050 Crassus
1005 1985 1130 2062 iterum,
1148 1985 1188 2053 L.
1198 2002 1225 2048 υ.
1237 2002 1264 2048 (t
1276 1999 1331 2050 tas

126 2068 271 2134 Plautius
298 2069 423 2134 Venno.
448 2072 536 2156 cujus
560 2071 719 2155 principio
744 2071 818 2134 anni
844 2072 937 2158 legati
963 2071 1037 2136 ²¹ex
1063 2065 1333 2177 Volscisffldss·

125 2155 324 2231 Fabraterni,
350 2169 383 2220 et
409 2159 541 2237 Lucani,
574 2157 709 2220 Romam
739 2170 902 2231 venerunt,
929 2170 1065 2236 orantes,
1090 2171 1126 2222 ut
1155 2143 1351 2242 in112L⁸i2²ffi

123 2239 219 2308 lidem
236 2243 460 2326 reciperentur.
478 2245 503 2305 si
520 2265 538 2305 a
555 2243 743 2308 Samnitium
768 2243 863 2306 armis
886 2241 1005 2306 defensi
1026 2255 1139 2320 essent,
1155 2261 1231 2308 serio
1244 2259 1311 2308 Cosa

122 2329 180 2394 sub
194 2329 332 2412 imperio
352 2329 462 2414 populi
481 2329 618 2393 Romani
641 2325 776 2394 lideliter
797 2343 891 2416 atque
905 2329 1088 2416 obedienter
1103 2329 1188 2394 lutu-

122 2435 183 2480 roe.
230 2413 324 2480 Missi
345 2428 412 2479 tum
428 2415 470 2479 ab
484 2428 595 2480 senatu
610 2415 714 2504 legati,
730 2415 1018 2501 denunciatumque
1040 2417 1185 2480 Samniti-

122 2500 192 2580 bus,
208 2504 260 2566 ut¹
274 2523 386 2565 eorum
409 2499 599 2588 populorum
624 2499 740 2566 linibus
763 2502 825 2566 vim
849 2501 1051 2567 abstinerent.
1076 2502 1190 2565 valuit·

123 2609 185 2674 que
196 2611 233 2654 ea
248 2587 278 2652 le
320 2585 376 2670 tio,
388 2609 452 2652 non
466 2603 529 2653 tam
541 2590 618 2675 quia
631 2609 741 2674 pacem
753 2587 903 2653 volebant
916 2589 1083 2664 Samnites,
1093 2609 1188 2674 quam

122 2676 198 2761 quia
213 2610 356 2740 frondium
371 2677 473 2761 parati
488 2689 579 2740 erant
594 2675 633 2740 ad
649 2675 778 2740 bellum.
823 2673 947 2738 Eodem
964 2697 1047 2738 anno
1065 2673 1352 2740 priver-nnuman·-

123 2782 180 2824 nos
206 2760 325 2826 bellum
356 2760 490 2826 initume
513 2764 601 2846 cujus'
627 2763 703 2826 socii
732 2761 888 2840 Fundani,
912 2762 978 2826 dux
1007 2761 1101 2826 ctiam
1131 2757 1290 2826 luitlffl‘

125 2845 336 2925 Fundanua',
353 2846 516 2913 Vitruvius
541 2849 685 2928 Vaccus;
713 2849 762 2912 vir
790 2869 854 2912 non
878 2848 965 2912 domi
995 2847 1108 2929 solum,
1134 2849 1188 2913 sed

339 3002 346 3041 ¹
357 3010 384 3052 at
394 3007 441 3054 del·
453 3005 529 3054 Grau.
592 3010 611 3040 ¹¹¹
622 3004 812 3069 Fandoaaasas'l
823 3008 897 3056 Gron-
910 3006 980 3054 Crev.

158 3137 643 3200 1⁷¹1te...mpets...mogtsmaat-
674 3151 726 3184 esso
740 3151 766 3184 ao
780 3137 882 3198 piaculo,
895 3149 983 3197 nempe
1002 3135 1064 3182 clavi
1082 3149 1097 3184 a
1114 3138 1190 3184 dieta·

124 3206 174 3258 las,
197 3217 268 3266 queas
288 3204 451 3258 mmmm,
474 3203 557 3248 anuo
579 3203 640 3268 uiro]
674 3203 785 3250 toreflxi.

123 3269 172 3320 lies
183 3269 272 3318 similis
286 3269 365 3329 magis
375 3269 428 3316 visa
442 3265 556 3314 amentiae
567 3265 641 3312 etlu·
706 3267 738 3315 20
755 3266 838 3314 eman
858 3266 970 3329 macules]
1003 3267 1104 3313 Anntun
1128 3267 1191 3314 cirea

122 3333 181 3391 rori,
202 3346 277 3395 quarn
297 3333 397 3388 sceleris
415 3333 497 3392 potius
513 3331 641 3376 tribuenda
674 3331 846 3389 bactempora
861 3323 1056 3391 interjiciendum
1071 3342 1190 3378 casecon-

121 3399 174 3444 visa
185 3405 222 3444 est
238 3397 349 3444 alienatis
359 3397 522 3457 perlatorem
533 3396 564 3441 ab
573 3395 641 3440 uatis
674 3395 782 3442 mutiunt
800 3395 943 3454 intuentes
960 3407 1052 3442 omnes.
1070 3393 1119 3440 Hic
1133 3407 1191 3440 eum

120 3465 168 3512 dlis
190 3462 330 3510 immunem
351 3461 576 3520 nunnunquam
595 3471 642 3504 sua
674 3459 876 3518 insermendum
891 3469 942 3505 asc
955 3459 1095 3505 Dodwellus
1107 3459 1191 3505 exuti-

121 3535 209 3589 monte
220 3528 359 3573 adtentum
370 3525 591 3572 sceluaruentibus.
673 3531 735 3579 mat,
754 3521 855 3568 Disaert.
877 3521 910 3566 X.
931 3525 961 3570 de
984 3523 1065 3583 cyclis
1086 3523 1189 3569 Roman.

156 3592 188 3640 ts
205 3592 237 3638 Ia
255 3591 415 3637 occeanum
433 3586 558 3650 mndata]
580 3587 640 3634 aaa·
673 3594 730 3634 sect.
749 3586 789 3634 tt.
808 3591 833 3632 et
853 3586 892 3632 ta.
910 3594 936 3633 et
955 3589 981 3634 in
1002 3600 1059 3634 eum
1079 3589 1191 3634 consules

121 3657 170 3704 buc
198 3667 276 3716 usque
301 3655 368 3702 fuere
393 3653 539 3701 meabas·
563 3651 641 3712 plebis
673 3653 723 3698 edit
744 3650 774 3698 1..
794 3650 928 3710 Papirium,
949 3651 989 3711 Sp.
1007 3650 1035 3698 F.
1053 3651 1191 3706 cursorem,

121 3721 279 3774 mllitumrca
306 3731 351 3767 aaa
373 3721 423 3767 ulla
444 3717 471 3764 ia
492 3717 522 3763 iis
543 3716 641 3763 clavia
673 3713 889 3770 deotmunt.
902 3713 929 3761 F.
942 3713 1061 3762 Libonem
1071 3715 1190 3762 Visolum.

120 3787 239 3833 dictatore
250 3785 294 3830 fixi
304 3785 403 3832 merrtlo.
673 3779 731 3826 Vid-
743 3787 793 3826 not.
805 3778 844 3826 46·
856 3781 887 3826 ad
898 3793 919 3824 c.
931 3776 970 3826 24.
982 3779 1054 3826 infra.

156 3850 188 3896 te
205 3849 305 3896 Clauum
321 3849 351 3894 ab
365 3849 476 3895 didawre
484 3845 640 3908 ,tomacla
706 3843 735 3892 21
753 3843 795 3890 Ea
813 3843 898 3890 Volscis
916 3843 1055 3890 Fabraterni
1073 3846 1096 3886 et
1115 3842 1196 3888 Luem*

121 3918 231 3974 aduam
245 3912 360 3960 discordia
378 3917 462 3960 Μία
480 3911 600 3958 domm
615 3923 641 3956 aa
672 3908 711 3972 nt]
730 3908 799 3955 Nihil
815 3907 960 3970 ad,Volseos
976 3909 1098 3968 pertinent
1114 3905 1192 3952 Luca.

109 3979 213 4038 *maculo
226 3981 336 4036 compotes
350 3976 480 4037 misacam
510 3974 640 4021 Uthlclo·
673 3975 715 4020 nia
733 3980 758 4019 et
774 3980 888 4033 preterea
904 3971 1079 4018 scnffltLivlua
1096 3970 1191 4017 iussae.

120 4055 164 4090 cos
182 4055 209 4088 sa
232 4042 313 4095 babet,
332 4042 452 4089 redundat
470 4059 486 4087 c
514 4053 558 4100 qua
573 4044 599 4084 st
614 4051 641 4086 eo
673 4036 1025 4086 renumerationem
1043 4036 1194 4082 aristaeum

118 4107 220 4167 pinula.
254 4105 279 4151 Si
290 4117 334 4166 pro
340 4105 425 4168 sartan
437 4099 594 4166 tegulam
605 4104 640 4150 sic
672 4103 763 4162 populo
778 4102 895 4149 Romano·
919 4101 1005 4160 ltaque
1023 4101 1193 4172 amplectenda

121 4183 246 4230 exponen
266 4173 288 4215 at
307 4173 392 4216 rasura
413 4169 533 4216 mam
554 4169 640 4214 albae·
673 4167 769 4213 videtur
786 4167 859 4213 allata
879 4179 894 4212 a
912 4165 1034 4212 Gronorio
1053 4168 1193 4224 conJecturs

122 4239 157 4280 tes
178 4233 302 4287 dimedio,
320 4234 346 4280 iu
368 4233 475 4282 furamur
497 4238 523 4279 et
540 4234 640 4280 dunen·
672 4231 730 4278 Alb.
741 4225 1047 4291 uubanuquttegtjuuet
1058 4229 1193 4276 Polmoaal.

121 4299 181 4345 uam
202 4307 283 4345 sarus
303 4311 345 4357 per
360 4297 641 4360 discordiammnpotcs
674 4295 776 4342 Polusea
799 4295 865 4342 enim
888 4295 936 4342 luit
962 4295 1019 4340 subs
1041 4295 1068 4340 in
1090 4293 1192 4341 Volscis.

120 4365 157 4408 rut
165 4361 256 4424 saux,
268 4363 319 4409 slve
330 4365 362 4410 sd
372 4363 502 4410 unitam
517 4369 640 4410 morsm
674 4360 732 4408 Vid.
744 4374 818 4422 supra
830 4360 863 4407 ll.
875 4359 915 4408 33.

714 4423 812 4489 ahs
883 4441 888 4450 ’
