2978 4918
357 217 426 274 rsa·
746 191 857 274 τιτι
885 209 1022 274 urvrr

197 387 331 440 uasta
355 376 483 444 civitate
503 376 667 442 victoriam
690 377 773 442 tulit.
818 378 857 443 ld
879 381 984 464 primo
1009 379 1156 444 acerbum
1181 375 1249 442 indi
1297 395 1407 460 umque

195 456 225 501 Α·
237 454 265 504 ⁰·
275 455 331 506 ⁴⁷⁶⁸
355 463 541 530 Veientibus
555 463 667 528 visum.
690 463 764 529 inde
778 466 945 530 eonsilium
960 487 1002 531 cx
1018 487 1053 530 re
1071 477 1181 530 natum
1194 463 1255 527 insi
1280 465 1318 527 iis
1330 461 1406 526 fero·

354 571 424 616 cem
445 548 568 614 hostem
590 549 760 634 captandi:
782 551 922 640 gaudere
943 553 1048 629 etiam,
1072 551 1172 618 multo
1193 569 1338 614 successu
1352 545 1407 612 Fa·

354 637 415 702 biis
429 637 592 702 audaciam
613 659 763 704 crescere.
808 639 917 724 ltaque
931 653 963 704 et
985 659 1101 740 pecora
1121 637 1341 724 praedantibus
1354 635 1406 698 ali·

376 723 488 801 uoties,
512 725 597 787 velut
618 745 691 788 casu
714 723 906 802 incidissent,
924 725 1050 790 ‹rbvram
1073 737 1160 790 actas
1183 737 1215 789 et
1240 723 1406 810 agrestium

354 745 431 896 dugs
445 810 523 874 vasti
545 809 645 874 relicti
660 810 749 898 agri:
773 821 805 876 et
818 810 958 875 subsidia
975 824 1182 888 armatorum,
1198 809 1237 874 ad
1261 813 1407 874 arcendas

353 895 575 982 populationes
589 897 693 976 missa,
709 899 824 982 soepius
845 897 1003 979 simulato,
1018 919 1114 984 quam
1129 919 1214 974 vero,
1230 917 1347 982 pavore
1361 917 1407 958 re-

352 983 515 1072 fugerunt.
559 984 695 1070 Jamque
712 983 802 1048 Fabii
817 984 898 1048 adro
912 997 1145 1050 contemserunt
1159 983 1294 1062 hostem,
1309 995 1342 1046 ut
1354 1003 1408 1044 sua

352 1070 470 1134 invicta
484 1091 573 1135 arma
587 1092 690 1156 neque
704 1070 776 1136 loco
795 1091 896 1156 neque
911 1085 1054 1156 tempore
1073 1071 1139 1134 ullo
1160 1071 1325 1136 crederent
1345 1089 1407 1132 sus-

352 1157 447 1223 tineri
468 1177 572 1242 posse.
594 1156 664 1222 haec
686 1179 756 1244 spes
778 1157 938 1242 provexit,
953 1173 991 1222 ut
1004 1156 1046 1221 ad
1067 1171 1237 1242 conspecta
1259 1155 1410 1242 procula

354 1242 510 1309 Cremera
530 1263 647 1331 magno
667 1245 769 1329 campi
794 1243 958 1308 intervallo
981 1263 1097 1327 pecora
1112 1249 1319 1330 (quamquam
1338 1263 1410 1317 ,rara
1478 1299 1479 1304 ,

350 1329 490 1396 hostium
512 1329 708 1416 adparehaot
729 1335 829 1412 arma)
848 1331 1061 1394 decurrerent.
1079 1345 1111 1394 et
1130 1351 1228 1417 quum
1247 1329 1409 1414 inprovidi

338 1417 452 1499 ‚effirso
477 1437 571 1482 cursu
595 1417 723 1481 insidias
745 1417 828 1481 circa
854 1417 956 1500 ipsum
981 1417 1041 1480 iter
1060 1415 1179 1482 locatas
1203 1415 1409 1500 superassent,

351 1503 514 1590 palatique
536 1503 649 1588 passim
666 1525 754 1588 vaga,
772 1514 806 1566 ut
823 1501 860 1566 fit
873 1524 993 1587 pauore
1013 1501 1140 1588 injecto,
1157 1513 1307 1588 raperent
1318 1523 1410 1588 peeo-

350 1609 407 1666 ra;
429 1589 536 1654 subito
560 1609 602 1653 ex
627 1586 752 1654 insidiis
776 1589 988 1675 consurgitur,
1012 1601 1044 1653 et
1069 1591 1189 1653 adversi
1215 1599 1248 1652 et
1275 1587 1413 1674 undique

350 1675 456 1740 hostes
470 1687 570 1740 erant
617 1673 728 1740 Primo
743 1675 862 1740 clamor
881 1675 1083 1740 circumlatus
1097 1675 1261 1751 exterruit,
1277 1674 1351 1740 dein
1367 1689 1412 1740 te-

350 1761 383 1826 la
403 1761 444 1826 ab
466 1762 552 1826 omni
574 1774 666 1845 parte
687 1761 884 1826 accidebant.
907 1765 1155 1848 coeuntibusque
1176 1761 1330 1837 Etruscis,
1345 1762 1412 1847 jam

190 1853 343 1930 cessitat-
351 1848 528 1914 continenti
542 1849 668 1936 agmine
691 1862 889 1912 armatorum
904 1849 993 1934 septi,
1010 1871 1074 1937 quo
1089 1849 1189 1935 magis
1204 1871 1237 1912 se
1252 1848 1350 1912 hostis
1363 1848 1413 1912 in-

189 1921 293 1968 annuus
350 1935 480 2012 ferebat,
496 1935 693 2020 cogebantur
716 1935 859 2000 breviore
873 1936 976 2021 spatio
991 1951 1023 2000 et
1038 1935 1099 2022 ipsi
1119 1939 1228 1999 orbem
1244 1934 1413 2018 conligere.

247 2069 250 2074 ,
351 2039 424 2108 quas
446 2043 494 2088 res
515 2033 547 2086 et
573 2022 765 2108 paucitatem
793 2043 902 2086 eorum
930 2022 1097 2107 insignem,
1119 2037 1150 2084 et
1178 2020 1413 2086 multitudinem

351 2109 572 2184 Etruscorum,
603 2103 629 2148 ⁸⁰
642 2105 856 2194 multiplicatis
890 2111 923 2172 in
959 2122 1028 2175 erto
1061 2107 1238 2184 ordinibus,
1268 2106 1415 2172 iaciebat.

351 2195 449 2274 Turn,
465 2195 579 2260 omissa
601 2210 720 2283 pugna,
736 2217 832 2282 quam
847 2195 879 2258 in
895 2217 1004 2260 omnes
1026 2209 1129 2282 partes
1146 2215 1253 2282 parem
1270 2193 1416 2259 intende·

350 2295 432 2361 rant,
448 2285 481 2346 in
497 2301 596 2346 uuum
615 2281 719 2346 locum
735 2305 768 2346 se
782 2303 893 2346 omnes
917 2283 1078 2346 inclinant.
1101 2281 1173 2346 uleo
1187 2281 1248 2344 nisi
1271 2283 1417 2366 corpori·

350 2365 411 2434 bus
425 2371 597 2456 armisque,
612 2368 640 2408 ⁸²
650 2389 765 2455 rupere
787 2389 889 2434 cuneo
904 2368 997 2432 viam.
1042 2364 1148 2433 Duxit
1162 2369 1214 2431 via
1236 2367 1268 2430 in
1292 2367 1416 2432 edimm

350 2456 464 2524 leniter
477 2456 601 2522 coliem.
625 2455 699 2521 inde
715 2457 820 2541 primo
835 2456 986 2520 restitere.
1009 2475 1096 2532 mos,
1113 2469 1149 2520 ut
1170 2454 1348 2541 respirandi
1363 2475 1417 2519 su·

349 2543 460 2628 perior
484 2544 573 2608 locus
602 2544 741 2628 spatium
767 2541 866 2622 dedit,
893 2541 1162 2628 recipiendiquea
1182 2539 1419 2626 pavore‘tsnto

350 2631 506 2710 animum,
518 2629 668 2715 pepulere
681 2629 775 2693 etiam
789 2628 978 2693 subeuntes:
1003 2627 1208 2714 vincebatque
1218 2626 1339 2692 auxilio
1352 2627 1419 2692 loci

350 2719 502 2802 paucitas,
526 2715 560 2778 ni
581 2716 662 2801 jugo
688 2717 921 2778 circummissus
950 2714 1064 2778 Veiens
1090 2717 1123 2779 in
1149 2715 1298 2779 verticem
1324 2715 1420 2780 collis

350 2803 507 2867 evasisset.
528 2802 576 2865 ita
597 2801 741 2884 superior
763 2821 874 2866 rursus
897 2800 995 2865 hostis
1017 2799 1126 2866 factus.
1173 2801 1262 2866 Fabii
1283 2803 1360 2866 caesi
1375 2801 1421 2866 ad

349 2906 449 2954 unum
465 2905 587 2963 ornnes,
602 2885 851 2973 praesidiumque
863 2900 1094 2976 expugnatum.
1117 2899 1276 2954 trecentos
1290 2891 1347 2954 se'x

349 2975 428 3038 risse
448 2973 523 3065 satis
536 2971 702 3038 convenit:
726 2973 860 3038 “unum
876 2975 1013 3061 “prope
1034 2975 1185 3060 puberem
1207 2985 1302 3040 oetate
1324 2997 1360 3040 re
1374 2977 1421 3040 ie·

382 3223 416 3280 80
431 3222 600 3285 Metttptbrste
616 3225 642 3271 ts
660 3229 712 3274 arto
735 3224 865 3291 ordinibus]
898 3230 954 3276 dem
971 3229 1084 3289 deinceps
1103 3229 1209 3291 proximi
1226 3233 1321 3289 patrem
1338 3227 1423 3284 Quin·

351 3289 434 3344 Quum
451 3287 556 3344 ordines,
568 3289 618 3336 siue
634 3291 704 3338 orbes
720 3292 765 3348 illi,
777 3293 867 3352 quibus
898 3301 962 3348 tam,
975 3307 1049 3340 auum
1067 3294 1198 3349 Mareums
1218 3293 1374 3348 remotiores,
1393 3307 1422 3339 a·

352 3350 476 3400 Romanos
503 3352 639 3414 cingebant,
665 3355 745 3414 plures
773 3357 866 3415 tierent,
898 3372 957 3404 uum
975 3359 1096 3412 Quintum
1112 3359 1183 3406 illum
1201 3358 1315 3418 habuisse
1330 3357 1358 3402 in
1371 3357 1425 3402 fas·

350 3425 477 3478 propterea
497 3420 563 3479 quod
589 3420 615 3466 in
637 3427 732 3468 erutum
753 3433 866 3482 cogeren-
899 3423 931 3470 tie
950 3423 1073 3484 leguntur.
1106 3423 1176 3470 Solus
1195 3421 1342 3484 Dionysium,
1363 3435 1425 3482 que

351 3489 400 3530 tur.
887 3489 929 3543 ‚de
957 3501 1007 3534 uno
1034 3489 1162 3549 superstite
1189 3486 1264 3534 Fabio
1291 3487 1426 3542 dicuntur,

289 3575 292 3583 =
383 3549 413 3596 81
431 3547 541 3611 astat]
559 3549 589 3596 ln
603 3563 659 3596 eam
676 3558 771 3610 mnam
789 3550 867 3598 niten-
899 3559 1016 3615 tanquam
1038 3553 1160 3600 theatricis
1183 3551 1308 3612 tigmentis
1327 3552 1428 3616 similia

351 3619 396 3660 tes.
898 3613 986 3680 rejicit,
998 3617 1056 3676 quis
1069 3617 1116 3677 tpsl
1135 3617 1185 3664 lieri
1200 3615 1301 3662 omnino
1313 3629 1367 3662 non
1379 3629 1428 3676 po-

382 3675 537 3743 82'litspcrc
554 3691 625 3726 caseo
643 3678 718 3743 emm]
743 3680 771 3726 ln
792 3691 866 3727 cune-
898 3682 974 3728 tuisse
994 3681 1112 3736 videatur.
1124 3688 1153 3728 ut
1171 3695 1221 3727 non
1240 3679 1428 3741 quibusdeme

350 3753 395 3789 um
410 3745 516 3792 formata
532 3743 594 3802 acie,
606 3745 672 3791 viam
691 3745 736 3790 sibi
755 3745 865 3804 pervim
899 3747 1012 3793 trecentis
1034 3745 1082 3792 illis
1101 3745 1182 3793 Fabiis
1201 3753 1244 3792 aut
1264 3745 1355 3791 mames
1377 3746 1430 3791 im-

349 3815 506 3867 speruerunt.
533 3809 652 3870 Rumpere
670 3821 736 3870 sape
751 3810 816 3855 idem
829 3815 865 3855 est
898 3809 1000 3872 puberes
1021 3817 1111 3866 essent,
1129 3817 1173 3858 sut
1195 3809 1247 3858 tilii.
1281 3810 1329 3856 Sed
1352 3810 1430 3856 nulls

350 3877 379 3919 tte
393 3883 437 3934 per
453 3871 504 3920 ubn
519 3880 544 3920 et
561 3874 655 3934 impetu
671 3874 749 3920 lacere
764 3872 865 3934 aliquid.
894 3873 947 3950 jam
966 3882 1010 3922 sut
1030 3887 1105 3936 parua
1126 3875 1259 3924 admodum
1279 3879 1431 3920 resumeret

349 3935 390 3983 ste
412 3941 482 3998 rapta
500 3937 599 3992 milne,
621 3943 646 3984 et
665 3937 784 4000 msnpctut
803 3951 867 3999 ques·
897 3939 1068 3996 sincerasti
1083 3953 1141 3987 curn
1157 3940 1283 3987 Perizonio
1300 3945 1433 3985 statuere·

350 4002 398 4058 tres,
408 4003 474 4061 apud
485 4001 627 4064 Virgilium.
898 4009 949 4061 tur,
964 4004 1035 4064 longe
1057 4004 1186 4052 minimam
1206 4005 1231 4050 in
1250 4005 1298 4050 isto
1317 4003 1431 4066 egrotae

381 4063 415 4112 su
435 4063 527 4129 Usum]
553 4067 592 4114 stc
619 4067 747 4128 scriptores
771 4079 865 4122 omnes,
898 4075 993 4129 partem
1014 4081 1028 4114 e
1050 4066 1132 4116 rantis
1153 4070 1211 4130 ipsis
1232 4069 1315 4116 tuine.
1355 4067 1430 4115 Eum

351 4129 393 4190 qui
405 4129 450 4176 hnc
465 4131 496 4176 de
510 4137 656 4192 reegcmnt.
690 4131 722 4178 Et
740 4145 798 4180 sane
814 4145 867 4178 om·
899 4134 1102 4193 uidelocosupm
1112 4139 1255 4182 memorato.

350 4190 459 4254 uss,'qul
478 4197 595 4255 maximis
612 4199 762 4256 temporibus
779 4197 804 4242 in
823 4210 866 4242 en·
895 4213 898 4218 ¹
930 4196 964 4244 84
979 4195 1058 4258 Prope
1083 4197 1189 4258 putem
1219 4197 1298 4264 mute]
1345 4195 1431 4244 Hune

350 4259 446 4308 mltum
467 4261 492 4306 et
516 4261 683 4308 constsls'ribus
706 4259 775 4307 fustis
797 4256 867 4308 reuss
897 4263 983 4308 eodem
1001 4261 1156 4310 madescent
1172 4263 1288 4311 hocloco
1302 4261 1433 4324 Dionysi-

350 4323 511 4382 περιέπιπτον,
529 4325 560 4372 ab
579 4334 629 4383 uno
649 4325 680 4378 Q.
698 4325 772 4371 Fabio
789 4325 825 4370 Μ.
838 4324 865 4370 l'.
899 4323 1033 4387 uscsdloe,
1046 4324 1096 4374 sive
1113 4328 1252 4388 puerulum.
1286 4325 1364 4374 'l'une
1381 4327 1434 4387 igt-

350 4385 474 4434 Vibulano
498 4389 610 4436 videntur
632 4390 694 4434 ortis
716 4391 866 4450 quandoqni·
897 4397 940 4438 tur
961 4390 1039 4454 major
1062 4393 1178 4439 tredecim
1200 4394 1271 4440 annis
1294 4405 1351 4440 csse
1375 4404 1431 4436 non
