2978 4918
447 187 540 248 ΗΒ.
561 187 601 246 ll.
630 187 736 248 CAP.
756 187 822 250 xL.
1050 254 1056 260 ,
1103 195 1159 252 126

56 393 58 400 s
98 345 142 411 tris
163 348 298 434 positis,
323 349 499 436 populatur
519 349 595 416 inde
619 373 732 440 agrum
752 351 956 428 Romanum
977 351 1304 419 custodibusu.c.tt8.

97 433 165 498 inter
177 436 404 522 populatores
420 439 531 522 missis,
570 438 602 502 ui
622 437 826 526 patriciorum
841 461 934 525 agros
948 441 1080 506 intactos
1094 437 1199 505 ser-A·
1210 433 1312 485 ων

98 534 217 587 tarent:
243 523 318 590 sive
342 522 485 590 infensos
510 459 594 610 pilli
618 525 730 612 magis,
751 525 815 590 sire
842 538 878 590 nt
903 523 1063 590 discordia
1086 526 1161 592 inde

97 607 166 673 inter
180 608 303 676 Patres
325 611 517 698 plebemque
530 612 676 676 oriretur.
721 610 807 687 Quae
829 611 970 696 proiecto
985 625 1057 678 orta
1070 625 1160 695 esset,

97 693 165 760 tdno
179 695 313 762 tribuni
330 698 402 799 jam
415 695 547 764 ferocem
571 719 628 781 per
641 721 673 762 se
694 696 817 783 plebem
833 698 1033 766 criminando
1046 699 1079 762 in
1093 701 1160 786 pri·

99 801 191 846 mores
211 785 361 849 civitatis
385 783 588 872 instigabant.
610 783 665 848 sed
686 797 833 848 externus
855 786 961 862 timor,
981 785 1160 850 maximum

98 869 275 934 concordiae
302 870 479 948 vinculum,
502 871 645 957 quamvis
673 883 832 956 suspectos
857 871 1056 960 infensosque
1078 871 1161 936 inter

100 976 126 1018 tr
133 956 295 1044 jungebat
311 958 447 1022 animoa.
470 956 506 1021 ld
526 956 620 1021 modo
635 978 699 1020 non
719 957 945 1034 conveniebam
968 958 1053 1046 quod
1069 980 1160 1023 sena·

100 1052 144 1106 tes
158 1043 372 1128 consulesque
389 1065 544 1130 nusquam
566 1043 639 1106 alibi
663 1064 760 1127 spem,
777 1065 872 1130 quam
890 1045 923 1107 in
939 1045 1045 1123 armis,
1060 1065 1160 1130 pone·

99 1125 187 1194 bants
213 1129 327 1212 plebes
347 1129 465 1207 omnia,
480 1151 575 1220 quam
588 1129 715 1208 bellum,
732 1129 877 1194 malebat.
909 1129 935 1170 ²¹
949 1131 1004 1216 Sp.
1021 1130 1159 1197 Nautius
1168 1141 1197 1188 U·
1209 1142 1303 1192 utto.

96 1215 154 1300 jun
169 1227 202 1280 et
219 1217 296 1282 Sex.
314 1216 431 1282 Furius
448 1215 590 1280 eonsules
611 1232 711 1281 erant.
755 1215 821 1280 Eos
843 1230 1038 1282 recensentes
1060 1215 1157 1318 legio-
1167 1206 1197 1317 ζ’
1209 1207 1310 1319 ⁰5⁴⁸&

99 1321 158 1378 nes,
173 1301 329 1386 preasidia
340 1323 400 1389 per
413 1323 520 1367 muros
533 1303 666 1404 aliaque,
683 1303 714 1366 in
730 1302 844 1388 quibus
857 1303 1006 1368 stationes
1021 1303 1157 1406 vigilias·
1166 1285 1221 1384 sl}
1231 1285 1319 1386 ὥθ’

98 1409 154 1473 que
182 1410 252 1453 esse
279 1388 455 1474 placuerat,
483 1389 563 1468 loca¹
582 1389 819 1468 distribuentes,
849 1387 1018 1454 multitudo
1045 1399 1233 1477 mgentem.

96 1493 205 1558 pacem
236 1475 439 1560 poscentium
467 1476 606 1560 primum
635 1475 783 1542 seditioso
811 1475 948 1540 clamore
972 1476 1156 1540 conterruit
1264 1543 1265 1548 ,

97 1559 211 1626 deinde
232 1583 349 1626 vocare
370 1574 525 1640 senatum,
542 1559 658 1626 referre
679 1561 719 1626 de
745 1560 855 1648 legatis
876 1560 917 1626 ad
941 1561 979 1626 C.
995 1559 1158 1627 Marcium

98 1647 260 1712 mittendis
274 1650 388 1736 coegit
425 1650 626 1734 Acceperunt
641 1647 822 1713 relationem
839 1649 966 1724 Patrem
988 1661 1061 1733 post
1083 1669 1157 1714 uam

97 1732 254 1820 sdpermt,
270 1731 381 1800 labare
400 1735 501 1820 plebis
522 1735 663 1811 animos3
687 1735 836 1820 missique
855 1734 895 1799 de
916 1755 995 1818 pace
1008 1737 1048 1800 ad
1105 1742 1310 1805 ,pergameo

97 1820 178 1884 cium
196 1835 341 1888 oratores
362 1833 455 1887 atrox
477 1841 662 1908 responsum
685 1819 876 1885 retulerunt:
899 1821 936 1887 Si
954 1821 1069 1886 Volscis
1081 1807 1310 1921 agam*

96 1910 286 1985 redderetur,
300 1929 388 1992 posse
402 1911 457 1993 ogi
469 1911 508 1972 cle
522 1929 622 1992 perer
644 1910 673 1972 si
688 1909 800 1990 praede
814 1908 887 1971 belli
903 1929 963 1990 per
976 1910 1070 1973 etitem
1077 1911 1233 1994 fiw'nuna

96 1995 200 2072 nelirtt,
216 2015 375 2058 memorem
397 2017 428 2060 se
447 2004 478 2059 et
498 1997 608 2060 civium
630 1993 764 2080 injrtrr'ae,
782 2003 813 2058 et
836 1995 986 2077 hospitum
1009 1995 1156 2078 haereti,

96 2081 285 2157 odninrmm,
297 2091 331 2145 ut
346 2083 499 2164 adpareat
512 2082 620 2147 crtilr'o
633 2081 694 2146 sibi
708 2082 858 2154 irritatos,
866 2081 1072 2164 amfractos,
1087 2085 1159 2145 sni·

96 2187 156 2231 nos
178 2189 253 2232 esse.
300 2167 418 2231 lterum
444 2166 559 2231 deinde
584 2166 677 2231 iidem
704 2167 788 2230 missi
813 2186 877 2228 non
904 2166 1101 2252 recipiuntur
1124 2167 1159 2233 in

95 2268 208 2318 eastra.
265 2253 452 2319 Sacerdotes
481 2275 615 2339 quoque,
646 2254 708 2318 suis
736 2251 912 2335 insignibus
940 2253 1068 2331 velatos,
1097 2253 1160 2319 issa

95 2339 255 2423 supplices
276 2341 316 2403 ad
341 2354 445 2404 cestra
468 2339 617 2416 hostium,
635 2337 822 2405 ”traditum
847 2351 907 2415 est,
930 2338 1031 2402 nihilo
1056 2339 1159 2428 magis

96 2443 192 2508 quam
208 2426 332 2506 legatos
345 2425 470 2492 flexisse
484 2425 634 2490 animum.
822 2497 828 2507 ¹

137 2511 213 2576 XL.
237 2511 325 2577 Tum
361 2525 514 2576 matronae
543 2511 583 2576 cd
619 2510 789 2584 Veturiam,
821 2524 951 2573 matrem
983 2507 1157 2588 Coriolani,

97 2593 369 2684 Volumniamque
382 2619 515 2662 uxorem
530 2596 706 2684 frequentes
717 2608 843 2660 coeunt.
859 2594 891 2658 id
907 2593 1070 2680 publicum
1082 2615 1159 2684 con-

95 2681 214 2760 silium,
228 2704 271 2748 an
285 2683 449 2748 muliebris
464 2684 559 2750 timor
572 2683 676 2759 suerit,
692 2703 803 2766 pamm
819 2682 953 2745 invenio.
993 2679 1159 2748 Pertinere
1168 2697 1302 2750 Mulierum

94 2783 191 2846 certe,
208 2783 291 2836 utet
307 2769 449 2848 Veturia,
467 2785 673 2858 magnonem
694 2768 864 2846 muliones
877 2766 1063 2845 Volumnia,
1078 2763 1265 2836 duodese-

93 2875 209 2938 pnrros
235 2879 275 2922 ex
302 2855 430 2922 Marcio
455 2855 558 2921 ferens
584 2855 665 2919 filios
689 2877 808 2933 secum,
832 2856 865 2918 in
890 2865 994 2918 castra
1019 2853 1157 2920 bostium

94 2939 196 3007 irent:
219 2955 264 3021 et,
284 2965 382 3030 quam
403 2945 499 3008 armis
521 2941 580 3006 viri
605 2939 775 3008 defendere
796 2943 906 3007 urbem
929 2961 994 3004 non
1063 2952 1163 3022 ssent,·

95 3027 245 3096 mulieres
266 3029 414 3115 precibus
435 3029 635 3116 lacrimisque
648 3025 859 3096 defenderent.
905 3025 972 3094 Ubi
1057 3041 1161 3096 casua

90 3129 225 3180 rentum
248 3129 306 3194 est,
320 3117 570 3202 nunciatumque
588 3113 771 3190 Coriolrum,
786 3113 893 3178 adesse
915 3113 1026 3202 ingens
1047 3113 1159 3179 mulie-

1 3243 2 3260 r
91 3219 166 3266 rum
180 3223 309 3292 agmen,
326 3205 358 3268 in
373 3203 478 3289 primo
493 3201 611 3288 (utqui
633 3223 692 3266 nec
709 3199 838 3285 publica
852 3200 1011 3288 majestate
1024 3198 1058 3264 in
1072 3198 1159 3290 lega·

90 3285 142 3365 tis
159 3311 222 3356 uec
245 3289 280 3356 in
297 3287 513 3356 sacerdotibus
535 3300 624 3354 tutte
644 3285 755 3352 obfusa
775 3285 876 3352 oculis
897 3287 1064 3372 snunoque
1085 3286 1159 3356 reli·

113 3373 190 3439 'one
210 3387 318 3440 motus
331 3377 426 3456 esset)
441 3375 542 3439 multo
556 3373 744 3439 obstinatior
761 3371 907 3437 adversm
928 3371 1073 3437 lacrimas
1088 3393 1159 3438 mn-

103 3459 209 3526 lebret
222 3475 303 3528 erat.
350 3461 435 3526 Dein
449 3459 649 3526 familiarium
665 3459 802 3546 quidam,
818 3459 873 3560 qui
895 3459 1050 3546 insignem
1064 3479 1159 3524 moes·

88 3545 162 3612 titia
184 3549 269 3614 inter
290 3559 411 3614 ceteras
427 3560 619 3636 cognoverat
633 3545 810 3622 Veturiam,
826 3557 908 3610 mter
929 3567 1046 3612 nurum
1060 3565 1160 3630 nepo-

89 3642 204 3720 tesque
217 3647 365 3710 stanam.
383 3635 458 3700 Nisi
473 3657 520 3700 me
527 3635 739 3719 funerantur,
756 3631 868 3720 inquit,
884 3634 974 3711 oculi,
989 3641 1087 3696 muter
1100 3633 1160 3697 ribi
1168 3643 1279 3693 Vstrrrt·

89 3721 262 3808 majusque
289 3732 320 3788 et
348 3721 442 3788 liberi
468 3723 590 3786 adsunt.
637 3717 835 3798 Coriolanus,
861 3739 962 3805 prope
990 3731 1027 3782 ut
1050 3709 1313 3786 amens⁸l⁰⁰¹¹⁰¹··

1167 3774 1312 3822 numtilium

1166 3839 1249 3888 orado.

125 3897 156 3948 rt
176 3901 218 3962 Sp·
240 3901 350 3950 Nauae
377 3903 400 3948 et
427 3900 482 3948 See.
508 3898 610 3966 Fucino]
643 3905 711 3958 tone,
725 3899 800 3946 rum
817 3905 915 3958 putans,
932 3911 963 3944 an
979 3907 1023 3958 pat
1039 3895 1160 3944 monim

92 3963 158 4012 Ante
168 3967 216 4014 bos
232 3967 345 4014 muru
360 3966 452 4026 duplex
468 3975 512 4026 par
525 3977 612 4012 consu·
644 3964 753 4012 omiserit
772 3964 866 4018 Livius,
884 3975 971 4024 parum
989 3961 1074 4022 liquet.
1110 3961 1159 4010 so-
1192 3986 1196 3996 κ

94 4027 147 4076 inm
174 4031 259 4080 tuen
286 4029 436 4093 Dionysium
463 4031 490 4078 in
520 4043 613 4076 annum
644 4041 701 4076 mam
718 4035 800 4076 tamen
816 4029 843 4074 tn
860 4025 1018 4075 numemndb
1034 4025 1105 4073 sanis
1121 4039 1160 4074 rs·

96 4091 150 4140 Μ.
165 4095 196 4151 Q.
214 4096 355 4158 sulpeum
363 4093 522 4142 &morinum
537 4099 562 4140 et
572 4093 613 4153 Sp.
647 4093 739 4141 donem
750 4093 862 4140 bubulus
872 4093 977 4146 videus,
984 4089 1002 4140 l.
1011 4090 1059 4138 111.
1071 4104 1092 4139 c.
1102 4091 1144 4139 w.

97 4155 613 4222 bsmrmmqaommaonmmu
678 4157 710 4205 ἥ
729 4155 854 4204 Pradttm
870 4155 990 4220 ert1Non
1007 4157 1160 4216 mpermods

97 4221 316 4275 lldlrttlotuetle
342 4225 481 4272 hunum
502 4221 558 4270 κδ.
585 4223 613 4271 0.
645 4223 755 4272 ottae.
777 4219 894 4268 emnerii
914 4216 1062 4282 conjecturs,
1084 4219 1160 4267 trudl-

95 4285 612 4347 thJntrmathtamRutem,
645 4284 826 4343 mctnsttlo
844 4285 929 4346 mle·
970 4283 1056 4332 dimite
1074 4295 1160 4343 cnem-

94 4355 133 4414 mt
149 4358 219 4410 luder
235 4357 417 4408 mmmm
450 4351 500 4402 Eos
517 4353 613 4401 eond-
644 4345 966 4412 armaturarum
1079 4393 1082 4398 .
