3032 4924
470 189 563 250 ΗΒ.
584 189 619 248 V.
646 187 751 248 cte.
771 185 880 248 XLVI.
1135 191 1195 256 887

130 357 226 422 cardi.
272 355 309 422 Si
321 355 454 421 urbisin
468 357 626 420 animaret
635 356 716 419 tueri
728 355 841 418 mania
854 363 965 430 nestro,
980 373 1034 417 nec
1042 355 1117 436 pati
1124 354 1231 419 isara.
1244 371 1337 420 caat

131 445 236 508 onnia
247 441 485 525 Galliamfieri
494 443 599 525 prima
610 443 721 526 uigilia
731 442 831 524 cupite
840 441 1133 526 amcsrequentes:
1149 439 1233 506 meA·
1245 439 1273 486 θ’
1281 433 1337 487 ⁸⁸⁷·

133 532 298 614 sequimini
311 531 357 592 ad
369 531 488 605 comm,
505 549 564 592 aaa
576 529 619 591 cd
630 549 773 612 pugnam.
788 529 851 592 nisi
864 525 998 591 vinctosh
1010 547 1120 604 somno,
1132 528 1194 591 nel·

131 625 165 680 nt
174 615 180 648 ¹
190 617 333 698 penedes,
348 617 548 696 trucidandos
561 617 729 690 tradidero,
745 635 806 676 non
820 633 923 678 recuso
937 615 1067 676 eandm
1083 615 1195 677 Ardea

132 725 231 766 reram
246 723 382 766 mearam
397 704 519 777 exitum,
535 723 619 784 quem
634 701 742 764 Βοηιιε
754 700 856 764 habui.

175 788 284 852 XLV.
309 787 426 872 AEquis
451 787 629 872 iniquisque
653 807 838 870 persuasum
864 796 941 862 erat,
962 797 1084 850 tantum
1111 784 1195 850 bellu

132 875 236 940 virum
263 874 423 938 neminem
447 895 577 958 usquam
593 885 918 957 eatempeststeesse.
965 872 1128 936 Concione
1146 871 1195 936 di-

132 961 237 1038 missa,
253 982 390 1045 corpora
412 973 534 1034 curant,
550 959 671 1036 intenti,
688 981 782 1044 quam
805 980 881 1022 mox
906 958 1030 1046 signum
1053 959 1194 1023 claretur.

155 1071 197 1112 uo
220 1049 305 1122 dato,
329 1047 441 1130 primes
463 1045 586 1110 silentio
607 1047 728 1110 noetis*
743 1045 905 1128 adportas
922 1045 1058 1109 Camillo
1077 1061 1196 1130 praesto

131 1069 232 1198 inere.
333 1134 419 1210 tersi,
434 1131 518 1196 haud
542 1132 653 1216 procul
678 1131 767 1209 urbe,
783 1132 879 1196 sicut¹
904 1131 1091 1215 praedictum
1115 1147 1193 1208 erat,

130 1231 235 1286 aesna
256 1219 437 1295 Gulorum,
456 1219 558 1283 intuta
581 1217 787 1305 neglectaque
811 1218 852 1282 ab
874 1220 961 1282 omni
986 1229 1074 1302 parte
1098 1221 1309 1294 metientia»

131 1307 273 1372 clamore
287 1305 451 1370 invadunt.
496 1305 660 1390 Nusquam
673 1305 833 1389 proelium,
847 1303 993 1370 omnibus
1006 1303 1083 1368 locis
1093 1304 1195 1369 coedes
1203 1291 1350 1404 ἔξω

129 1406 195 1458 est:
219 1392 309 1458 nuda
334 1413 470 1477 corpora
491 1403 523 1455 et
547 1390 651 1455 solata
670 1413 784 1454 somno
807 1389 1015 1454 trucidantur.
1037 1403 1195 1456 extremos

132 1492 239 1544 tamen
265 1501 364 1564 pavor
377 1478 534 1544 cubilibus
555 1478 619 1540 suis
640 1477 768 1552 excitos,
785 1499 856 1561 quae
872 1489 927 1540 arrt
942 1477 1027 1542 unde
1043 1477 1089 1540 vis
1103 1492 1193 1555 esset,

131 1566 271 1656 ignaros,
287 1567 320 1629 in
336 1564 455 1652 fugam,
471 1577 502 1628 ct
516 1563 666 1650 quosdam
694 1564 727 1627 in
746 1562 867 1628 hostem
890 1564 993 1648 ipsum
1009 1564 1195 1648 inprovidos

131 1653 214 1719 tulit.
232 1675 348 1738 magna
373 1673 447 1737 pers
473 1651 506 1714 in
529 1675 545 1713 a
571 1671 640 1714 rum
657 1650 818 1716 Antiatem
837 1649 942 1727 delati,
958 1650 1139 1714 incursione
1153 1651 1195 1716 ab

131 1739 302 1826 oppidanis
332 1741 364 1802 in
391 1737 515 1838 palatos
543 1673 636 1813 licta,
662 1737 962 1802 circumveniuntur.
1017 1737 1137 1802 Similis
1162 1738 1200 1802 in

132 1849 212 1914 agro
237 1825 364 1890 Veienti
397 1824 568 1888 suecorum
594 1822 678 1888 iacta
702 1837 821 1912 strages
845 1836 908 1888 est:
932 1824 985 1910 qui
1012 1824 1110 1900 urbis,
1128 1826 1193 1911 jam
1203 1851 1342 1902 annonam

131 1934 235 2014 prope
249 1911 592 1999 quadringentesimum
608 1931 726 1975 annum
743 1911 865 1988 vicinae,
881 1914 1040 1996 olrprcssae
1055 1911 1095 1975 ab
1106 1911 1196 1977 hoste
1204 1925 1296 1978 strages
1307 1917 1332 1962 ¹¹²

131 1999 325 2064 invisitatotn
351 1997 568 2083 inauditoque,
594 1996 673 2062 adeo
703 1995 781 2061 nihil
812 1998 962 2068 miseriti¹⁸
984 2013 1066 2077 sunt,
1097 2013 1134 2064 ut
1163 1981 1359 2094 intgfflli‘*

131 2107 246 2174 agrum
262 2085 443 2149 Romanum
459 2106 498 2148 eo
513 2098 654 2168 tempore
669 2084 862 2148 incursiones
883 2083 1030 2161 iacerent,
1048 2086 1196 2172 plenique

131 2173 253 2258 proedae
271 2171 368 2235 Veios
389 2172 494 2248 etiam,
516 2169 762 2256 praesidiumque
787 2183 819 2233 et
844 2191 932 2254 spem
957 2172 1101 2236 ultimam
1128 2173 1195 2236 Ro·

131 2259 221 2322 mani
245 2257 393 2333 nominis,
419 2258 452 2322 in
478 2257 586 2320 animo
605 2255 775 2321 habuerint
796 2256 991 2344 obpugnare.
1039 2257 1195 2324 Viderunt

131 2367 187 2411 eoa
207 2345 323 2409 milites
348 2344 497 2423 Romani,
513 2354 663 2429 vagantes
685 2364 741 2427 per
763 2365 856 2429 agros
870 2361 901 2407 et
916 2358 1125 2430 congregatos
1139 2367 1195 2432 ag·

132 2432 233 2512 mine,
248 2430 388 2516 praedam
416 2452 482 2510 proe
505 2451 538 2494 se
562 2443 701 2516 agentes,
728 2443 758 2492 et
784 2444 886 2493 castra
910 2431 1083 2494 cernebant
1109 2429 1195 2496 hartel

128 2517 244 2604 procul
260 2517 344 2582 Veiis
358 2518 470 2602 posita.
485 2517 560 2580 inde
575 2517 714 2599 primum
729 2514 890 2580 miseratio
904 2516 963 2592 sui,
979 2516 1093 2581 deinde
1107 2517 1193 2600 ⁶⁹in·

129 2605 280 2690 dignitas,
294 2617 388 2689 atque
398 2627 438 2667 ex
449 2627 487 2668 ea
497 2605 545 2667 ira
556 2603 677 2666 animos
689 2601 781 2687 cepit,
795 2603 973 2667 Etruscisne
981 2606 1083 2680 etiam,
1096 2627 1116 2666 n
1126 2607 1195 2688 qui·

129 2692 186 2756 lnce
196 2691 304 2754 hellam
316 2691 472 2755 Gallicam
484 2691 518 2753 in
528 2712 560 2754 se
570 2691 759 2764 evertissent,
772 2689 908 2753 ludibrio
918 2711 979 2754 esse
989 2692 1090 2755 clades
1099 2697 1193 2756 suns?

129 2777 196 2841 Vix
211 2791 426 2862 temperavere
450 2775 573 2852 animis,
590 2775 665 2862 quin
691 2775 853 2860 extemplo
875 2776 1017 2860 inpetum
1036 2775 1192 2843 iacerent:

126 2863 401 2950 ⁷”cornpressique
412 2885 431 2928 n
442 2861 583 2927 Caedicio
593 2863 786 2937 centurione,
798 2883 892 2948 quern
903 2863 1029 2928 sibimet
1042 2865 1099 2950 ipo
1111 2887 1194 2950 prte-

127 2949 282 3027 seceraat,
295 2972 361 3014 rem
375 2953 406 3014 in
419 2961 545 3014 noctem
556 2948 739 3013 sustinuere.
762 2947 903 3014 Tantum
919 2971 978 3034 par
990 2951 1128 3016 Camillo
1139 2955 1195 3017 ‹le-

128 3036 193 3102 suit
207 3051 329 3113 auctor,
345 3051 449 3100 cetera
463 3035 574 3100 eodem
590 3034 700 3098 ordine
725 3034 899 3123 eodemque
921 3035 1058 3102 sortunae
1079 3053 1195 3105 eventu

125 3137 232 3212 gesta.
254 3123 333 3210 quin
355 3124 460 3198 etiam,
476 3121 610 3186 ducibus
625 3121 765 3272 eaqtivis,
782 3123 836 3208 qui
859 3123 939 3187 caeoi
961 3138 1126 3191 nocturnae
1141 3149 1194 3192 su-

125 3210 326 3298 perfuerant,
341 3209 381 3274 acl
402 3208 496 3273 aliam
512 3229 640 3272 manum
693 3230 839 3272 ascerum
853 3211 893 3274 ad
912 3210 1034 3276 Salinas
1049 3212 1192 3296 profecti,

125 3309 225 3362 nocte
240 3296 418 3383 insequenti
441 3317 480 3360 ex
502 3294 663 3379 inproviso
678 3295 828 3379 majorem
844 3297 963 3362 caedem
979 3297 1118 3376 edidere,
1133 3299 1193 3365 du·

125 3384 203 3471 plici
231 3405 270 3446 ue
286 3383 419 3448 victoria
432 3394 563 3446 ovantes
579 3381 674 3444 Veios
689 3381 831 3445 redeunt.

172 3469 209 3535 X
244 3469 303 3534 Vl.
340 3469 454 3532 Romae
481 3467 607 3533 interim
643 3467 830 3554 plerumque
865 3468 989 3534 obsidio
1021 3491 1053 3534 se
1077 3471 1124 3535 nis
1161 3487 1192 3537 et

125 3556 294 3642 utrimque
316 3555 472 3620 silentium
499 3577 576 3629 esse,
593 3552 632 3619 ad
659 3552 690 3616 id
714 3567 835 3618 tantum
862 3553 989 3620 intentis
1012 3493 1124 3633 Gallis,
1151 3579 1193 3622 ne

124 3644 202 3730 quis
216 3643 355 3706 hostium
371 3640 503 3706 evadere
526 3641 609 3704 inter
624 3640 773 3704 stationes
797 3655 919 3726 posset:
944 3664 1041 3725 quum
1062 3659 1192 3729 repente

115 3729 251 3818 juvenis
275 3729 438 3792 Romanas
463 3726 671 3791 admiratione
687 3729 717 3790 ia
734 3749 766 3790 se
780 3729 862 3790 cives
877 3726 1044 3816 hostesque
1058 3751 1193 3794 couver-

121 3819 176 3883 tit·
225 3814 425 3882 Sacrificium
440 3825 507 3878 erat
521 3828 637 3878 statum
654 3813 685 3876 in
698 3811 859 3890 Quirinali
874 3813 953 3880 colle
967 3815 1055 3906 genti
1072 3815 1191 3886 Fabioe.

160 3969 258 4019 haara
269 3968 423 4017 Gremcm.
585 3958 676 4014 *vana
688 3967 756 4016 End.
917 3967 1192 4020 *suarattaratae

118 4035 129 4076 1
143 4039 219 4086 strati
230 4036 299 4082 ised.
430 4036 449 4065 ¹²
461 4033 570 4080 tamtan
582 4031 651 4080 aad.
781 4036 794 4065 ¹¹
805 4035 894 4080 maeret
906 4033 972 4084 aaa

159 4166 376 4231 ravennnae]
409 4166 555 4228 ludlgnatio.
589 4165 646 4214 Vid.
679 4173 728 4224 tur,
739 4165 804 4226 quad
814 4167 986 4213 daoenestrls
1002 4167 1107 4214 habente
1126 4167 1197 4216 Cam.

116 4233 359 4287 natm-mildo.
673 4233 752 4291 preste·
769 4244 784 4277 a
804 4229 832 4288 Q.
850 4231 956 4280 Coedtcta
989 4231 1059 4278 eene
1076 4235 1197 4292 panicula

161 4297 195 4346 w
211 4299 411 4359 cooperemur
423 4295 534 4362 Cetea]
556 4295 646 4343 Parum
678 4307 721 4356 que
731 4309 780 4343 non
791 4297 849 4342 suti·
860 4296 917 4343 huic
928 4297 981 4343 leco
992 4297 1112 4345 eorrnnlt.

116 4369 244 4414 interm
261 4365 304 4412 aad
321 4369 406 4412 umen
428 4363 562 4423 elegantius
582 4361 646 4408 vide·

175 4445 245 4490 Vol..
264 4447 287 4492 1.
721 4445 739 4490 n
