<?xml version="1.0" encoding="UTF-8"?>
<!DOCTYPE html PUBLIC "-//W3C//DTD XHTML 1.0 Transitional//EN"
    "http://www.w3.org/TR/xhtml1/DTD/xhtml1-transitional.dtd">
<html xmlns="http://www.w3.org/1999/xhtml" xml:lang="en" lang="en">
 <head>
  <title>
</title>
<meta http-equiv="Content-Type" content="text/html;charset=utf-8" />
  <meta name='ocr-system' content='tesseract 3.04.00' />
  <meta name='ocr-capabilities' content='ocr_page ocr_carea ocr_par ocr_line ocrx_word'/>
</head>
<body>
  <div class='ocr_page' id='page_1' title='image "./tliviipatavinih02crevgoog_0414.png"; bbox 0 0 3056 4928; ppageno 0'>
   <div class='ocr_carea' id='block_1_1' title="bbox 451 186 1189 262">
    <p class='ocr_par' dir='ltr' id='par_1_1' title="bbox 451 186 1189 262">
     <span class='ocr_line' id='line_1_1' title="bbox 451 186 1189 262; baseline 0.008 -16"><span class='ocrx_word' id='word_1_1' title='bbox 451 187 546 248; x_wconf 89' lang='lat' dir='ltr'><strong>LIB.</strong></span> <span class='ocrx_word' id='word_1_2' title='bbox 566 187 634 248; x_wconf 92' lang='lat' dir='ltr'>Vll.</span> <span class='ocrx_word' id='word_1_3' title='bbox 659 189 719 247; x_wconf 77' lang='lat' dir='ltr'>CA</span> <span class='ocrx_word' id='word_1_4' title='bbox 732 187 765 248; x_wconf 92' lang='lat' dir='ltr'>P.</span> <span class='ocrx_word' id='word_1_5' title='bbox 785 186 872 250; x_wconf 84' lang='lat' dir='ltr'>v111.</span> <span class='ocrx_word' id='word_1_6' title='bbox 1129 197 1189 262; x_wconf 74' lang='grc'>407</span> 
     </span>
    </p>
   </div>
   <div class='ocr_carea' id='block_1_2' title="bbox 125 337 1339 3282">
    <p class='ocr_par' dir='ltr' id='par_1_2' title="bbox 125 337 1333 1130">
     <span class='ocr_line' id='line_1_2' title="bbox 130 337 1333 444; baseline 0.008 -30"><span class='ocrx_word' id='word_1_7' title='bbox 130 348 316 416; x_wconf 77' lang='lat' dir='ltr'>dirimebat:</span> <span class='ocrx_word' id='word_1_8' title='bbox 335 347 383 416; x_wconf 75' lang='lat' dir='ltr'>&#39;ibt</span> <span class='ocrx_word' id='word_1_9' title='bbox 404 353 471 438; x_wconf 85' lang='lat' dir='ltr'>pari</span> <span class='ocrx_word' id='word_1_10' title='bbox 493 337 590 420; x_wconf 80' lang='lat' dir='ltr'>ferme</span> <span class='ocrx_word' id='word_1_11' title='bbox 604 355 761 440; x_wconf 81' lang='lat' dir='ltr'><strong>utrimque</strong></span> <span class='ocrx_word' id='word_1_12' title='bbox 774 353 876 439; x_wconf 86' lang='lat' dir='ltr'>spatio</span> <span class='ocrx_word' id='word_1_13' title='bbox 890 352 922 417; x_wconf 86' lang='lat' dir='ltr'>iri</span> <span class='ocrx_word' id='word_1_14' title='bbox 941 351 1046 418; x_wconf 81' lang='lat' dir='ltr'>medio</span> <span class='ocrx_word' id='word_1_15' title='bbox 1063 360 1333 444; x_wconf 53' lang='lat' dir='ltr'>pugna-usmis,</span> 
     </span>
     <span class='ocr_line' id='line_1_3' title="bbox 130 429 1330 528; baseline 0.006 -28"><span class='ocrx_word' id='word_1_16' title='bbox 130 447 199 501; x_wconf 90' lang='lat' dir='ltr'>tum</span> <span class='ocrx_word' id='word_1_17' title='bbox 225 449 283 503; x_wconf 85' lang='lat' dir='ltr'>ast.</span> <span class='ocrx_word' id='word_1_18' title='bbox 328 438 437 503; x_wconf 90' lang='lat' dir='ltr'>Primo</span> <span class='ocrx_word' id='word_1_19' title='bbox 462 441 548 506; x_wconf 89' lang='lat' dir='ltr'>stetit</span> <span class='ocrx_word' id='word_1_20' title='bbox 573 441 720 527; x_wconf 85' lang='lat' dir='ltr'>ambigua</span> <span class='ocrx_word' id='word_1_21' title='bbox 745 459 802 525; x_wconf 90' lang='lat' dir='ltr'>spe</span> <span class='ocrx_word' id='word_1_22' title='bbox 826 461 950 528; x_wconf 79' lang='lat' dir='ltr'>pugna3</span> <span class='ocrx_word' id='word_1_23' title='bbox 971 429 1330 528; x_wconf 53' lang='lat' dir='ltr'>nequidquam&amp;-</span> 
     </span>
     <span class='ocr_line' id='line_1_4' title="bbox 128 505 1282 632; baseline 0.006 -46"><span class='ocrx_word' id='word_1_24' title='bbox 128 541 213 608; x_wconf 82' lang='lat' dir='ltr'>saepe</span> <span class='ocrx_word' id='word_1_25' title='bbox 237 525 358 590; x_wconf 83' lang='lat' dir='ltr'>conatis</span> <span class='ocrx_word' id='word_1_26' title='bbox 387 526 543 612; x_wconf 87' lang='lat' dir='ltr'>equitibus</span> <span class='ocrx_word' id='word_1_27' title='bbox 574 528 726 592; x_wconf 85' lang='lat' dir='ltr'>Romanis</span> <span class='ocrx_word' id='word_1_28' title='bbox 754 527 863 612; x_wconf 89' lang='lat' dir='ltr'>inpetu</span> <span class='ocrx_word' id='word_1_29' title='bbox 892 526 1020 590; x_wconf 89' lang='lat' dir='ltr'>turbare</span> <span class='ocrx_word' id='word_1_30' title='bbox 1046 525 1183 593; x_wconf 86' lang='lat' dir='ltr'>hostium</span> <span class='ocrx_word' id='word_1_31' title='bbox 1193 505 1282 632; x_wconf 49' lang='lat' dir='ltr'>purg:</span> 
     </span>
     <span class='ocr_line' id='line_1_5' title="bbox 129 608 1185 701; baseline 0.006 -29"><span class='ocrx_word' id='word_1_32' title='bbox 129 608 239 673; x_wconf 85' lang='lat' dir='ltr'>aciem.</span> <span class='ocrx_word' id='word_1_33' title='bbox 286 610 457 698; x_wconf 88' lang='lat' dir='ltr'>Postquam</span> <span class='ocrx_word' id='word_1_34' title='bbox 480 614 629 699; x_wconf 84' lang='lat' dir='ltr'>equestria</span> <span class='ocrx_word' id='word_1_35' title='bbox 651 634 758 701; x_wconf 87' lang='lat' dir='ltr'>pugna</span> <span class='ocrx_word' id='word_1_36' title='bbox 776 611 932 691; x_wconf 70' lang='lat' dir='ltr'>“euecta</span> <span class='ocrx_word' id='word_1_37' title='bbox 948 633 1042 700; x_wconf 90' lang='lat' dir='ltr'>quam</span> <span class='ocrx_word' id='word_1_38' title='bbox 1065 615 1185 680; x_wconf 88' lang='lat' dir='ltr'>consti·</span> 
     </span>
     <span class='ocr_line' id='line_1_6' title="bbox 130 696 1184 786; baseline 0.009 -30"><span class='ocrx_word' id='word_1_39' title='bbox 130 696 199 773; x_wconf 89' lang='lat' dir='ltr'>bus,</span> <span class='ocrx_word' id='word_1_40' title='bbox 218 697 330 760; x_wconf 81' lang='lat' dir='ltr'>vanior</span> <span class='ocrx_word' id='word_1_41' title='bbox 344 709 429 774; x_wconf 81' lang='lat' dir='ltr'>erat3</span> <span class='ocrx_word' id='word_1_42' title='bbox 452 699 595 764; x_wconf 85' lang='lat' dir='ltr'>consulto</span> <span class='ocrx_word' id='word_1_43' title='bbox 615 700 702 786; x_wconf 89' lang='lat' dir='ltr'>prius</span> <span class='ocrx_word' id='word_1_44' title='bbox 716 699 869 764; x_wconf 78' lang='lat' dir='ltr'>dictatore</span> <span class='ocrx_word' id='word_1_45' title='bbox 886 700 1016 786; x_wconf 81' lang='lat' dir='ltr'>equites,</span> <span class='ocrx_word' id='word_1_46' title='bbox 1031 701 1184 785; x_wconf 86' lang='lat' dir='ltr'>permissu</span> 
     </span>
     <span class='ocr_line' id='line_1_7' title="bbox 130 781 1185 890; baseline 0.008 -47"><span class='ocrx_word' id='word_1_47' title='bbox 130 781 246 845; x_wconf 87' lang='lat' dir='ltr'>deinde</span> <span class='ocrx_word' id='word_1_48' title='bbox 273 785 350 869; x_wconf 80' lang='lat' dir='ltr'>ejus,</span> <span class='ocrx_word' id='word_1_49' title='bbox 377 782 492 849; x_wconf 90' lang='lat' dir='ltr'>relictis</span> <span class='ocrx_word' id='word_1_50' title='bbox 523 786 621 890; x_wconf 86' lang='lat' dir='ltr'>equis,</span> <span class='ocrx_word' id='word_1_51' title='bbox 644 786 817 850; x_wconf 70' lang='lat' dir='ltr'>“clamore</span> <span class='ocrx_word' id='word_1_52' title='bbox 847 785 993 873; x_wconf 71' lang='lat' dir='ltr'>ingentil</span> <span class='ocrx_word' id='word_1_53' title='bbox 1019 785 1185 890; x_wconf 52' lang='lat' dir='ltr'>provolant</span> 
     </span>
     <span class='ocr_line' id='line_1_8' title="bbox 126 867 1185 960; baseline 0.006 -30"><span class='ocrx_word' id='word_1_54' title='bbox 126 879 200 930; x_wconf 86' lang='lat' dir='ltr'>aute</span> <span class='ocrx_word' id='word_1_55' title='bbox 226 867 325 954; x_wconf 87' lang='lat' dir='ltr'>signa,</span> <span class='ocrx_word' id='word_1_56' title='bbox 356 883 387 934; x_wconf 91' lang='lat' dir='ltr'>et</span> <span class='ocrx_word' id='word_1_57' title='bbox 412 889 526 934; x_wconf 83' lang='lat' dir='ltr'>nouam</span> <span class='ocrx_word' id='word_1_58' title='bbox 552 885 710 960; x_wconf 77' lang='lat' dir='ltr'>integrant</span> <span class='ocrx_word' id='word_1_59' title='bbox 739 893 889 960; x_wconf 82' lang='lat' dir='ltr'>pugnam.</span> <span class='ocrx_word' id='word_1_60' title='bbox 918 893 1020 958; x_wconf 89' lang='lat' dir='ltr'>neque</span> <span class='ocrx_word' id='word_1_61' title='bbox 1041 873 1185 938; x_wconf 80' lang='lat' dir='ltr'>sustineri</span> 
     </span>
     <span class='ocr_line' id='line_1_9' title="bbox 125 957 1185 1043; baseline 0.008 -27"><span class='ocrx_word' id='word_1_62' title='bbox 125 965 285 1034; x_wconf 83' lang='lat' dir='ltr'>poterant,</span> <span class='ocrx_word' id='word_1_63' title='bbox 300 957 333 1018; x_wconf 92' lang='lat' dir='ltr'>ni</span> <span class='ocrx_word' id='word_1_64' title='bbox 348 958 603 1024; x_wconf 75' lang='lat' dir='ltr'>extraordinariae</span> <span class='ocrx_word' id='word_1_65' title='bbox 624 958 769 1023; x_wconf 81' lang='lat' dir='ltr'>cohortes</span> <span class='ocrx_word' id='word_1_66' title='bbox 789 959 858 1043; x_wconf 86' lang='lat' dir='ltr'>pari</span> <span class='ocrx_word' id='word_1_67' title='bbox 880 979 1049 1042; x_wconf 86' lang='lat' dir='ltr'>corporum</span> <span class='ocrx_word' id='word_1_68' title='bbox 1063 959 1185 1024; x_wconf 90' lang='lat' dir='ltr'>auimo-</span> 
     </span>
     <span class='ocr_line' id='line_1_10' title="bbox 126 1041 646 1130; baseline 0.013 -29"><span class='ocrx_word' id='word_1_69' title='bbox 126 1059 199 1104; x_wconf 88' lang='lat' dir='ltr'>rum</span> <span class='ocrx_word' id='word_1_70' title='bbox 225 1061 265 1104; x_wconf 86' lang='lat' dir='ltr'>ua</span> <span class='ocrx_word' id='word_1_71' title='bbox 279 1043 393 1108; x_wconf 88' lang='lat' dir='ltr'>robore</span> <span class='ocrx_word' id='word_1_72' title='bbox 407 1063 440 1108; x_wconf 83' lang='lat' dir='ltr'>se</span> <span class='ocrx_word' id='word_1_73' title='bbox 452 1041 646 1130; x_wconf 88' lang='lat' dir='ltr'>objecissent.</span> 
     </span>
    </p>

    <p class='ocr_par' dir='ltr' id='par_1_3' title="bbox 127 1061 1339 3282">
     <span class='ocr_line' id='line_1_11' title="bbox 170 1061 1186 1216; baseline 0.006 -28"><span class='ocrx_word' id='word_1_74' title='bbox 170 1061 270 1190; x_wconf 80' lang='lat' dir='ltr'>vin.</span> <span class='ocrx_word' id='word_1_75' title='bbox 294 1126 390 1192; x_wconf 87' lang='lat' dir='ltr'>Tunc</span> <span class='ocrx_word' id='word_1_76' title='bbox 407 1128 489 1193; x_wconf 87' lang='lat' dir='ltr'>inter</span> <span class='ocrx_word' id='word_1_77' title='bbox 510 1132 662 1215; x_wconf 85' lang='lat' dir='ltr'>primores</span> <span class='ocrx_word' id='word_1_78' title='bbox 677 1129 811 1194; x_wconf 90' lang='lat' dir='ltr'>duorum</span> <span class='ocrx_word' id='word_1_79' title='bbox 826 1127 1017 1214; x_wconf 88' lang='lat' dir='ltr'>populorum</span> <span class='ocrx_word' id='word_1_80' title='bbox 1032 1149 1081 1194; x_wconf 87' lang='lat' dir='ltr'>res</span> <span class='ocrx_word' id='word_1_81' title='bbox 1101 1131 1186 1216; x_wconf 74' lang='lat' dir='ltr'>geri-</span> 
     </span>
     <span class='ocr_line' id='line_1_12' title="bbox 129 1212 1185 1302; baseline 0.003 -26"><span class='ocrx_word' id='word_1_82' title='bbox 129 1221 191 1282; x_wconf 83' lang='lat' dir='ltr'>tur.</span> <span class='ocrx_word' id='word_1_83' title='bbox 212 1212 364 1302; x_wconf 89' lang='lat' dir='ltr'>quidquid</span> <span class='ocrx_word' id='word_1_84' title='bbox 387 1212 462 1278; x_wconf 87' lang='lat' dir='ltr'>hinc</span> <span class='ocrx_word' id='word_1_85' title='bbox 477 1229 532 1280; x_wconf 90' lang='lat' dir='ltr'>aut</span> <span class='ocrx_word' id='word_1_86' title='bbox 554 1215 639 1280; x_wconf 89' lang='lat' dir='ltr'>illinc</span> <span class='ocrx_word' id='word_1_87' title='bbox 652 1215 863 1280; x_wconf 76' lang='lat' dir='ltr'>⁴⁶communis</span> <span class='ocrx_word' id='word_1_88' title='bbox 879 1213 969 1278; x_wconf 86' lang='lat' dir='ltr'>Mara</span> <span class='ocrx_word' id='word_1_89' title='bbox 983 1215 1057 1279; x_wconf 88' lang='lat' dir='ltr'>belli</span> <span class='ocrx_word' id='word_1_90' title='bbox 1073 1215 1185 1293; x_wconf 77' lang='lat' dir='ltr'>aufert,</span> 
     </span>
     <span class='ocr_line' id='line_1_13' title="bbox 129 1296 1186 1388; baseline 0.004 -28"><span class='ocrx_word' id='word_1_91' title='bbox 129 1296 308 1382; x_wconf 87' lang='lat' dir='ltr'>multiplex,</span> <span class='ocrx_word' id='word_1_92' title='bbox 324 1321 418 1385; x_wconf 87' lang='lat' dir='ltr'>quarn</span> <span class='ocrx_word' id='word_1_93' title='bbox 456 1323 493 1366; x_wconf 88' lang='lat' dir='ltr'>ro</span> <span class='ocrx_word' id='word_1_94' title='bbox 506 1323 648 1379; x_wconf 88' lang='lat' dir='ltr'>numero,</span> <span class='ocrx_word' id='word_1_95' title='bbox 663 1302 814 1378; x_wconf 86' lang='lat' dir='ltr'>damnum</span> <span class='ocrx_word' id='word_1_96' title='bbox 829 1311 894 1366; x_wconf 78' lang='lat' dir='ltr'>est:</span> <span class='ocrx_word' id='word_1_97' title='bbox 910 1299 1021 1388; x_wconf 83' lang='lat' dir='ltr'>vulgus</span> <span class='ocrx_word' id='word_1_98' title='bbox 1035 1300 1122 1365; x_wconf 91' lang='lat' dir='ltr'>aliud</span> <span class='ocrx_word' id='word_1_99' title='bbox 1137 1323 1186 1364; x_wconf 83' lang='lat' dir='ltr'>ar·</span> 
     </span>
     <span class='ocr_line' id='line_1_14' title="bbox 127 1385 1185 1474; baseline 0.004 -28"><span class='ocrx_word' id='word_1_100' title='bbox 127 1395 298 1462; x_wconf 88' lang='lat' dir='ltr'>matorum,</span> <span class='ocrx_word' id='word_1_101' title='bbox 314 1385 398 1450; x_wconf 85' lang='lat' dir='ltr'>velut</span> <span class='ocrx_word' id='word_1_102' title='bbox 442 1388 563 1470; x_wconf 84' lang='lat' dir='ltr'>elegata</span> <span class='ocrx_word' id='word_1_103' title='bbox 584 1388 775 1474; x_wconf 89' lang='lat' dir='ltr'>primoribus</span> <span class='ocrx_word' id='word_1_104' title='bbox 796 1407 913 1474; x_wconf 85' lang='lat' dir='ltr'>pugne,</span> <span class='ocrx_word' id='word_1_105' title='bbox 929 1399 1073 1452; x_wconf 78' lang='lat' dir='ltr'>eventum</span> <span class='ocrx_word' id='word_1_106' title='bbox 1091 1407 1185 1451; x_wconf 87' lang='lat' dir='ltr'>auum</span> 
     </span>
     <span class='ocr_line' id='line_1_15' title="bbox 127 1469 1186 1574; baseline 0.004 -42"><span class='ocrx_word' id='word_1_107' title='bbox 127 1469 161 1533; x_wconf 89' lang='lat' dir='ltr'>in</span> <span class='ocrx_word' id='word_1_108' title='bbox 176 1469 294 1535; x_wconf 89' lang='lat' dir='ltr'>virtute</span> <span class='ocrx_word' id='word_1_109' title='bbox 315 1471 416 1536; x_wconf 86' lang='lat' dir='ltr'>aliena</span> <span class='ocrx_word' id='word_1_110' title='bbox 437 1475 537 1557; x_wconf 89' lang='lat' dir='ltr'>ponit.</span> <span class='ocrx_word' id='word_1_111' title='bbox 559 1474 649 1539; x_wconf 90' lang='lat' dir='ltr'>multi</span> <span class='ocrx_word' id='word_1_112' title='bbox 671 1475 830 1574; x_wconf 81' lang='lat' dir='ltr'>utrimque</span> <span class='ocrx_word' id='word_1_113' title='bbox 852 1472 978 1550; x_wconf 82' lang='lat' dir='ltr'>cudunt,</span> <span class='ocrx_word' id='word_1_114' title='bbox 995 1473 1100 1557; x_wconf 86' lang='lat' dir='ltr'>plures</span> <span class='ocrx_word' id='word_1_115' title='bbox 1117 1473 1186 1536; x_wconf 81' lang='lat' dir='ltr'>vul-</span> 
     </span>
     <span class='ocr_line' id='line_1_16' title="bbox 127 1557 1185 1646; baseline 0.001 -26"><span class='ocrx_word' id='word_1_116' title='bbox 127 1575 206 1621; x_wconf 86' lang='lat' dir='ltr'>uera</span> <span class='ocrx_word' id='word_1_117' title='bbox 227 1557 398 1644; x_wconf 88' lang='lat' dir='ltr'>acciplunt.</span> <span class='ocrx_word' id='word_1_118' title='bbox 443 1559 588 1624; x_wconf 88' lang='lat' dir='ltr'>Tandem</span> <span class='ocrx_word' id='word_1_119' title='bbox 611 1561 729 1646; x_wconf 80' lang='lat' dir='ltr'>equites</span> <span class='ocrx_word' id='word_1_120' title='bbox 750 1559 830 1624; x_wconf 86' lang='lat' dir='ltr'>alrus</span> <span class='ocrx_word' id='word_1_121' title='bbox 855 1557 952 1623; x_wconf 89' lang='lat' dir='ltr'>alium</span> <span class='ocrx_word' id='word_1_122' title='bbox 979 1559 1185 1645; x_wconf 80' lang='lat' dir='ltr'>increpantes,</span> 
     </span>
     <span class='ocr_line' id='line_1_17' title="bbox 127 1644 1188 1732; baseline 0.002 -26"><span class='ocrx_word' id='word_1_123' title='bbox 127 1644 204 1726; x_wconf 80' lang='lat' dir='ltr'>quid</span> <span class='ocrx_word' id='word_1_124' title='bbox 217 1645 329 1708; x_wconf 66' lang='lat' dir='ltr'>Made</span> <span class='ocrx_word' id='word_1_125' title='bbox 341 1655 481 1722; x_wconf 84' lang='lat' dir='ltr'>restaret,</span> <span class='ocrx_word' id='word_1_126' title='bbox 500 1649 681 1732; x_wconf 73' lang='lat' dir='ltr'>quaerendo,</span> <span class='ocrx_word' id='word_1_127' title='bbox 697 1649 726 1710; x_wconf 90' lang='lat' dir='ltr'>si</span> <span class='ocrx_word' id='word_1_128' title='bbox 739 1667 834 1730; x_wconf 82' lang='lat' dir='ltr'>neque</span> <span class='ocrx_word' id='word_1_129' title='bbox 847 1667 885 1708; x_wconf 77' lang='lat' dir='ltr'>ea</span> <span class='ocrx_word' id='word_1_130' title='bbox 897 1647 981 1730; x_wconf 82' lang='lat' dir='ltr'>equis</span> <span class='ocrx_word' id='word_1_131' title='bbox 997 1647 1188 1728; x_wconf 76' lang='lat' dir='ltr'>pepulissent</span> 
     </span>
     <span class='ocr_line' id='line_1_18' title="bbox 127 1729 1188 1818; baseline 0.004 -27"><span class='ocrx_word' id='word_1_132' title='bbox 127 1729 249 1806; x_wconf 78' lang='lat' dir='ltr'>dodam,</span> <span class='ocrx_word' id='word_1_133' title='bbox 266 1749 361 1814; x_wconf 85' lang='lat' dir='ltr'>neque</span> <span class='ocrx_word' id='word_1_134' title='bbox 369 1733 490 1814; x_wconf 84' lang='lat' dir='ltr'>pedites</span> <span class='ocrx_word' id='word_1_135' title='bbox 504 1735 667 1817; x_wconf 83' lang='lat' dir='ltr'>quidquam</span> <span class='ocrx_word' id='word_1_136' title='bbox 681 1733 998 1818; x_wconf 84' lang='lat' dir='ltr'>momentisacerent?</span> <span class='ocrx_word' id='word_1_137' title='bbox 1021 1751 1111 1816; x_wconf 88' lang='lat' dir='ltr'>qaam</span> <span class='ocrx_word' id='word_1_138' title='bbox 1125 1741 1188 1806; x_wconf 55' lang='lat' dir='ltr'>serf</span> 
     </span>
     <span class='ocr_line' id='line_1_19' title="bbox 127 1817 1188 1904; baseline 0.005 -27"><span class='ocrx_word' id='word_1_139' title='bbox 127 1817 204 1878; x_wconf 84' lang='lat' dir='ltr'>tiara</span> <span class='ocrx_word' id='word_1_140' title='bbox 218 1825 428 1898; x_wconf 69' lang='lat' dir='ltr'>exspectarent</span> <span class='ocrx_word' id='word_1_141' title='bbox 435 1839 573 1902; x_wconf 83' lang='lat' dir='ltr'>pugnam</span> <span class='ocrx_word' id='word_1_142' title='bbox 586 1823 603 1878; x_wconf 67' lang='grc' dir='ltr'><strong><em>ἒ</em></strong></span> <span class='ocrx_word' id='word_1_143' title='bbox 625 1821 701 1902; x_wconf 86' lang='lat' dir='ltr'>quid</span> <span class='ocrx_word' id='word_1_144' title='bbox 714 1827 787 1882; x_wconf 85' lang='lat' dir='ltr'>ante</span> <span class='ocrx_word' id='word_1_145' title='bbox 798 1821 889 1904; x_wconf 86' lang='lat' dir='ltr'>signa</span> <span class='ocrx_word' id='word_1_146' title='bbox 891 1817 1015 1903; x_wconf 86' lang='lat' dir='ltr'>seroces</span> <span class='ocrx_word' id='word_1_147' title='bbox 1023 1819 1188 1900; x_wconf 84' lang='lat' dir='ltr'>prosiluit·</span> 
     </span>
     <span class='ocr_line' id='line_1_20' title="bbox 127 1902 1187 1988; baseline 0.003 -25"><span class='ocrx_word' id='word_1_148' title='bbox 127 1911 204 1978; x_wconf 82' lang='lat' dir='ltr'>sent,</span> <span class='ocrx_word' id='word_1_149' title='bbox 216 1909 247 1965; x_wconf 88' lang='lat' dir='ltr'>et</span> <span class='ocrx_word' id='word_1_150' title='bbox 259 1904 361 1966; x_wconf 84' lang='lat' dir='ltr'>aliena</span> <span class='ocrx_word' id='word_1_151' title='bbox 369 1913 548 1988; x_wconf 79' lang='lat' dir='ltr'>pregnarent</span> <span class='ocrx_word' id='word_1_152' title='bbox 558 1907 650 1968; x_wconf 72' lang='lat' dir='ltr'>ken?</span> <span class='ocrx_word' id='word_1_153' title='bbox 667 1904 731 1969; x_wconf 84' lang='lat' dir='ltr'>His</span> <span class='ocrx_word' id='word_1_154' title='bbox 746 1905 870 1969; x_wconf 84' lang='lat' dir='ltr'>interae</span> <span class='ocrx_word' id='word_1_155' title='bbox 884 1903 1013 1968; x_wconf 84' lang='lat' dir='ltr'>vocibus</span> <span class='ocrx_word' id='word_1_156' title='bbox 1027 1902 1187 1980; x_wconf 86' lang='lat' dir='ltr'>concitati,</span> 
     </span>
     <span class='ocr_line' id='line_1_21' title="bbox 129 1985 1188 2076; baseline 0.004 -26"><span class='ocrx_word' id='word_1_157' title='bbox 129 1985 268 2050; x_wconf 90' lang='lat' dir='ltr'>clamore</span> <span class='ocrx_word' id='word_1_158' title='bbox 282 1999 443 2069; x_wconf 87' lang='lat' dir='ltr'>renovato,</span> <span class='ocrx_word' id='word_1_159' title='bbox 458 1987 598 2054; x_wconf 82' lang='lat' dir='ltr'>inserunt</span> <span class='ocrx_word' id='word_1_160' title='bbox 611 1991 744 2076; x_wconf 84' lang='lat' dir='ltr'>pedem:</span> <span class='ocrx_word' id='word_1_161' title='bbox 766 2002 798 2054; x_wconf 89' lang='lat' dir='ltr'>et</span> <span class='ocrx_word' id='word_1_162' title='bbox 814 1990 950 2075; x_wconf 89' lang='lat' dir='ltr'>primum</span> <span class='ocrx_word' id='word_1_163' title='bbox 965 1988 1067 2076; x_wconf 82' lang='lat' dir='ltr'>gradu</span> <span class='ocrx_word' id='word_1_164' title='bbox 1084 2011 1188 2054; x_wconf 83' lang='lat' dir='ltr'>move·</span> 
     </span>
     <span class='ocr_line' id='line_1_22' title="bbox 128 2071 1189 2162; baseline 0.003 -26"><span class='ocrx_word' id='word_1_165' title='bbox 128 2083 205 2137; x_wconf 87' lang='lat' dir='ltr'>runt</span> <span class='ocrx_word' id='word_1_166' title='bbox 218 2071 354 2150; x_wconf 84' lang='lat' dir='ltr'>hostem,</span> <span class='ocrx_word' id='word_1_167' title='bbox 370 2074 485 2139; x_wconf 89' lang='lat' dir='ltr'>deinde</span> <span class='ocrx_word' id='word_1_168' title='bbox 498 2075 705 2161; x_wconf 83' lang='lat' dir='ltr'>pepulerunt3</span> <span class='ocrx_word' id='word_1_169' title='bbox 726 2089 889 2160; x_wconf 85' lang='lat' dir='ltr'>postremo</span> <span class='ocrx_word' id='word_1_170' title='bbox 905 2077 972 2162; x_wconf 89' lang='lat' dir='ltr'>jam</span> <span class='ocrx_word' id='word_1_171' title='bbox 990 2073 1189 2140; x_wconf 82' lang='lat' dir='ltr'>hauddubie</span> 
     </span>
     <span class='ocr_line' id='line_1_23' title="bbox 130 2158 1339 2260; baseline 0.006 -38"><span class='ocrx_word' id='word_1_172' title='bbox 130 2169 294 2223; x_wconf 83' lang='lat' dir='ltr'>avertunt:</span> <span class='ocrx_word' id='word_1_173' title='bbox 317 2158 344 2203; x_wconf 80' lang='lat'>⁴⁷</span> <span class='ocrx_word' id='word_1_174' title='bbox 351 2180 463 2260; x_wconf 88' lang='lat' dir='ltr'>neque,</span> <span class='ocrx_word' id='word_1_175' title='bbox 478 2174 541 2225; x_wconf 86' lang='lat' dir='ltr'>tam</span> <span class='ocrx_word' id='word_1_176' title='bbox 558 2162 639 2226; x_wconf 85' lang='lat' dir='ltr'>vires</span> <span class='ocrx_word' id='word_1_177' title='bbox 661 2183 751 2246; x_wconf 85' lang='lat' dir='ltr'>pares</span> <span class='ocrx_word' id='word_1_178' title='bbox 766 2183 837 2248; x_wconf 82' lang='lat' dir='ltr'>qum</span> <span class='ocrx_word' id='word_1_179' title='bbox 853 2163 1047 2246; x_wconf 84' lang='lat' dir='ltr'>superaverit</span> <span class='ocrx_word' id='word_1_180' title='bbox 1065 2181 1127 2236; x_wconf 88' lang='lat' dir='ltr'>res,</span> <span class='ocrx_word' id='word_1_181' title='bbox 1143 2160 1188 2225; x_wconf 83' lang='lat' dir='ltr'>fa·</span> <span class='ocrx_word' id='word_1_182' title='bbox 1198 2180 1339 2229; x_wconf 70' lang='lat' dir='ltr'>vacuam:</span> 
     </span>
     <span class='ocr_line' id='line_1_24' title="bbox 130 2243 1307 2333; baseline 0.001 -23"><span class='ocrx_word' id='word_1_183' title='bbox 130 2243 190 2310; x_wconf 86' lang='lat' dir='ltr'>eile</span> <span class='ocrx_word' id='word_1_184' title='bbox 203 2245 291 2309; x_wconf 89' lang='lat' dir='ltr'>dictu</span> <span class='ocrx_word' id='word_1_185' title='bbox 307 2258 366 2326; x_wconf 87' lang='lat' dir='ltr'>est,</span> <span class='ocrx_word' id='word_1_186' title='bbox 378 2247 437 2310; x_wconf 87' lang='lat' dir='ltr'>ursi</span> <span class='ocrx_word' id='word_1_187' title='bbox 452 2247 537 2333; x_wconf 89' lang='lat' dir='ltr'>quod</span> <span class='ocrx_word' id='word_1_188' title='bbox 552 2261 702 2332; x_wconf 90' lang='lat' dir='ltr'>perpetua</span> <span class='ocrx_word' id='word_1_189' title='bbox 718 2247 845 2312; x_wconf 77' lang='lat' dir='ltr'>fortuna</span> <span class='ocrx_word' id='word_1_190' title='bbox 855 2247 1019 2332; x_wconf 85' lang='lat' dir='ltr'>utriusque</span> <span class='ocrx_word' id='word_1_191' title='bbox 1032 2244 1144 2331; x_wconf 88' lang='lat' dir='ltr'>populi</span> <span class='ocrx_word' id='word_1_192' title='bbox 1158 2257 1190 2311; x_wconf 92' lang='lat' dir='ltr'>et</span> <span class='ocrx_word' id='word_1_193' title='bbox 1199 2246 1307 2293; x_wconf 74' lang='lat' dir='ltr'>nantel</span> 
     </span>
     <span class='ocr_line' id='line_1_25' title="bbox 130 2331 1189 2422; baseline 0 -27"><span class='ocrx_word' id='word_1_194' title='bbox 130 2331 280 2396; x_wconf 87' lang='lat' dir='ltr'>extollere</span> <span class='ocrx_word' id='word_1_195' title='bbox 296 2333 428 2409; x_wconf 89' lang='lat' dir='ltr'>animos,</span> <span class='ocrx_word' id='word_1_196' title='bbox 444 2347 475 2399; x_wconf 89' lang='lat' dir='ltr'>et</span> <span class='ocrx_word' id='word_1_197' title='bbox 491 2333 631 2398; x_wconf 87' lang='lat' dir='ltr'>minuere</span> <span class='ocrx_word' id='word_1_198' title='bbox 646 2333 758 2418; x_wconf 91' lang='lat' dir='ltr'>potuit.</span> <span class='ocrx_word' id='word_1_199' title='bbox 804 2333 915 2418; x_wconf 86' lang='lat' dir='ltr'>Usque</span> <span class='ocrx_word' id='word_1_200' title='bbox 929 2332 972 2396; x_wconf 86' lang='lat' dir='ltr'>ad</span> <span class='ocrx_word' id='word_1_201' title='bbox 992 2343 1094 2396; x_wconf 85' lang='lat' dir='ltr'>castra</span> <span class='ocrx_word' id='word_1_202' title='bbox 1107 2331 1189 2422; x_wconf 75' lang='lat' dir='ltr'>frugi·</span> 
     </span>
     <span class='ocr_line' id='line_1_26' title="bbox 130 2417 1190 2506; baseline 0.001 -25"><span class='ocrx_word' id='word_1_203' title='bbox 130 2429 217 2482; x_wconf 85' lang='lat' dir='ltr'>entes</span> <span class='ocrx_word' id='word_1_204' title='bbox 235 2417 392 2482; x_wconf 85' lang='lat' dir='ltr'>Hernicos</span> <span class='ocrx_word' id='word_1_205' title='bbox 406 2419 567 2484; x_wconf 85' lang='lat' dir='ltr'>Romanus</span> <span class='ocrx_word' id='word_1_206' title='bbox 578 2422 735 2506; x_wconf 79' lang='lat' dir='ltr'>sequiturr</span> <span class='ocrx_word' id='word_1_207' title='bbox 751 2432 924 2483; x_wconf 85' lang='lat' dir='ltr'>castrorum</span> <span class='ocrx_word' id='word_1_208' title='bbox 940 2418 1190 2506; x_wconf 78' lang='lat' dir='ltr'>obpugnatione,</span> 
     </span>
     <span class='ocr_line' id='line_1_27' title="bbox 130 2502 1190 2590; baseline 0 -23"><span class='ocrx_word' id='word_1_209' title='bbox 130 2504 204 2590; x_wconf 91' lang='lat' dir='ltr'>quia</span> <span class='ocrx_word' id='word_1_210' title='bbox 219 2521 322 2568; x_wconf 90' lang='lat' dir='ltr'>serum</span> <span class='ocrx_word' id='word_1_211' title='bbox 338 2517 406 2568; x_wconf 89' lang='lat' dir='ltr'>erat</span> <span class='ocrx_word' id='word_1_212' title='bbox 419 2504 494 2587; x_wconf 87' lang='lat' dir='ltr'>diei,</span> <span class='ocrx_word' id='word_1_213' title='bbox 508 2507 695 2570; x_wconf 74' lang='lat' dir='ltr'>abstinuere.</span> <span class='ocrx_word' id='word_1_214' title='bbox 739 2505 765 2546; x_wconf 77' lang='lat'>⁴⁸</span> <span class='ocrx_word' id='word_1_215' title='bbox 777 2503 844 2571; x_wconf 91' lang='lat' dir='ltr'>Diu</span> <span class='ocrx_word' id='word_1_216' title='bbox 862 2525 926 2568; x_wconf 92' lang='lat' dir='ltr'>non</span> <span class='ocrx_word' id='word_1_217' title='bbox 947 2502 1128 2588; x_wconf 81' lang='lat' dir='ltr'>perlitatum</span> <span class='ocrx_word' id='word_1_218' title='bbox 1143 2515 1190 2567; x_wconf 88' lang='lat' dir='ltr'>te·-</span> 
     </span>
     <span class='ocr_line' id='line_1_28' title="bbox 130 2589 1188 2674; baseline 0 -22"><span class='ocrx_word' id='word_1_219' title='bbox 130 2603 245 2654; x_wconf 86' lang='lat' dir='ltr'>nuerst</span> <span class='ocrx_word' id='word_1_220' title='bbox 265 2591 462 2668; x_wconf 89' lang='lat' dir='ltr'>dictatorem,</span> <span class='ocrx_word' id='word_1_221' title='bbox 478 2613 518 2656; x_wconf 93' lang='lat' dir='ltr'>ne</span> <span class='ocrx_word' id='word_1_222' title='bbox 539 2605 613 2657; x_wconf 88' lang='lat' dir='ltr'>ante</span> <span class='ocrx_word' id='word_1_223' title='bbox 637 2591 799 2657; x_wconf 86' lang='lat' dir='ltr'>meridiem</span> <span class='ocrx_word' id='word_1_224' title='bbox 820 2592 845 2656; x_wconf 85' lang='lat' dir='ltr'>al</span> <span class='ocrx_word' id='word_1_225' title='bbox 891 2611 945 2654; x_wconf 91' lang='lat' dir='ltr'>um</span> <span class='ocrx_word' id='word_1_226' title='bbox 967 2589 1044 2654; x_wconf 87' lang='lat' dir='ltr'>dare</span> <span class='ocrx_word' id='word_1_227' title='bbox 1064 2599 1188 2674; x_wconf 83' lang='lat' dir='ltr'>posset:</span> 
     </span>
     <span class='ocr_line' id='line_1_29' title="bbox 131 2675 1192 2743; baseline 0.001 -4"><span class='ocrx_word' id='word_1_228' title='bbox 131 2697 171 2739; x_wconf 87' lang='lat' dir='ltr'>eo</span> <span class='ocrx_word' id='word_1_229' title='bbox 185 2677 219 2740; x_wconf 90' lang='lat' dir='ltr'>in</span> <span class='ocrx_word' id='word_1_230' title='bbox 233 2689 358 2741; x_wconf 89' lang='lat' dir='ltr'>noctem</span> <span class='ocrx_word' id='word_1_231' title='bbox 380 2689 515 2742; x_wconf 86' lang='lat' dir='ltr'>tractum</span> <span class='ocrx_word' id='word_1_232' title='bbox 538 2693 605 2742; x_wconf 90' lang='lat' dir='ltr'>erat</span> <span class='ocrx_word' id='word_1_233' title='bbox 624 2691 795 2743; x_wconf 86' lang='lat' dir='ltr'>certamen.</span> <span class='ocrx_word' id='word_1_234' title='bbox 868 2675 990 2740; x_wconf 85' lang='lat' dir='ltr'>ostero¹</span> <span class='ocrx_word' id='word_1_235' title='bbox 1003 2675 1054 2740; x_wconf 90' lang='lat' dir='ltr'>die</span> <span class='ocrx_word' id='word_1_236' title='bbox 1068 2677 1192 2740; x_wconf 84' lang='lat' dir='ltr'>deserta</span> 
     </span>
     <span class='ocr_line' id='line_1_30' title="bbox 130 2759 1189 2849; baseline 0 -23"><span class='ocrx_word' id='word_1_237' title='bbox 130 2759 206 2848; x_wconf 79' lang='lat' dir='ltr'>fuga</span> <span class='ocrx_word' id='word_1_238' title='bbox 227 2775 329 2828; x_wconf 84' lang='lat' dir='ltr'>castra</span> <span class='ocrx_word' id='word_1_239' title='bbox 352 2762 580 2841; x_wconf 82' lang='lat' dir='ltr'>Hernicorum,</span> <span class='ocrx_word' id='word_1_240' title='bbox 601 2775 632 2828; x_wconf 87' lang='lat' dir='ltr'>et</span> <span class='ocrx_word' id='word_1_241' title='bbox 654 2763 750 2828; x_wconf 79' lang='lat' dir='ltr'>saucii</span> <span class='ocrx_word' id='word_1_242' title='bbox 773 2763 873 2829; x_wconf 88' lang='lat' dir='ltr'>relicti</span> <span class='ocrx_word' id='word_1_243' title='bbox 898 2761 1027 2849; x_wconf 85' lang='lat' dir='ltr'>quidam</span> <span class='ocrx_word' id='word_1_244' title='bbox 1050 2761 1189 2840; x_wconf 82' lang='lat' dir='ltr'>inventi3</span> 
     </span>
     <span class='ocr_line' id='line_1_31' title="bbox 131 2847 1190 2938; baseline -0.003 -24"><span class='ocrx_word' id='word_1_245' title='bbox 131 2869 310 2936; x_wconf 74' lang='lat' dir='ltr'>agmenque</span> <span class='ocrx_word' id='word_1_246' title='bbox 331 2847 516 2936; x_wconf 86' lang='lat' dir='ltr'>fugientium</span> <span class='ocrx_word' id='word_1_247' title='bbox 532 2851 606 2915; x_wconf 63' lang='lat' dir='ltr'>⁴&#39;laub</span> <span class='ocrx_word' id='word_1_248' title='bbox 626 2851 732 2938; x_wconf 82' lang='lat' dir='ltr'>signis,</span> <span class='ocrx_word' id='word_1_249' title='bbox 770 2871 844 2915; x_wconf 90' lang='lat' dir='ltr'>uum</span> <span class='ocrx_word' id='word_1_250' title='bbox 866 2861 983 2935; x_wconf 76' lang='lat' dir='ltr'>praeter</span> <span class='ocrx_word' id='word_1_251' title='bbox 1005 2848 1123 2912; x_wconf 90' lang='lat' dir='ltr'>moenla</span> <span class='ocrx_word' id='word_1_252' title='bbox 1136 2869 1190 2912; x_wconf 63' lang='lat' dir='ltr'>eo*</span> 
     </span>
     <span class='ocr_line' id='line_1_32' title="bbox 131 2934 1191 3024; baseline 0.001 -26"><span class='ocrx_word' id='word_1_253' title='bbox 131 2955 202 2999; x_wconf 92' lang='lat' dir='ltr'>rum</span> <span class='ocrx_word' id='word_1_254' title='bbox 229 2934 440 3020; x_wconf 86' lang='lat' dir='ltr'>infrequentia</span> <span class='ocrx_word' id='word_1_255' title='bbox 465 2949 631 3020; x_wconf 87' lang='lat' dir='ltr'>conspecta</span> <span class='ocrx_word' id='word_1_256' title='bbox 660 2937 749 3024; x_wconf 81' lang='lat' dir='ltr'>signa</span> <span class='ocrx_word' id='word_1_257' title='bbox 794 2950 906 3014; x_wconf 87' lang='lat' dir='ltr'>essent,</span> <span class='ocrx_word' id='word_1_258' title='bbox 931 2936 1046 3010; x_wconf 86' lang='lat' dir='ltr'>susum,</span> <span class='ocrx_word' id='word_1_259' title='bbox 1069 2955 1107 3000; x_wconf 84' lang='lat' dir='ltr'>ac</span> <span class='ocrx_word' id='word_1_260' title='bbox 1132 2955 1191 3020; x_wconf 89' lang='lat' dir='ltr'>per</span> 
     </span>
     <span class='ocr_line' id='line_1_33' title="bbox 129 3020 1190 3120; baseline -0.002 -34"><span class='ocrx_word' id='word_1_261' title='bbox 129 3041 224 3120; x_wconf 74' lang='lat' dir='ltr'>agros</span> <span class='ocrx_word' id='word_1_262' title='bbox 245 3020 368 3105; x_wconf 87' lang='lat' dir='ltr'>trepida</span> <span class='ocrx_word' id='word_1_263' title='bbox 390 3020 464 3108; x_wconf 82' lang='lat' dir='ltr'>luga</span> <span class='ocrx_word' id='word_1_264' title='bbox 489 3021 629 3107; x_wconf 89' lang='lat' dir='ltr'>palatum</span> <span class='ocrx_word' id='word_1_265' title='bbox 655 3037 711 3088; x_wconf 83' lang='lat' dir='ltr'>est.</span> <span class='ocrx_word' id='word_1_266' title='bbox 756 3023 825 3088; x_wconf 90' lang='lat' dir='ltr'>Nec</span> <span class='ocrx_word' id='word_1_267' title='bbox 848 3022 1002 3087; x_wconf 87' lang='lat' dir='ltr'>Romanis</span> <span class='ocrx_word' id='word_1_268' title='bbox 1023 3023 1190 3086; x_wconf 87' lang='lat' dir='ltr'>incruenta</span> 
     </span>
     <span class='ocr_line' id='line_1_34' title="bbox 131 3105 1189 3193; baseline 0.003 -24"><span class='ocrx_word' id='word_1_269' title='bbox 131 3108 264 3172; x_wconf 75' lang='lat' dir='ltr'>victoria</span> <span class='ocrx_word' id='word_1_270' title='bbox 293 3107 360 3170; x_wconf 86' lang='lat' dir='ltr'>fuit.</span> <span class='ocrx_word' id='word_1_271' title='bbox 414 3121 502 3173; x_wconf 84' lang='lat' dir='ltr'>uarta</span> <span class='ocrx_word' id='word_1_272' title='bbox 530 3129 603 3193; x_wconf 87' lang='lat' dir='ltr'>pars</span> <span class='ocrx_word' id='word_1_273' title='bbox 632 3108 766 3172; x_wconf 89' lang='lat' dir='ltr'>militum</span> <span class='ocrx_word' id='word_1_274' title='bbox 796 3109 927 3186; x_wconf 83' lang='lat' dir='ltr'>amissa3</span> <span class='ocrx_word' id='word_1_275' title='bbox 949 3121 994 3188; x_wconf 89' lang='lat' dir='ltr'>et,</span> <span class='ocrx_word' id='word_1_276' title='bbox 1020 3108 1075 3172; x_wconf 90' lang='lat' dir='ltr'>ubi</span> <span class='ocrx_word' id='word_1_277' title='bbox 1103 3105 1189 3186; x_wconf 87' lang='lat' dir='ltr'>haud</span> 
     </span>
     <span class='ocr_line' id='line_1_35' title="bbox 130 3131 1053 3282; baseline 0.004 -26"><span class='ocrx_word' id='word_1_278' title='bbox 130 3193 234 3258; x_wconf 88' lang='lat' dir='ltr'>minus</span> <span class='ocrx_word' id='word_1_279' title='bbox 245 3193 379 3280; x_wconf 74' lang='lat' dir='ltr'>jactura</span> <span class='ocrx_word' id='word_1_280' title='bbox 389 3131 466 3274; x_wconf 75' lang='lat' dir='ltr'>iuis,</span> <span class='ocrx_word' id='word_1_281' title='bbox 481 3189 600 3282; x_wconf 82' lang='lat' dir='ltr'>aliquot</span> <span class='ocrx_word' id='word_1_282' title='bbox 614 3195 733 3280; x_wconf 89' lang='lat' dir='ltr'>equites</span> <span class='ocrx_word' id='word_1_283' title='bbox 750 3193 886 3259; x_wconf 83' lang='lat' dir='ltr'>Romani</span> <span class='ocrx_word' id='word_1_284' title='bbox 901 3193 1053 3260; x_wconf 86' lang='lat' dir='ltr'>cecidere.</span> 
     </span>
    </p>
   </div>
   <div class='ocr_carea' id='block_1_3' title="bbox 176 3353 1144 3424">
    <p class='ocr_par' dir='ltr' id='par_1_4' title="bbox 176 3353 1144 3424">
     <span class='ocr_line' id='line_1_36' title="bbox 176 3353 1144 3424; baseline 0.003 -16"><span class='ocrx_word' id='word_1_285' title='bbox 176 3359 290 3424; x_wconf 61' lang='lat' dir='ltr'>&amp;harad</span> <span class='ocrx_word' id='word_1_286' title='bbox 300 3362 347 3410; x_wconf 89' lang='lat' dir='ltr'>del.</span> <span class='ocrx_word' id='word_1_287' title='bbox 360 3362 433 3410; x_wconf 87' lang='lat' dir='ltr'>Gran.</span> <span class='ocrx_word' id='word_1_288' title='bbox 498 3353 781 3412; x_wconf 54' lang='lat' dir='ltr'>interimeremur.</span> <span class='ocrx_word' id='word_1_289' title='bbox 846 3360 1144 3424; x_wconf 71' lang='lat' dir='ltr'>krignaauaspeatallmd.</span> 
     </span>
    </p>
   </div>
   <div class='ocr_carea' id='block_1_4' title="bbox 128 3519 1190 3972">
    <p class='ocr_par' dir='ltr' id='par_1_5' title="bbox 129 3519 1190 3717">
     <span class='ocr_line' id='line_1_37' title="bbox 161 3519 1121 3590; baseline 0 -20"><span class='ocrx_word' id='word_1_290' title='bbox 161 3519 313 3582; x_wconf 53' lang='grc' dir='ltr'>ΨΜ·</span> <span class='ocrx_word' id='word_1_291' title='bbox 329 3537 397 3584; x_wconf 81' lang='lat' dir='ltr'>qaam</span> <span class='ocrx_word' id='word_1_292' title='bbox 415 3523 530 3571; x_wconf 71' lang='lat' dir='ltr'>maritas</span> <span class='ocrx_word' id='word_1_293' title='bbox 549 3521 642 3590; x_wconf 71' lang='lat' dir='ltr'>mbr]</span> <span class='ocrx_word' id='word_1_294' title='bbox 677 3526 781 3574; x_wconf 81' lang='lat' dir='ltr'>uaturin</span> <span class='ocrx_word' id='word_1_295' title='bbox 794 3539 843 3574; x_wconf 89' lang='lat' dir='ltr'>una</span> <span class='ocrx_word' id='word_1_296' title='bbox 855 3525 909 3572; x_wconf 81' lang='lat' dir='ltr'>MS.</span> <span class='ocrx_word' id='word_1_297' title='bbox 921 3531 981 3572; x_wconf 85' lang='lat' dir='ltr'>teste</span> <span class='ocrx_word' id='word_1_298' title='bbox 992 3525 1121 3570; x_wconf 82' lang='lat' dir='ltr'>Gronovio.</span> 
     </span>
     <span class='ocr_line' id='line_1_38' title="bbox 129 3585 1190 3650; baseline 0.002 -18"><span class='ocrx_word' id='word_1_299' title='bbox 129 3585 223 3633; x_wconf 63' lang='lat' dir='ltr'>&amp;netu</span> <span class='ocrx_word' id='word_1_300' title='bbox 242 3587 307 3634; x_wconf 83' lang='lat' dir='ltr'>baud</span> <span class='ocrx_word' id='word_1_301' title='bbox 327 3589 395 3644; x_wconf 85' lang='lat' dir='ltr'>laris,</span> <span class='ocrx_word' id='word_1_302' title='bbox 411 3587 499 3636; x_wconf 73' lang='lat' dir='ltr'>effectu</span> <span class='ocrx_word' id='word_1_303' title='bbox 518 3601 643 3650; x_wconf 88' lang='lat' dir='ltr'>propemo-</span> <span class='ocrx_word' id='word_1_304' title='bbox 708 3589 819 3646; x_wconf 64' lang='lat' dir='ltr'>48⁸Dta</span> <span class='ocrx_word' id='word_1_305' title='bbox 850 3603 894 3636; x_wconf 79' lang='lat' dir='ltr'>aaa</span> <span class='ocrx_word' id='word_1_306' title='bbox 920 3589 1055 3650; x_wconf 74' lang='lat' dir='ltr'>perlitatum</span> <span class='ocrx_word' id='word_1_307' title='bbox 1086 3593 1190 3636; x_wconf 70' lang='lat' dir='ltr'>maeret</span> 
     </span>
     <span class='ocr_line' id='line_1_39' title="bbox 129 3648 1190 3717; baseline 0.002 -21"><span class='ocrx_word' id='word_1_308' title='bbox 129 3651 189 3697; x_wconf 87' lang='lat' dir='ltr'>dum</span> <span class='ocrx_word' id='word_1_309' title='bbox 200 3650 276 3697; x_wconf 85' lang='lat' dir='ltr'>lrrlta.</span> <span class='ocrx_word' id='word_1_310' title='bbox 675 3653 820 3716; x_wconf 79' lang='lat' dir='ltr'>dictatorem]</span> <span class='ocrx_word' id='word_1_311' title='bbox 839 3653 877 3702; x_wconf 81' lang='lat' dir='ltr'>Sic</span> <span class='ocrx_word' id='word_1_312' title='bbox 896 3659 969 3714; x_wconf 82' lang='lat' dir='ltr'>supra</span> <span class='ocrx_word' id='word_1_313' title='bbox 985 3648 1032 3700; x_wconf 87' lang='lat' dir='ltr'>IV.</span> <span class='ocrx_word' id='word_1_314' title='bbox 1044 3651 1082 3700; x_wconf 82' lang='lat' dir='ltr'>ts.</span> <span class='ocrx_word' id='word_1_315' title='bbox 1106 3649 1190 3717; x_wconf 60' lang='lat' dir='ltr'>Penta</span> 
     </span>
    </p>

    <p class='ocr_par' dir='ltr' id='par_1_6' title="bbox 128 3713 1188 3972">
     <span class='ocr_line' id='line_1_40' title="bbox 161 3713 1188 3780; baseline 0.001 -18"><span class='ocrx_word' id='word_1_316' title='bbox 161 3713 194 3762; x_wconf 74' lang='grc'>46</span> <span class='ocrx_word' id='word_1_317' title='bbox 211 3715 317 3763; x_wconf 82' lang='lat' dir='ltr'>Clamare</span> <span class='ocrx_word' id='word_1_318' title='bbox 335 3713 437 3780; x_wconf 76' lang='lat' dir='ltr'>lugenti]</span> <span class='ocrx_word' id='word_1_319' title='bbox 467 3715 583 3766; x_wconf 76' lang='lat' dir='ltr'>muman</span> <span class='ocrx_word' id='word_1_320' title='bbox 604 3731 644 3764; x_wconf 83' lang='lat' dir='ltr'>ra·</span> <span class='ocrx_word' id='word_1_321' title='bbox 677 3726 727 3766; x_wconf 81' lang='lat' dir='ltr'>tum</span> <span class='ocrx_word' id='word_1_322' title='bbox 743 3719 770 3763; x_wconf 89' lang='lat' dir='ltr'>all</span> <span class='ocrx_word' id='word_1_323' title='bbox 787 3718 817 3764; x_wconf 72' lang='lat'>1„</span> <span class='ocrx_word' id='word_1_324' title='bbox 834 3719 929 3766; x_wconf 78' lang='lat' dir='ltr'>Sestio.</span> <span class='ocrx_word' id='word_1_325' title='bbox 944 3717 1126 3764; x_wconf 67' lang='lat' dir='ltr'>...ducturam</span> <span class='ocrx_word' id='word_1_326' title='bbox 1145 3717 1188 3763; x_wconf 77' lang='lat' dir='ltr'>ert.</span> 
     </span>
     <span class='ocr_line' id='line_1_41' title="bbox 128 3779 893 3842; baseline 0.005 -18"><span class='ocrx_word' id='word_1_327' title='bbox 128 3791 192 3838; x_wconf 87' lang='lat' dir='ltr'>cem,</span> <span class='ocrx_word' id='word_1_328' title='bbox 205 3779 320 3828; x_wconf 84' lang='lat' dir='ltr'>insertam</span> <span class='ocrx_word' id='word_1_329' title='bbox 336 3794 351 3827; x_wconf 83' lang='lat' dir='ltr'>a</span> <span class='ocrx_word' id='word_1_330' title='bbox 366 3781 473 3842; x_wconf 79' lang='lat' dir='ltr'>Sigania,</span> <span class='ocrx_word' id='word_1_331' title='bbox 492 3784 643 3829; x_wconf 79' lang='lat' dir='ltr'>exturbatum</span> <span class='ocrx_word' id='word_1_332' title='bbox 677 3781 733 3829; x_wconf 83' lang='lat' dir='ltr'>Vid</span> <span class='ocrx_word' id='word_1_333' title='bbox 746 3783 781 3828; x_wconf 88' lang='lat' dir='ltr'>lbl</span> <span class='ocrx_word' id='word_1_334' title='bbox 792 3791 840 3830; x_wconf 83' lang='lat' dir='ltr'>not.</span> <span class='ocrx_word' id='word_1_335' title='bbox 854 3781 893 3829; x_wconf 91' lang='lat' dir='ltr'>ll.</span> 
     </span>
     <span class='ocr_line' id='line_1_42' title="bbox 129 3843 1188 3910; baseline -0.001 -21"><span class='ocrx_word' id='word_1_336' title='bbox 129 3849 211 3902; x_wconf 79' lang='lat' dir='ltr'>postas</span> <span class='ocrx_word' id='word_1_337' title='bbox 235 3855 250 3889; x_wconf 84' lang='lat' dir='ltr'>a</span> <span class='ocrx_word' id='word_1_338' title='bbox 271 3843 401 3901; x_wconf 80' lang='lat' dir='ltr'>Gronovlc,</span> <span class='ocrx_word' id='word_1_339' title='bbox 423 3845 589 3893; x_wconf 76' lang='lat' dir='ltr'>mutavimus</span> <span class='ocrx_word' id='word_1_340' title='bbox 614 3857 644 3892; x_wconf 83' lang='lat' dir='ltr'>ex</span> <span class='ocrx_word' id='word_1_341' title='bbox 708 3845 740 3893; x_wconf 79' lang='lat' dir='ltr'>ts</span> <span class='ocrx_word' id='word_1_342' title='bbox 756 3845 793 3892; x_wconf 78' lang='lat' dir='ltr'>Aa</span> <span class='ocrx_word' id='word_1_343' title='bbox 814 3843 899 3910; x_wconf 71' lang='lat' dir='ltr'>algais]</span> <span class='ocrx_word' id='word_1_344' title='bbox 922 3845 1063 3906; x_wconf 78' lang='lat' dir='ltr'>Legendum</span> <span class='ocrx_word' id='word_1_345' title='bbox 1083 3843 1188 3897; x_wconf 82' lang='lat' dir='ltr'>videtur,</span> 
     </span>
     <span class='ocr_line' id='line_1_43' title="bbox 128 3907 1188 3972; baseline 0.001 -20"><span class='ocrx_word' id='word_1_346' title='bbox 128 3907 271 3954; x_wconf 79' lang='lat' dir='ltr'>auctoritate</span> <span class='ocrx_word' id='word_1_347' title='bbox 282 3916 373 3969; x_wconf 84' lang='lat' dir='ltr'>septem</span> <span class='ocrx_word' id='word_1_348' title='bbox 384 3915 522 3956; x_wconf 80' lang='lat' dir='ltr'>ncstrcmm</span> <span class='ocrx_word' id='word_1_349' title='bbox 533 3913 601 3958; x_wconf 85' lang='lat' dir='ltr'>codd.</span> <span class='ocrx_word' id='word_1_350' title='bbox 676 3909 703 3956; x_wconf 80' lang='lat' dir='ltr'>ab</span> <span class='ocrx_word' id='word_1_351' title='bbox 717 3907 831 3972; x_wconf 76' lang='lat' dir='ltr'>Signinis.</span> <span class='ocrx_word' id='word_1_352' title='bbox 862 3913 954 3972; x_wconf 72' lang='lat' dir='ltr'>Agnes</span> <span class='ocrx_word' id='word_1_353' title='bbox 1023 3909 1114 3956; x_wconf 78' lang='lat' dir='ltr'>cattam&#39;</span> <span class='ocrx_word' id='word_1_354' title='bbox 1126 3907 1188 3954; x_wconf 86' lang='lat' dir='ltr'>ller-</span> 
     </span>
    </p>
   </div>
   <div class='ocr_carea' id='block_1_5' title="bbox 39 3971 1189 4036">
    <p class='ocr_par' dir='ltr' id='par_1_7' title="bbox 39 3971 1189 4036">
     <span class='ocr_line' id='line_1_44' title="bbox 39 3971 1189 4036; baseline 0.003 -20"><span class='ocrx_word' id='word_1_355' title='bbox 39 3999 47 4016; x_wconf 52' lang='lat' dir='ltr'>e</span> <span class='ocrx_word' id='word_1_356' title='bbox 161 3972 193 4018; x_wconf 79' lang='grc'>46</span> <span class='ocrx_word' id='word_1_357' title='bbox 211 3971 344 4020; x_wconf 59' lang='lat' dir='ltr'>Quanta</span> <span class='ocrx_word' id='word_1_358' title='bbox 359 3971 431 4020; x_wconf 83' lang='lat' dir='ltr'>Mars</span> <span class='ocrx_word' id='word_1_359' title='bbox 446 3973 509 4036; x_wconf 79' lang='lat' dir='ltr'>balii]</span> <span class='ocrx_word' id='word_1_360' title='bbox 532 3975 644 4036; x_wconf 74' lang='lat' dir='ltr'>Sigonlus</span> <span class='ocrx_word' id='word_1_361' title='bbox 676 3977 785 4021; x_wconf 85' lang='lat' dir='ltr'>nieorum</span> <span class='ocrx_word' id='word_1_362' title='bbox 796 3973 880 4036; x_wconf 81' lang='lat' dir='ltr'>susum</span> <span class='ocrx_word' id='word_1_363' title='bbox 898 3978 932 4021; x_wconf 81' lang='lat' dir='ltr'>est</span> <span class='ocrx_word' id='word_1_364' title='bbox 947 3975 974 4020; x_wconf 83' lang='lat' dir='ltr'>ab</span> <span class='ocrx_word' id='word_1_365' title='bbox 1009 3973 1106 4033; x_wconf 63' lang='lat' dir='ltr'>igniaria</span> <span class='ocrx_word' id='word_1_366' title='bbox 1118 3981 1189 4031; x_wconf 70' lang='lat' dir='ltr'>quum</span> 
     </span>
    </p>
   </div>
   <div class='ocr_carea' id='block_1_6' title="bbox 128 4035 1203 4356">
    <p class='ocr_par' dir='ltr' id='par_1_8' title="bbox 128 4035 1203 4100">
     <span class='ocr_line' id='line_1_45' title="bbox 128 4035 1203 4100; baseline -0.001 -18"><span class='ocrx_word' id='word_1_367' title='bbox 128 4035 232 4083; x_wconf 73' lang='lat' dir='ltr'>amma</span> <span class='ocrx_word' id='word_1_368' title='bbox 246 4037 319 4083; x_wconf 86' lang='lat' dir='ltr'>libros</span> <span class='ocrx_word' id='word_1_369' title='bbox 335 4039 424 4085; x_wconf 83' lang='lat' dir='ltr'>habere</span> <span class='ocrx_word' id='word_1_370' title='bbox 434 4037 504 4094; x_wconf 60' lang='lat' dir='ltr'>hilar</span> <span class='ocrx_word' id='word_1_371' title='bbox 521 4041 563 4085; x_wconf 82' lang='lat' dir='ltr'>sed</span> <span class='ocrx_word' id='word_1_372' title='bbox 575 4053 642 4084; x_wconf 82' lang='lat' dir='ltr'>rnen·</span> <span class='ocrx_word' id='word_1_373' title='bbox 671 4043 757 4100; x_wconf 76' lang='lat' dir='ltr'>prater</span> <span class='ocrx_word' id='word_1_374' title='bbox 772 4040 854 4085; x_wconf 73' lang='lat' dir='ltr'>mla</span> <span class='ocrx_word' id='word_1_375' title='bbox 872 4051 959 4097; x_wconf 76' lang='lat' dir='ltr'>aarum,</span> <span class='ocrx_word' id='word_1_376' title='bbox 974 4037 999 4082; x_wconf 92' lang='lat' dir='ltr'>id</span> <span class='ocrx_word' id='word_1_377' title='bbox 1015 4043 1061 4094; x_wconf 80' lang='lat' dir='ltr'>eat,</span> <span class='ocrx_word' id='word_1_378' title='bbox 1078 4035 1203 4098; x_wconf 59' lang='lat' dir='ltr'>Signindd</span> 
     </span>
    </p>

    <p class='ocr_par' dir='ltr' id='par_1_9' title="bbox 128 4099 1189 4164">
     <span class='ocr_line' id='line_1_46' title="bbox 128 4099 1189 4164; baseline 0.001 -19"><span class='ocrx_word' id='word_1_379' title='bbox 128 4099 191 4148; x_wconf 80' lang='lat' dir='ltr'>dosa</span> <span class='ocrx_word' id='word_1_380' title='bbox 226 4099 294 4147; x_wconf 81' lang='lat' dir='ltr'>Nihil</span> <span class='ocrx_word' id='word_1_381' title='bbox 321 4103 433 4150; x_wconf 75' lang='lat' dir='ltr'>usimtun</span> <span class='ocrx_word' id='word_1_382' title='bbox 455 4115 483 4148; x_wconf 88' lang='lat' dir='ltr'>ea</span> <span class='ocrx_word' id='word_1_383' title='bbox 507 4103 585 4150; x_wconf 75' lang='lat' dir='ltr'>ronna</span> <span class='ocrx_word' id='word_1_384' title='bbox 608 4103 644 4150; x_wconf 91' lang='lat' dir='ltr'>lo·</span> <span class='ocrx_word' id='word_1_385' title='bbox 675 4117 730 4150; x_wconf 92' lang='lat' dir='ltr'>rurn</span> <span class='ocrx_word' id='word_1_386' title='bbox 758 4101 910 4164; x_wconf 70' lang='lat' dir='ltr'>iqfrequentts</span> <span class='ocrx_word' id='word_1_387' title='bbox 934 4103 1094 4148; x_wconf 83' lang='lat' dir='ltr'>Hernicorum</span> <span class='ocrx_word' id='word_1_388' title='bbox 1121 4100 1189 4160; x_wconf 71' lang='lat' dir='ltr'>tigna</span> 
     </span>
    </p>

    <p class='ocr_par' dir='ltr' id='par_1_10' title="bbox 128 4161 1188 4230">
     <span class='ocr_line' id='line_1_47' title="bbox 128 4161 1188 4230; baseline -0.004 -19"><span class='ocrx_word' id='word_1_389' title='bbox 128 4165 226 4224; x_wconf 73' lang='lat' dir='ltr'>quanti,</span> <span class='ocrx_word' id='word_1_390' title='bbox 243 4179 317 4227; x_wconf 85' lang='lat' dir='ltr'>quam</span> <span class='ocrx_word' id='word_1_391' title='bbox 336 4165 377 4212; x_wconf 86' lang='lat' dir='ltr'>lile</span> <span class='ocrx_word' id='word_1_392' title='bbox 394 4167 419 4213; x_wconf 89' lang='lat' dir='ltr'>ln</span> <span class='ocrx_word' id='word_1_393' title='bbox 438 4172 578 4214; x_wconf 78' lang='lat' dir='ltr'>contentum</span> <span class='ocrx_word' id='word_1_394' title='bbox 598 4169 643 4213; x_wconf 81' lang='lat' dir='ltr'>im·</span> <span class='ocrx_word' id='word_1_395' title='bbox 674 4173 789 4228; x_wconf 58' lang='lat' dir='ltr'>mamam</span> <span class='ocrx_word' id='word_1_396' title='bbox 809 4171 887 4212; x_wconf 71' lang='lat' dir='ltr'>taxat.</span> <span class='ocrx_word' id='word_1_397' title='bbox 921 4165 1002 4230; x_wconf 75' lang='lat' dir='ltr'>Signia</span> <span class='ocrx_word' id='word_1_398' title='bbox 1024 4171 1074 4212; x_wconf 86' lang='lat' dir='ltr'>erat</span> <span class='ocrx_word' id='word_1_399' title='bbox 1095 4161 1188 4210; x_wconf 67' lang='lat' dir='ltr'>calculi</span> 
     </span>
    </p>

    <p class='ocr_par' dir='ltr' id='par_1_11' title="bbox 129 4227 1189 4356">
     <span class='ocr_line' id='line_1_48' title="bbox 129 4227 1189 4292; baseline -0.002 -17"><span class='ocrx_word' id='word_1_400' title='bbox 129 4227 202 4275; x_wconf 77' lang='lat' dir='ltr'>mista</span> <span class='ocrx_word' id='word_1_401' title='bbox 384 4277 391 4289; x_wconf 71' lang='grc'><strong><em>,</em></strong></span> <span class='ocrx_word' id='word_1_402' title='bbox 675 4231 793 4287; x_wconf 86' lang='lat' dir='ltr'>Romana,</span> <span class='ocrx_word' id='word_1_403' title='bbox 814 4243 861 4276; x_wconf 87' lang='lat' dir='ltr'>non</span> <span class='ocrx_word' id='word_1_404' title='bbox 883 4233 953 4292; x_wconf 76' lang='lat' dir='ltr'>lunga</span> <span class='ocrx_word' id='word_1_405' title='bbox 974 4231 1005 4278; x_wconf 88' lang='lat' dir='ltr'>ab</span> <span class='ocrx_word' id='word_1_406' title='bbox 1027 4229 1189 4276; x_wconf 80' lang='lat' dir='ltr'>Hernicorum</span> 
     </span>
     <span class='ocr_line' id='line_1_49' title="bbox 161 4290 750 4356; baseline 0.005 -17"><span class='ocrx_word' id='word_1_407' title='bbox 161 4292 192 4340; x_wconf 80' lang='grc'>47</span> <span class='ocrx_word' id='word_1_408' title='bbox 209 4293 293 4356; x_wconf 84' lang='lat' dir='ltr'>Neque</span> <span class='ocrx_word' id='word_1_409' title='bbox 305 4301 352 4341; x_wconf 85' lang='lat' dir='ltr'>turn</span> <span class='ocrx_word' id='word_1_410' title='bbox 366 4295 427 4342; x_wconf 79' lang='lat' dir='ltr'>uires</span> <span class='ocrx_word' id='word_1_411' title='bbox 439 4290 519 4356; x_wconf 81' lang='lat' dir='ltr'>parts]</span> <span class='ocrx_word' id='word_1_412' title='bbox 536 4295 643 4343; x_wconf 84' lang='lat' dir='ltr'>Placeret</span> <span class='ocrx_word' id='word_1_413' title='bbox 675 4297 750 4342; x_wconf 87' lang='lat' dir='ltr'>terris.</span> 
     </span>
    </p>
   </div>
   <div class='ocr_carea' id='block_1_7' title="bbox 131 4358 804 4487">
    <p class='ocr_par' dir='ltr' id='par_1_12' title="bbox 131 4358 804 4487">
     <span class='ocr_line' id='line_1_50' title="bbox 131 4358 804 4487; baseline 0.004 -82"><span class='ocrx_word' id='word_1_414' title='bbox 131 4358 267 4418; x_wconf 66' lang='lat' dir='ltr'>maguum</span> <span class='ocrx_word' id='word_1_415' title='bbox 284 4361 443 4421; x_wconf 61' lang='grc' dir='ltr'>μανίαι,-</span> <span class='ocrx_word' id='word_1_416' title='bbox 461 4359 502 4420; x_wconf 92' lang='lat' dir='ltr'>qui</span> <span class='ocrx_word' id='word_1_417' title='bbox 522 4362 642 4408; x_wconf 80' lang='lat' dir='ltr'>crdoscr·</span> <span class='ocrx_word' id='word_1_418' title='bbox 750 4422 804 4487; x_wconf 56' lang='grc' dir='ltr'><em>Μ</em></span> 
     </span>
     <span class='ocr_line' id='line_1_51' title="bbox 520 4444 735 4487; baseline 0 0"><span class='ocrx_word' id='word_1_419' title='bbox 520 4463 524 4472; x_wconf 80' lang='lat'>=</span> <span class='ocrx_word' id='word_1_420' title='bbox 713 4444 735 4487; x_wconf 86' lang='lat' dir='ltr'>D</span> 
     </span>
    </p>
   </div>
   <div class='ocr_carea' id='block_1_8' title="bbox 0 0 1532 4928">
    <p class='ocr_par' dir='ltr' id='par_1_13' title="bbox 0 0 1532 4928">
     <span class='ocr_line' id='line_1_52' title="bbox 0 0 1532 4928; baseline 0 0"><span class='ocrx_word' id='word_1_421' title='bbox 0 0 1532 4928; x_wconf 95' lang='lat' dir='ltr'> </span> 
     </span>
    </p>
   </div>
  </div>
 </body>
</html>
