3032 4924
341 161 400 270 iss
503 273 505 278 ,
704 199 1020 277 ‘r1u1u1v11-

287 397 290 408 ·
337 369 459 437 Eodem
471 389 556 434 euno
569 366 735 444 ”Setiam
744 367 820 452 ipsis
832 367 1036 453 querentibus
1046 368 1210 453 penuriam
1220 366 1403 444 boninum

336 457 449 522 ”novi
478 454 583 520 coloni
605 453 766 538 adsumpti.
812 453 984 540 Rebusque
1008 453 1095 519 huod
1120 454 1279 540 prosperis
1306 453 1404 531 bello,·

336 541 508 645 domestice
522 540 620 642 quies,
635 561 733 626 quem
754 539 958 642 tribunorum
981 540 1116 642 militum
1131 563 1172 605 ex
1188 541 1279 626 plebe
1299 540 1400 628 grstia

174 741 204 788 u.
216 740 242 787 c.
256 739 313 788 stt.
335 625 1146 800 mllesliililueliigriusehiisoihhliiiiiiihiiinitisiihi
1173 712 1330 778 seditione
1352 713 1399 776 ln-

172 807 203 855 A.
214 807 243 853 ⁰·
255 803 311 852 3⁷&
377 804 423 868 nti
438 822 553 878 arsere,
569 800 704 866 tribunis
720 799 856 864 militum
871 802 1027 864 consulari
1046 813 1199 884 potestate
1215 799 1398 886 Serurio,

172 869 307 982 ἶῗζῗΜ
373 936 381 955 .
400 886 532 955 Servilio
552 886 737 963 secundum,
761 887 796 950 C.
814 886 949 965 Licinio,
969 887 1005 951 P.
1023 887 1149 964 Cloelio,
1175 886 1224 952 M.
1247 885 1399 965 Horatio,

173 1001 228 1046 nu.
337 977 376 1042 L.
393 975 552 1064 Geganio.
598 973 677 1038 hirst
691 985 795 1039 autem
810 987 842 1036 et
856 974 987 1038 materis
1002 987 1034 1038 et
1048 996 1158 1038 cauma
1172 971 1336 1038 seditionis
1357 993 1400 1036 aes

173 1064 308 1142 Seffififflffl
337 1063 495 1128 alienum:
519 1061 608 1147 cujus
629 1059 781 1124 noscendi
807 1060 908 1140 gratis
933 1061 990 1144 Sp.
1016 1060 1166 1125 Servilius
1189 1059 1329 1138 Priscus,
1356 1058 1398 1134 Q.

172 1129 311 1239 ffiffl*
337 1149 469 1216 Cloelius
486 1147 611 1214 Siculus
634 1151 779 1211 censores
802 1145 888 1224 sscti3
905 1167 945 1212 ne
960 1168 1026 1210 rem
1046 1157 1186 1236 agerent,
1211 1145 1295 1210 bello
1309 1147 1399 1230 inpe·

334 1237 505 1301 ditisunt.
528 1255 665 1320 nemque
695 1232 809 1318 trepidi
835 1231 942 1296 nuncii
972 1233 1087 1318 primo,
1114 1233 1187 1318 lugu
1216 1230 1336 1296 deinde
1361 1253 1399 1296 ex

334 1323 419 1410 agiis
433 1321 573 1409 legiones
585 1319 773 1386 Volscorum
786 1318 942 1406 ingressus
958 1319 1045 1396 lines,
1058 1319 1268 1405 popularique
1282 1320 1400 1406 possim

337 1411 520 1474 Romanum
544 1427 666 1508 agrum,
682 1405 835 1470 sdtulere.
888 1404 927 1469 ln
950 1423 1013 1490 qus
1035 1405 1250 1490 trepidatione
1274 1419 1398 1470 tentum

334 1496 425 1576 aluit,
440 1509 476 1560 ut
490 1493 595 1560 civilis
609 1493 781 1557 certamina
794 1504 897 1556 terror
911 1505 1063 1557 externus
1085 1491 1257 1569 cohiberet,
1275 1505 1311 1556 ut
1325 1513 1400 1556 cou-

334 1597 383 1646 tra
411 1605 450 1646 eo
479 1578 650 1644 violentior
677 1593 818 1663 potestas
847 1578 1018 1644 tribunicio
1045 1580 1233 1664 inpediendo
1263 1578 1399 1643 delectui

334 1683 430 1732 esset:
454 1667 556 1732 donec
576 1664 774 1730 conditiones
788 1665 935 1748 inp'ositae
952 1664 1109 1744 Patribus,
1128 1687 1170 1729 ne
1190 1664 1271 1751 quis,
1292 1665 1399 1752 quoad

336 1755 487 1819 bellttum
509 1765 601 1828 esset,
626 1751 779 1816 tributum
800 1749 900 1826 duret,
916 1763 971 1816 aut
991 1753 1045 1838 jus
1066 1749 1108 1816 de
1129 1752 1265 1834 pecunia
1279 1752 1400 1816 credits

333 1842 463 1905 diceret.
510 1837 561 1904 Eo
575 1837 755 1901 laxamento
777 1836 862 1922 plebi
881 1852 996 1913 sumto,
1013 1859 1103 1902 mors
1123 1837 1257 1902 delectui
1272 1859 1338 1901 non
1354 1852 1400 1902 est

335 1926 428 1991 lscts.
475 1925 522 1990 Le
545 1923 670 1988 'onibus
691 1924 781 1986 novis
798 1924 932 2006 scriptis,
947 1923 1075 2010 placuit,
1092 1923 1173 1990 duos
1187 1924 1351 1989 exercitus
1365 1926 1397 1987 in

173 2027 354 2078 Volscorum
378 2033 448 2076 rum
475 1945 626 2076 Volicum
652 2009 829 2096 legionibus
850 2010 959 2074 divisis
984 2010 1069 2075 duci.
1115 2011 1170 2096 Sp.
1196 2011 1323 2089 Furius,
1348 2011 1398 2076 M.

171 2093 318 2154 agriter„-
375 2099 494 2164 oratius
519 2097 701 2162 dextrorsus
730 2096 921 2170 maritimum
949 2119 1037 2184 orem
1063 2113 1158 2184 etque
1183 2097 1331 2175 Antium,
1356 2097 1398 2174 Q.

172 2164 264 2205 tantur.
338 2185 529 2252 Serviliuset
546 2184 585 2250 L.
601 2182 767 2272 Geganius
786 2183 868 2248 lsevs
882 2183 921 2247 ad
939 2197 1061 2248 montes
1079 2183 1226 2248 Ecetram
1249 2199 1398 2271 pergunt.

339 2274 462 2339 Neutra
482 2283 573 2358 perte
593 2270 693 2335 hostis
714 2269 827 2336 obvius
849 2268 917 2334 fuit.
963 2269 1133 2354 Populatib
1153 2269 1259 2356 itaque
1273 2292 1340 2335 non
1355 2270 1399 2334 illi

333 2381 423 2448 vugre
445 2358 565 2436 similis,
581 2379 676 2445 quum
693 2356 828 2421 Volscus
850 2355 1006 2420 latrocinii
1034 2378 1132 2432 more,
1149 2355 1306 2420 discordie
1327 2357 1400 2420 hos-

335 2449 415 2512 tium
432 2445 540 2523 fretus,
556 2459 588 2510 et
601 2446 750 2509 virtutem
777 2456 928 2519 metuens,
946 2463 1001 2526 per
1016 2443 1259 2527 trepidationem
1282 2444 1398 2529 ruptim

334 2537 471 2610 fecerst3
493 2531 548 2597 sed
561 2529 736 2616 ”abjusto
749 2529 891 2594 exercitu
912 2530 998 2615 justu
1019 2529 1067 2592 irs
1088 2528 1179 2606 fecte,
1195 2529 1299 2613 spatio
1320 2551 1400 2617 quo-

334 2637 396 2708 quc
410 2619 562 2705 temporis
576 2618 714 2704 gravior.
759 2615 889 2701 Quippe
903 2639 922 2680 u
934 2613 1066 2692 Volscis,
1083 2615 1280 2694 timentibus,
1297 2637 1338 2680 ne
1351 2617 1399 2680 in·

334 2707 426 2772 terim
451 2706 610 2772 exercitus
633 2703 675 2768 ub
699 2703 804 2767 Rorne
831 2703 942 2779 exiret,
972 2701 1166 2766 incursiones
1194 2703 1226 2766 in
1257 2714 1400 2768 extrema

335 2793 447 2857 finium
469 2791 560 2855 fectae
581 2801 690 2854 erent:
716 2789 863 2854 Romano
888 2800 1000 2853 contre
1018 2789 1111 2853 etiam
1137 2789 1170 2852 in
1192 2787 1317 2854 hostico
1331 2811 1399 2853 mo-

334 2878 426 2944 rendi
441 2899 553 2943 csussn
564 2889 633 2940 eret
641 2883 660 2954 ¹,
676 2885 710 2941 ut
725 2873 847 2939 hostem
862 2873 903 2939 ud
918 2888 1077 2940 certamen
1092 2873 1228 2940 eliceret.
1273 2873 1326 2942 Its
1349 2897 1398 2952 ue,

334 2965 483 3030 omnibus
504 2963 620 3051 passim
643 2961 734 3027 tectis
798 2983 916 3039 rorum,
934 2961 1074 3048 vicisque
1085 2961 1181 3026 etium
1206 2899 1398 3111 puibusdem

335 3053 462 3131 exustis,
478 3073 541 3116 non
558 3049 673 3114 arbore
685 3047 769 3135 frugi
782 3069 844 3126 cru,
860 3049 1023 3114 nonestis
1043 3050 1075 3112 in
1098 3069 1185 3134 spem
1305 3071 1337 3114 m
1352 3071 1399 3114 re·

335 3137 428 3214 lictis,
444 3139 542 3214 omni,
563 3157 635 3223 quae
656 3149 747 3199 extre
769 3136 890 3199 moenis
902 3133 972 3212 fuit,
988 3134 1155 3199 hominum
1175 3071 1398 3223 perndiimque

333 3223 443 3309 preda
453 3225 575 3300 abacta,
594 3222 731 3287 Romam
747 3221 907 3308 utrimque
921 3222 1077 3286 exercitus
1091 3220 1225 3286 reducti.

379 3309 527 3394 XXXII.
553 3309 656 3374 Psrvo
684 3306 852 3373 intervallo
880 3309 920 3382 ed
950 3307 1169 3392 respirandum
1199 3307 1398 3374 debitoribus

333 3397 420 3474 dato,
436 3410 604 3483 postquem
620 3395 735 3497 quietoe
757 3417 808 3459 res
827 3394 869 3459 ub
884 3393 1028 3460 hostibus
1042 3409 1143 3472 erent,
1159 3392 1349 3478 ”celebrari
1363 3398 1399 3460 de

333 3485 458 3574 integro
482 3483 680 3570 jurisdict103
702 3493 734 3546 et
753 3495 878 3547 tentum
904 3481 1013 3545 abesse
1038 3503 1108 3630 spes
1135 3482 1247 3546 veteris
1274 3481 1398 3548 levandi

333 3571 476 3647 lionoris,
491 3583 528 3636 ut
541 3571 662 3636 tributo
675 3588 794 3632 novum
817 3567 919 3632 foeuus
942 3579 1053 3634 contre
1076 3580 1182 3632 eretur
1203 3569 1237 3632 in
1259 3590 1398 3645 murum,

333 3681 352 3723 u
372 3659 555 3724 censoribus
581 3657 720 3721 locatum
744 3675 823 3718 sexo
848 3651 1004 3740 quadrato
1027 3651 1221 3720 faciundum.
1252 3657 1304 3719 cui
1331 3677 1399 3719 suc·

333 3745 482 3811 cumbere
502 3743 592 3810 oneri
612 3753 722 3808 coacte
742 3740 850 3826 plebes
860 3765 870 3822 3
893 3739 978 3828 quis,
994 3761 1088 3828 quem
1102 3739 1260 3809 delectum
1277 3739 1399 3828 inpedi-

703 3899 861 3945 ‘nomm
873 3898 948 3946 Gron.
960 3899 1030 3946 cres.

364 4045 397 4090 30
413 4043 514 4108 satam]
545 4045 600 4090 Hoc
622 4042 720 4105 sigomo
740 4044 849 4090 debetur.
883 4042 978 4091 Velleio
988 4045 1035 4092 sub
1045 4045 1118 4092 tuem
1129 4043 1346 4106 libi-colligitur.

333 4109 414 4154 Antee
423 4109 501 4154 ettam
533 4109 672 4156 Uiusnoeus
682 4109 760 4154 codex
770 4114 851 4155 senet
914 4107 1015 4157 82'Al
1036 4111 1103 4172 justo
1123 4110 1234 4164 emulis,
1255 4111 1326 4172 justu
1348 4107 1398 4170 leel

333 4173 463 4231 vestigium
485 4173 561 4220 literae
584 4173 604 4219 S
624 4180 682 4218 oute
705 4173 787 4231 ιῆιιιιι,
808 4173 851 4220 ssd
883 4173 1269 4233 vm.not.ss.eue.1s.rupn

329 4232 492 4296 junctoecum
505 4232 726 4296 voceproeoedenti.
915 4237 1097 4287 uswetrtmrt
1188 4238 1336 4302 tutotuto]
1353 4241 1399 4286 Jut

364 4298 396 4345 ³1
414 4299 481 4346 Novi
491 4301 851 4365 colosqlsmeocolonlmisd
883 4305 979 4352 assidue
993 4303 1040 4352 diei
1060 4303 1131 4364 coeplt
1150 4303 1181 4350 de
1198 4302 1309 4363 poeuuiis
1324 4301 1401 4352 credi·

333 4364 431 4412 tomum
450 4372 536 4425 quarto
557 4371 614 4413 sut·
636 4379 709 4420 enno.
731 4368 796 4426 quod
819 4379 850 4414 ex
882 4369 923 4416 ur.
997 4407 1001 4422 .
