3034 4916
433 159 605 249 utam.
637 181 739 242 cur.
766 183 856 242 xut.
1099 195 1177 286 ¹su

109 343 217 430 jrrssit.
240 353 381 410 ceterum
397 343 479 412 siout
493 343 613 430 ingenti
625 341 787 410 alacritate
794 343 837 410 sd
849 343 1035 428 praetorium
1044 363 1181 412 concur
1190 369 1219 418 u.
1230 369 1256 418 c.
1266 367 1327 420 stt.

111 442 187 496 surm
203 441 263 507 est,
279 432 324 496 its
338 442 406 516 prce
418 430 559 496 clamore
574 431 770 516 poscendum
782 431 1325 520 pugnamnuttasuhorts-tc-sstt

112 515 163 580 tic
178 517 379 602 imperatoris
395 517 502 586 studita
517 529 574 593 cst.
620 518 706 586 Suus
721 517 836 604 cuique
852 517 983 584 suimus
996 539 1119 584 memor
1132 521 1180 608 ige

114 597 472 668 nomintae‘adhortator
486 604 606 668 aderat.
651 603 784 669 Vadunt
802 605 900 692 igitur
916 605 946 668 in
963 605 1112 690 proelium
1127 619 1181 672 ur,-

112 703 250 772 gueutes
272 689 457 774 signiferos:
475 702 522 765 ret,
539 711 579 756 na
595 705 682 756 mora
697 691 731 754 iu
746 713 902 756 concursu
917 691 989 776 pilis
1003 693 1181 762 emittendis

112 773 372 864 stringendisque
394 768 471 842 inde
490 775 603 865 gladiis
625 789 714 854 esset,
731 777 805 862 pila,
821 778 908 844 velut
922 777 998 846 dtttc
1013 780 1051 846 ad
1069 779 1100 844 id
1117 780 1181 868 sig—

112 883 169 940 no,
185 861 348 948 objiciunt,
365 863 543 950 strictisque
565 861 681 951 gladiis
706 885 800 930 cursu
822 865 855 930 iu
879 863 1002 932 hostem
1025 865 1179 934 seruntur.

115 947 209 1012 Nihil
225 948 289 1017 illic
305 949 518 1035 imperatorias
533 951 609 1018 artis
625 949 791 1018 ordinibus
806 963 860 1016 sut
874 951 1023 1020 subsidiis
1037 951 1180 1021 locandis

113 1031 193 1100 fuit:
218 1037 327 1100 omnia
342 1037 389 1102 ira
404 1035 548 1102 militaris
568 1057 668 1122 prope
690 1057 805 1102 vesano
822 1038 932 1124 inpetu
948 1039 1021 1124 egit.
1068 1039 1181 1126 ltaque

113 1142 182 1188 nou
205 1121 266 1186 fusi
290 1121 386 1186 modo
407 1121 513 1190 hostes
534 1137 623 1200 sunt3
647 1119 712 1200 sed,
728 1123 756 1162 ⁴²
763 1143 804 1188 ne
828 1125 939 1190 cestris
964 1124 1094 1210 quidem
1115 1129 1179 1191 suis

112 1205 224 1295 fugam
248 1209 392 1294 inpedire
413 1211 491 1286 susi,
509 1209 660 1294 Apuliam
684 1211 828 1296 dissipati
849 1212 985 1296 petiere:
1009 1211 1179 1278 Luceriam

112 1307 233 1372 tamen,
250 1308 361 1360 coacto
377 1317 483 1362 rursus
497 1296 530 1360 in
547 1318 644 1362 unum
660 1297 796 1382 agmine,
812 1312 859 1362 est
873 1309 1073 1383 perventum.
1113 1299 1180 1364 Rc·

111 1401 228 1448 monos
244 1382 425 1458 iraeadem,
442 1405 514 1469 quae
528 1404 586 1468 per
606 1384 742 1448 mediam
766 1384 867 1448 aciem
892 1384 1028 1450 bostium
1052 1385 1177 1464 tulerat,

112 1480 145 1533 et
161 1469 193 1532 in
212 1482 316 1532 castra
339 1468 478 1552 pertulit
501 1469 545 1534 ibi
569 1469 651 1554 plus,
679 1491 773 1555 quem
798 1471 832 1536 in
856 1471 933 1549 acie,
956 1473 1120 1560 sanguinis
1142 1494 1179 1538 ac

113 1554 213 1621 cedis
229 1553 357 1630 sactum,
373 1555 555 1642 proedaeque
578 1574 651 1642 pars
672 1557 773 1642 major
795 1558 842 1622 ira
864 1570 1031 1642 conrupta.
1077 1559 1179 1624 Exer-

111 1641 201 1706 citus
214 1639 294 1704 altor
308 1663 381 1706 cum
398 1641 530 1727 Pspirio
552 1643 681 1708 consule
704 1643 782 1708 loeis
804 1645 971 1711 maritimis
993 1658 1180 1728 pervenerat

109 1731 222 1812 Arpos
238 1749 296 1880 per
311 1725 419 1794 omnia
433 1743 554 1812 pacate,
573 1729 762 1794 Samnitium
785 1751 817 1794 m
863 1732 888 1796 's
910 1732 1032 1816 injuriis
1044 1743 1077 1797 ,et
1093 1731 1178 1809 odio,

112 1827 213 1900 quam
262 1815 394 1882 eneticio
419 1816 486 1880 ullo
510 1815 621 1900 populi
646 1816 797 1881 Romani.
875 1839 925 1883 am
952 1818 1118 1896 Samnites,
1142 1843 1180 1884 ea

112 1914 304 1984 tempestate
330 1901 360 1964 in
387 1901 551 1968 montibus
575 1902 701 1968 vicatim
729 1899 920 1983 habitantes,
936 1905 1127 1990 campestria
1143 1917 1181 1970 et

112 1988 279 2055 maritima
295 1991 373 2064 loos,
388 2001 549 2054 contemto
563 1988 721 2054 cultorum
744 1989 890 2056 molliore
904 2004 1008 2077 utque,
1025 2005 1061 2056 ut
1075 1993 1180 2056 evenit

112 2073 192 2152 fere,
209 2073 307 2140 locist
320 2073 415 2139 simili
429 2097 554 2162 geuere,
572 2075 632 2159 ipsi
655 2075 798 2140 montani
815 2090 911 2162 atquo
925 2089 1065 2164 agrestes
1080 2077 1179 2165 dspo-

112 2159 320 2246 pulsbantur.
344 2183 417 2246 quae
432 2163 521 2248 regio
534 2162 559 2228 si
574 2162 638 2226 fida
654 2161 849 2228 Sumuitibus
864 2161 984 2239 fuisset,
998 2179 1054 2228 sut
1068 2186 1179 2248 perre-

110 2247 186 2314 nire
210 2247 316 2333 Arpos
340 2248 498 2312 exercitus
522 2247 688 2314 Romanus
714 2248 884 2334 nequisset,
899 2248 993 2316 ”aut
1014 2251 1179 2336 interjecta

113 2335 201 2400 iuter
217 2334 356 2400 Romam
371 2347 403 2399 et
419 2335 535 2419 Arpos,
551 2335 684 2418 penuria
703 2355 811 2398 rerum
833 2335 987 2416 omnium,
1002 2334 1180 2403 exclmoss

110 2420 345 2488 commeatibus
366 2421 578 2490 absumsisset
623 2420 742 2488 ⁴⁴Tum
766 2443 896 2508 quoque
919 2420 1078 2501 profectos
1105 2423 1179 2489 iude

113 2507 156 2572 ad
174 2507 355 2583 Luceriam,
373 2508 467 2593 Juxta
488 2507 665 2574 obsidentes
687 2506 902 2594 obsessosque,
919 2507 1028 2593 iuopia
1042 2509 1299 2592 vexavitraptrtus

111 2595 225 2662 omnia
250 2593 293 2660 ab
316 2595 413 2677 Arpis
430 2594 584 2658 Romanis
605 2593 908 2679 subpeditsbsntur3
939 2608 1079 2661 ceterum
1097 2596 1341 2662 ,dmonstrata-

110 2681 242 2768 ,exigua
258 2695 294 2746 ut
315 2681 421 2760 militi,
437 2695 591 2766 occupato
614 2680 802 2746 stationibus
825 2681 1002 2768 vigiliisque
1023 2695 1177 2768 stupere,

113 2789 211 2854 eques
234 2767 380 2832 folliculis
404 2768 437 2834 in
461 2782 564 2834 castra
577 2767 618 2832 ab
634 2769 730 2854 Arpis
750 2765 945 2834 frumentum
962 2767 1106 2850 veheret3
1129 2769 1179 2834 in·

112 2853 243 2920 tertium
268 2853 406 2920 obcursu
431 2853 568 2923 hostium
590 2867 766 2942 cogeretur,
790 2853 913 2940 abjecto
935 2878 976 2920 ex
1001 2877 1084 2942 equo
1112 2855 1179 2924 iru-

111 2953 236 3018 mento,
252 2963 406 3030 pugnare.
422 2940 447 2980 ¹⁵
458 2941 613 3008 obsessisq
627 2941 726 3026 prius,
742 2937 838 3028 qu'am
854 2941 933 3008 alter
954 2942 1064 3008 consul
1079 2945 1179 3018 ricto-

111 3050 150 3094 se
164 3029 310 3094 exercitu
325 3027 463 3106 aduenit,
479 3041 511 3094 et
533 3041 727 3096 commestus
749 3051 789 3094 ex
809 3028 970 3094 montibus
986 3030 1179 3096 Samnitium

113 3115 232 3181 insecti
246 3127 349 3194 erant,
363 3129 395 3182 et
410 3105 527 3180 auxiliis
546 3116 739 3180 intromissa.
781 3117 910 3181 Artiors
932 3117 1040 3182 omnia
1062 3115 1179 3182 adren-
1238 3169 1242 3176 .

114 3217 168 3268 tus
186 3200 317 3266 Publilii
331 3199 422 3278 facim
444 3202 510 3287 qui,
527 3201 694 3267 obsidione
708 3201 851 3289 delegata
865 3202 898 3268 in
913 3225 1021 3268 curam
1034 3203 1176 3293 collegae,
1239 3215 1243 3222 '

109 3309 232 3362 ,rscuus
246 3307 303 3372 per
316 3309 411 3376 agros
425 3301 541 3354 cuncta
553 3287 668 3354 infesta
687 3289 917 3356 commeatibus
938 3289 1080 3357 hostium
1095 3289 1178 3358 iece-

311 3459 378 3508 Plosi
389 3461 464 3508 Grcn.
477 3461 548 3510 cres.
758 3463 804 3506 tet
814 3459 906 3508 dccc
916 3460 984 3508 uad

146 3641 179 3689 tr
196 3639 239 3688 Nc
257 3643 339 3690 metris
358 3641 449 3704 quidm
471 3643 531 3706 mis]
549 3642 589 3690 Ns
604 3643 630 3690 io
664 3642 757 3696 uerius.

112 3712 195 3754 costra
212 3707 311 3765 quidem
332 3721 378 3756 sua
394 3709 449 3754 sust
470 3721 496 3755 se
515 3709 630 3768 recipere,
696 3705 751 3752 tt·
764 3706 826 3752 Tum
845 3704 942 3770 quoquc]
961 3707 1043 3766 Atque
1059 3707 1133 3754 etism
1149 3709 1180 3756 lt·

113 3780 145 3818 ne
155 3770 216 3830 ibgs
226 3771 345 3818 difficilior
357 3771 430 3820 tieret.
663 3775 711 3826 cet,
723 3776 752 3817 ut
765 3771 839 3817 modo
858 3770 976 3829 diximus,
987 3771 1053 3829 regio
1072 3769 1115 3816 illtt
1132 3773 1180 3818 fida

146 3833 180 3881 43
195 3834 247 3881 Aut
264 3836 395 3899 mmm]
415 3837 516 3899 supple,
534 3837 577 3883 ttts
594 3846 630 3882 re·
663 3847 712 3882 non
728 3841 794 3883 esset
811 3835 970 3892 Samnitibus,
981 3837 1023 3883 sed
1034 3837 1120 3895 pacata
1131 3835 1181 3882 llo·

108 3900 170 3964 glor
187 3900 387 3960 quasiinimies
402 3903 520 3950 Romanis
535 3903 631 3959 tuimet,
663 3901 750 3948 munis·
786 3941 788 3951 ,

112 3959 240 4025 interjecta
258 3966 322 4014 inter
340 3967 444 4016 Romam
460 3974 485 4016 et
495 3969 582 4027 Arpos,
592 3967 630 4012 tn-
695 3964 727 4012 ts
743 3965 778 4012 m
798 3963 903 4028 mmsis]
931 3965 988 4020 Duo
1016 3966 1085 4012 codd.
1114 3978 1179 4014 unus

110 4029 255 4089 teroepisset
287 4039 448 4090 commeatus,
480 4033 522 4093 qul
552 4031 634 4078 Roma·
663 4027 796 4088 Groucuio,
813 4029 874 4076 alter
884 4029 953 4076 nobb
963 4030 1095 4091 Inspectus,
1107 4030 1180 4077 omit·

112 4094 217 4141 subvehi
243 4095 394 4154 potuissentt
419 4110 447 4143 te
469 4097 569 4156 proinde
588 4097 630 4142 ttb-
663 4100 720 4142 tunt
735 4095 879 4154 partictrlsm
890 4097 930 4140 etr
947 4109 1004 4157 quse
1014 4108 1098 4142 resera
1110 4096 1179 4142 obest

112 4158 258 4218 mpsisset
280 4157 418 4208 Romanum
438 4162 572 4208 exercitum
588 4173 630 4220 pe-
662 4159 744 4220 potius
755 4172 831 4220 quam
838 4155 919 4221 jurat.
950 4161 1084 4222 Postquam
1095 4161 1126 4206 de
1136 4161 1180 4206 ob·

109 4223 561 4272 mmmmomntumhucmtera
580 4224 629 4272 lto-
661 4223 796 4272 ddeutibm
814 4225 911 4272 mutus
929 4231 966 4272 cst
981 4223 1073 4281 ttrtu,
1091 4225 1178 4272 tandt

107 4301 160 4348 que
176 4288 508 4348 ninimecptstestmutsre
523 4289 629 4352 adrump-
662 4289 821 4338 stom

111 4349 178 4399 eom
189 4353 215 4398 in
225 4347 409 4415 damnarat,
425 4355 491 4415 quod
506 4355 630 4404 vulturu-
