3056 4928
414 183 507 242 ΗΒ.
527 181 597 244 v11.
628 182 729 244 CAl'.
751 183 868 243 xxix.
1109 193 1166 257 ⁴29

107 359 195 412 uum
212 345 366 433 'equiturn
382 345 443 412 Cn.
460 345 619 412 Manlium
647 345 862 433 Capitolinum
888 343 976 414 dixit.
998 357 1032 412 et
1055 361 1309 450 quambene
1365 376 1378 409 ,ν

112 433 213 520 (quod
229 456 288 520 per
305 455 436 522 magnos
457 433 609 498 turnultus
631 431 699 498 fieri
720 432 846 498 solitum
872 435 952 514 erat)
972 435 1095 521 justitio
1117 427 1308 500 ἰιι-ΗΜ

111 519 211 596 dicto,
233 521 373 584 delectus
386 519 490 584 ⁵⁸sine
510 519 721 604 vacationibus
746 519 874 586 babitus
895 533 992 596 eseet;
1016 519 1163 607 legiones,

110 621 267 690 quantum
282 607 435 672 maturari
457 606 571 691 potuit,
594 605 627 668 iu
648 608 818 670 Auruncos
843 605 969 671 ductoe.
983 606 1026 670 ibi
1042 608 1283 692 praedo-Aurunci

112 713 189 756 num
216 714 248 756 m
293 693 326 769 's,
352 715 445 780 quarn
472 691 619 768 hostium,
640 692 735 756 animi
759 693 886 756 inventi.
934 693 1039 761 Prima
1061 685 1238 780 itaquell‘ffi

110 779 177 843 acie
185 778 268 844 debe
312 793 379 842 turn
395 779 472 844 est'.
516 778 664 843 Dictator
684 793 801 859 tamen,
816 781 891 863 quia
904 781 937 842 et
950 779 1034 844 ultro
1049 779 1166 846 bellum

109 865 298 943 intulerant,
321 877 353 928 et
378 865 444 930 aine
468 865 692 930 detrectatione
717 887 750 928 se
778 866 940 930 certamini
968 865 1166 946 obserebaut,

110 951 256 1016 Deorum
272 970 399 1037 quoque
413 973 489 1036 opes
503 950 696 1016 adhibendas
707 965 804 1028 ratus,
821 955 902 1016 inter
921 952 1018 1036 ipsam
1035 951 1165 1018 dimica·

109 1037 229 1102 tionem
257 1037 358 1102 aedem
379 1037 532 1102 ³⁹lunoni
555 1037 697 1102 Monetoe
719 1037 820 1100 vovit:
855 1037 1303 1123 cujus.⁴⁰damnatusrunoste-

108 1125 173 1188 voti
190 1145 290 1209 quum
308 1125 408 1188 victor
431 1124 565 1188 Romam
581 1124 768 1205 revertisset,
782 1123 937 1188 dictatura
951 1146 983 1188 se
997 1124 1237 1190 abdicavitnew

112 1209 248 1276 Senatus
271 1209 455 1274 duumviros
469 1209 508 1274 ad
523 1232 592 1274 eam
614 1210 715 1274 aedem
740 1231 798 1294 pro
824 1209 1033 1294 amplitudine
1055 1213 1165 1295 populi

111 1295 252 1362 Romani
275 1294 449 1361 faciendam
474 1299 575 1361 creari
595 1296 697 1381 jussit.
725 1296 811 1360 locus
832 1295 865 1360 in
887 1317 959 1360 arce
980 1295 1164 1376 destinatus,

110 1403 182 1532 quta
208 1405 285 1448 area
310 1383 427 1448 tedium
451 1382 501 1448 M.
518 1381 633 1448 Manlii
649 1381 697 1446 Ca
719 1379 821 1445 italini
846 1379 956 1448 fuerat.
1001 1383 1163 1462 Consules,

134 1469 427 1534 ictatorisexercitu
449 1468 491 1533 ad
513 1467 629 1532 bellum
645 1467 693 1532 Vc
739 1487 792 1534 um
809 1467 868 1546 usi,
884 1469 995 1534 Soram
1012 1492 1050 1534 ex
1065 1468 1164 1534 hosti·
1223 1533 1225 1538 ,

111 1553 177 1633 bus,
195 1557 340 1620 incautos
355 1555 469 1632 adorti,
485 1567 645 1640 ceperunt.
684 1556 780 1618 Anno
794 1566 875 1639 post,
891 1577 986 1641 quarn
1002 1568 1164 1634 notuerat,

110 1641 192 1706 tedes
205 1641 352 1706 Monetae
366 1641 540 1720 dedicatur,
553 1641 591 1706 C.
605 1639 730 1706 Marcio
747 1640 857 1705 Rutilo
868 1641 1004 1718 tertium,
1015 1641 1056 1706 Τ.
1069 1641 1165 1706 Man·
1174 1653 1203 1702 tt.
1216 1655 1245 1701 c.
1252 1654 1309 1705 411.

110 1727 152 1792 lio
171 1728 344 1814 Torquato
365 1729 535 1794 secuudum
563 1726 752 1793 consulibus.
797 1727 981 1812 Prodigium
1002 1719 1309 1814 extemplo“⁰·³⁴.¹·

110 1813 341 1880 dedicationem
364 1827 514 1890 secutum,
531 1814 554 1852 ⁴¹
564 1814 665 1878 simile
684 1827 805 1878 vetusto
827 1813 944 1878 montis
959 1812 1075 1879 Albani
1090 1837 1164 1900 pro-
1174 1785 1305 1897 fi'ffif'fm

110 1899 206 1988 digia.
230 1921 370 1987 namque
392 1915 423 1966 et
443 1901 600 1987 lapidibus
618 1898 709 1985 pluit,
730 1913 763 1964 et
786 1922 850 1964 nox
873 1901 1008 1965 interdiu
1030 1903 1095 1966 visa
1116 1903 1163 1966 in·
1174 1912 1308 1963 Mmttott.

109 1987 210 2054 teudi:
235 1988 389 2072 librisque
403 1987 558 2072 inspectis,
574 2007 671 2073 quum
687 1985 781 2075 plena
796 1985 946 2072 religione
956 1987 1065 2052 ciuitas
1074 2003 1163 2068 esset,
1173 1978 1240 2028 ⁰⁰⁰·

105 2077 228 2139 'senatui
244 2073 375 2160 placuit,
391 2073 576 2139 dictatorem
591 2071 739 2136 feriarum
755 2073 1042 2138 constituendarum
1057 2097 1165 2140 cauma

112 2159 182 2224 dici.
218 2161 337 2226 Dictus
353 2159 390 2224 Ρ.
408 2159 551 2224 Valerius
569 2157 742 2223 Publicola.
758 2158 904 2246 magister
918 2160 1059 2244 equiturn
1076 2159 1163 2236 etQ.

115 2245 227 2326 Fabius
243 2246 419 2312 Ambustus
440 2245 531 2310 datus
553 2258 609 2309 est.
655 2243 730 2308 Non
745 2243 846 2308 tribus
861 2257 984 2310 tantum
1007 2246 1164 2331 supplica·

113 2345 177 2397 tum
198 2335 245 2398 ire
272 2332 402 2417 placuit,
418 2332 471 2395 sed
493 2330 644 2394 finitimos
666 2329 760 2394 etiam
784 2329 934 2415 populos3
961 2330 1102 2416 ordoque
1116 2332 1163 2409 iis,

113 2440 173 2506 quo
197 2419 333 2507 quisque
356 2417 407 2483 die
431 2417 653 2503 supplicarent.
680 2429 822 2480 statutus.
866 2414 992 2480 Judicia
1014 2437 1053 2481 eo
1081 2439 1165 2482 anno

113 2507 218 2590 populi
235 2505 339 2570 tristia
358 2505 391 2570 in
413 2503 614 2570 foeneratores
630 2499 721 2578 lacta,
737 2501 852 2588 quibus
867 2501 907 2566 ab
921 2501 1067 2568 aedilibus
1081 2502 1166 2568 dicta

113 2589 175 2656 dies
188 2605 282 2667 essct,
299 2590 478 2656 traduntur.
521 2589 564 2654 Et
578 2611 637 2666 res,
653 2586 739 2652 baud
760 2586 824 2652 ulla
847 2588 963 2675 insigni
985 2588 1026 2654 ad
1047 2609 1165 2654 memo-

8 2673 9 2706 *
113 2677 188 2744 riam
205 2700 328 2754 caussa,
344 2677 382 2742 ad
398 2679 612 2764 interregnum
628 2675 730 2746 rediit.
776 2673 827 2738 Ex
842 2673 1033 2760 interregno,
1049 2673 1119 2740 ⁴²ut
1133 2675 1165 2740 id

113 2780 213 2828 actum
230 2763 332 2829 rideri
354 2776 469 2848 posset,
483 2765 577 2826 ambo
598 2761 723 2845 patricii
744 2759 885 2826 consuler
900 2760 997 2825 creati
1012 2772 1096 2840 sunt,
1114 2760 1165 2828 M.
1175 2779 1204 2826 tt.
1217 2781 1311 2830 csta.

115 2849 256 2916 Valerius
274 2851 398 2916 Corvus
413 2849 549 2925 tertium,
566 2850 606 2911 A.
624 2846 792 2912 Cornelius
807 2847 929 2910 Cossus.
1175 2846 1309 2894 &084⁰-

156 2936 291 3002 XXIX.
315 2934 442 3020 Majora
460 2936 527 3034 jam
550 2933 625 2998 binc
649 2932 740 3010 bella,
764 2951 796 2997 et
820 2932 938 2996 viribus
962 2932 1111 3002 hostiurn.
1134 2948 1165 2999 et
1175 2911 1333 3025 {ffifffl}

115 3019 344 3110 longinquitate
365 3021 411 3086 rel
436 3041 610 3108 regionum,
626 3021 674 3084 vel
695 3034 872 3103 temporum
889 3017 1034 3107 “apatiq
1050 3021 1311 3105 quibuenettocosr.

416 3149 420 3161 ’
503 3157 778 3206 hermamonem.

143 3295 263 3344 svam
273 3294 438 3357 mationibus]
456 3293 625 3342 Nullebebite
657 3292 742 3338 AEdem
765 3293 867 3350 Junoni,
887 3306 941 3354 ques
963 3291 1064 3338 Moneta
1085 3297 1168 3351 poetae

115 3359 203 3406 ratione
223 3360 392 3416 ramtionurnr
409 3359 497 3406 coactis
515 3359 545 3404 ad
562 3357 625 3402 rnili-
657 3356 775 3416 appellate
786 3365 832 3410 est.
844 3357 917 3404 vovit.

116 3423 171 3470 tietn
187 3428 262 3472 etium
279 3424 308 3469 iia
326 3423 405 3484 quiin
422 3423 523 3469 assuetis
539 3427 563 3467 et
580 3422 625 3466 rni-
688 3420 720 3466 40
730 3421 861 3466 Damnatus
877 3419 936 3483 uait]
953 3417 1010 3464 Viri.
1024 3425 1073 3470 not.
1085 3417 1125 3465 93.
1136 3419 1167 3464 ed

117 3489 178 3533 noris
194 3489 295 3550 periculi
312 3488 381 3533 bellis
393 3487 543 3534 vacationem
562 3487 625 3531 mili·
657 3483 691 3532 V.
701 3485 741 3532 25.
1084 3513 1087 3522 .

115 3551 292 3600 lioebabebant.
687 3545 1167 3608 statutt....oerarr0prodtgto]v1d.

146 3614 177 3663 39
200 3617 292 3665 Junoni
322 3614 437 3680 Moneta]
464 3615 584 3676 Scriptum
608 3629 623 3660 a
656 3611 727 3659 l.81.
888 3605 891 3616 ¹

116 3679 192 3728 natrtr
209 3687 252 3734 ert.
271 3682 349 3740 lnquit
367 3681 416 3727 cic.
428 3682 442 3726 i.
456 3680 475 3726 l.
487 3681 517 3726 dc
529 3679 585 3724 Dia.
597 3693 622 3726 n.
687 3675 739 3724 42·
752 3677 784 3724 Ul
795 3677 825 3722 ,ta
840 3680 917 3722 actam
935 3675 1008 3721 uideri
1021 3674 1111 3737 meret]
1129 3673 1177 3720 lta*

118 3743 169 3791 tat.
179 3761 249 3806 quarn
261 3749 330 3790 terre
344 3749 419 3792 araim
425 3743 507 3806 sactae
519 3747 584 3796 caret,
598 3747 625 3789 at
656 3747 685 3787 ut
695 3742 719 3787 td
731 3741 843 3794 voluisse,
860 3741 884 3786 id
899 3747 1018 3800 spectasse
1034 3739 1116 3784 Putre·
1132 3739 1167 3784 vi·
1263 3789 1270 3800 ,

116 3821 153 3854 rac
167 3811 235 3870 plena
250 3811 385 3870 procuratio
401 3811 479 3870 steret,
499 3821 574 3854 mecm
595 3811 624 3853 ab
656 3807 707 3852 deri
727 3812 838 3864 piarem:
859 3817 946 3863 nempe
965 3803 1030 3862 quad
1048 3801 1167 3860 sequitur,
1232 3819 1236 3824 ·

116 3871 160 3918 ade
172 3875 275 3921 Jerrorrie
285 3887 314 3919 cr
323 3887 376 3920 arra
390 3875 518 3920 certisime
535 3872 623 3932 qaorir·
657 3875 683 3914 ut
692 3869 763 3915 ambo
774 3869 868 3928 patricii
875 3867 984 3914 consules
996 3867 1086 3911 tierent.

9 3921 13 3930 ⁸
116 3947 141 3981 ω
157 3937 274 3986 lunonem
296 3937 360 3982 illurn
382 3936 519 3998 appellatam
540 3935 624 3982 Mons·
688 3933 721 3980 ta
736 3931 830 3994 Spatia]
856 3931 929 3978 Recte
948 3932 1056 3977 observet
1076 3929 1168 3974 Grono-

116 4003 177 4049 ieerr
193 4015 280 4062 nempe
299 4014 315 4046 a
331 4003 458 4048 monendo.
491 4001 560 4047 Unde
575 4001 624 4046 col-
657 3998 710 4044 riue
732 4009 816 4044 rocem
838 3997 905 4042 illem
928 3996 1071 4050 redundare,
1089 4005 1167 4053 quurn

116 4063 247 4126 liqipateet
263 4066 340 4112 dem
355 4073 411 4112 ente
428 4065 571 4112 edificatum
584 4065 624 4110 fu·
655 4061 812 4122 longinquitas
841 4067 866 4108 et
894 4059 1032 4120 aagtnqasr
1057 4067 1113 4106 tam
1136 4057 1167 4104 de

116 4127 169 4186 isse,
180 4144 254 4191 quam
271 4127 340 4176 luno
351 4127 458 4176 Monetae
478 4129 576 4175 nomine
587 4129 623 4174 in·
656 4134 773 4186 tempore,
784 4138 858 4185 quam
869 4123 962 4170 deloco
977 4122 1093 4168 dicantur.
1128 4121 1166 4167 Sic

117 4193 259 4253 tignireturr
280 4193 381 4254 haecque
400 4195 471 4240 verbe
490 4193 560 4239 redens
578 4193 625 4239 Ju-
656 4191 674 4238 l.
687 4190 706 4236 l.
718 4203 738 4238 c.
750 4187 790 4235 sl.
802 4188 925 4250 longinquo
940 4187 1016 4234 morio
1032 4187 1166 4247 impl-'eitar-

117 4259 169 4302 noni
180 4259 283 4306 Moneta·
293 4259 364 4312 vovit,
379 4259 462 4304 eodem
474 4257 547 4304 modo
563 4256 625 4303 ecci·
658 4255 690 4302 Et
702 4254 734 4300 V.
748 4252 819 4302 ll.et
831 4252 868 4300 ts
879 4251 1034 4312 longinquitas
1044 4251 1102 4298 tritt.

117 4321 200 4378 piende
219 4337 279 4378 esse.
295 4337 323 4370 ec
343 4322 363 4368 si
378 4323 510 4383 scripsisset
524 4319 623 4372 Liritur
