3008 4908
421 201 513 260 mu.
535 199 586 259 rv.
613 198 716 259 cnr.
736 199 854 261 xxm.
1071 169 1076 179 ’
1111 207 1169 263 2⁵³

115 363 200 428 ”Aa
216 362 390 428 Servilium
411 365 521 450 placet,
544 366 594 430 cui
617 363 727 429 Prisco
750 365 814 445 elii,
838 365 892 430 alii
921 365 1050 431 Structo
1072 366 1302 436 tuissencsso

115 471 289 538 cognomen
316 450 457 516 tradunt.
502 451 674 540 Virginius,
699 451 775 518 dum
802 452 956 554 collegam
982 455 1167 532 consuleret,
1176 452 1311 564 affigim-

9 577 10 584 .
112 549 261 617 muretus,
277 537 480 622 permittente
495 559 542 615 eo,
559 537 650 601 nocte
664 537 849 602 dictatorem
866 541 956 603 dixit.
987 539 1013 602 is
1028 537 1087 604 sibi
1102 561 1168 604 mn·
1176 582 1286 629 uelatur.

111 623 243 708 gistrum
260 625 408 708 equitum
428 623 609 688 Postumum
627 623 796 688 AEbutium
813 623 925 688 Eiram
940 625 1025 690 dicit.

153 708 274 774 XXII.
300 710 449 774 Dictator
467 732 575 774 omnes
595 709 665 774 luce
685 711 786 795 primo
811 727 904 775 extra
925 725 1047 795 portem
1071 711 1170 776 colli-

9 877 10 882 *
112 817 180 858 narn
195 796 309 860 edesse
323 796 423 880 jubet.
446 797 695 886 quibuscumque
717 799 798 860 vires
822 797 1030 882 subpetebant
1055 796 1096 861 sd
1117 821 1170 862 or-

110 903 159 945 me
177 879 323 956 serendo,
345 897 464 966 praesto
481 881 585 946 fuere:
608 884 699 970 signe
720 901 760 946 ex
786 885 901 948 aersrio
924 883 1169 968 promteserun·

111 968 212 1032 turod
237 969 438 1032 dictatorem.
482 967 566 1044 Qure
595 989 692 1054 quum
717 984 894 1054 egerentur,
913 972 1016 1034 hostes
1039 970 1072 1033 in
1099 969 1169 1035 locu

108 1053 217 1119 altiora
244 1075 442 1118 concessere.
472 1076 510 1118 eo
532 1054 668 1120 dictator
693 1059 817 1142 agmine
842 1056 957 1120 infesto
985 1055 1087 1120 subit:
1110 1079 1169 1122 nec

108 1141 214 1223 procul
246 1140 433 1204 Nomentol
452 1141 548 1226 signis
573 1141 717 1218 conlatis,
741 1139 824 1206 fudit
847 1141 996 1207 Etruscas
1019 1143 1168 1229 legiones.

109 1226 260 1310 compulit
291 1227 367 1290 inde
396 1227 428 1288 in
466 1225 574 1291 urbem
607 1227 749 1303 Fidenas,
777 1226 921 1312 valloque
949 1227 1329 1294 circumdedititioenuou·

110 1312 168 1377 sed
183 1335 293 1398 neque
308 1312 401 1376 scolis
426 1313 497 1396 cepi
521 1328 645 1398 poteret
667 1312 741 1377 urbs
763 1311 827 1376 elta
851 1327 882 1377 et
906 1315 1044 1391 munita3
1066 1316 1276 1401 nequel‘ussml·

107 1398 138 1461 iu
152 1399 325 1464 obsidione
340 1399 386 1462 vis
410 1397 473 1463 ulle
486 1413 563 1475 eret,
585 1400 658 1485 quie
681 1400 872 1464 frumentum
900 1421 964 1463 uon
990 1402 1169 1488 necessitati

108 1485 200 1549 modo
225 1486 319 1565 sotis,
345 1485 399 1550 sed
425 1485 526 1570 copiae
551 1507 686 1571 quoque,
710 1483 837 1548 ebunde
859 1507 899 1550 ex
923 1499 996 1550 nutu
1017 1501 1170 1552 convecto

109 1571 307 1638 subficiebot.
353 1571 413 1648 Ito,
436 1571 643 1658 expugnandi
664 1571 785 1655 puriter
809 1573 1004 1659 cogendique
1026 1572 1066 1638 etl
1082 1573 1170 1638 dedi·

107 1658 219 1722 tionem
253 1671 313 1744 sp'e
341 1660 464 1734 amissa,
488 1658 622 1722 dictator
651 1659 682 1720 in
712 1654 799 1734 locis,
826 1671 955 1743 propter
982 1659 1170 1746 propinqui-

9 1801 10 1818 ,
106 1757 194 1808 tetem
217 1747 321 1821 notis,
341 1745 382 1808 sb
405 1766 512 1808 averso
534 1757 623 1828 perte
652 1743 739 1808 urbis
765 1744 902 1807 mstme
926 1745 1078 1833 neglecte,
1094 1746 1170 1833 quie

9 1823 10 1840 ¹
105 1848 211 1917 suapte
227 1844 347 1896 netum
357 1831 511 1894 tutissime
522 1843 598 1907 eret,
613 1846 707 1918 ogere
722 1830 754 1894 iu
768 1851 872 1895 urcem
888 1830 1069 1896 cuniculum
1081 1831 1170 1898 insti-

106 1917 171 1982 tuit.
199 1919 286 2004 ipse‚
303 1915 521 1981 diversissimis
545 1917 621 1981 locis
646 1916 810 1981 subeundo
832 1917 872 1980 ed
896 1917 1018 1982 moenie
1063 1919 1168 1983 usdri-

106 2002 214 2070 lorium
239 2004 347 2068 diviso
370 2008 522 2083 exercitu,
545 2003 598 2088 qui
621 2002 674 2067 elii
698 2001 767 2067 eliis
794 2003 997 2068 succederent
1086 2026 1167 2093 pug-

9 2091 10 2128 Τ
105 2111 185 2170 uum,
200 2089 387 2155 continenti
401 2091 451 2154 die
465 2111 503 2154 sc
516 2102 609 2153 nocte
627 2089 740 2174 proelio
763 2089 804 2152 eb
828 2112 920 2154 sensu
939 2091 1043 2174 operis
1064 2089 1168 2156 hostes
1177 2110 1296 2158 cuniculo

9 2187 10 2212 ¹
107 2179 286 2242 evertebat:
309 2174 421 2251 donec,
438 2174 577 2260 perfosso
591 2198 611 2240 e
624 2176 732 2240 cestris
749 2191 866 2252 monte,
882 2189 987 2240 erecta
1008 2177 1040 2238 in
1063 2191 1166 2242 urcem
1176 2175 1246 2236 capit.

9 2281 10 2300 ¹
107 2263 238 2340 vieest3
263 2261 489 2348 1’intentisque
511 2261 652 2326 Etruscis
680 2261 721 2325 od
744 2283 840 2324 venas
865 2285 884 2325 e
910 2275 998 2326 certo
1026 2264 1168 2346 periculo

108 2349 218 2426 miuus
232 2349 351 2414 clamor
366 2369 462 2432 supra
481 2369 518 2412 ce
542 2365 577 2412 ut
599 2346 721 2410 hostilis
742 2359 864 2432 captum
888 2347 998 2411 urbem
1020 2349 1167 2412 ostendit.

110 2433 154 2500 Eo
177 2457 273 2502 enno
299 2434 337 2500 C.
362 2435 476 2499 Furius
502 2371 627 2499 Meteilus
652 2447 684 2496 et
713 2431 762 2497 Μ.
795 2434 846 2497 Ge
869 2434 959 2496 anius
986 2432 1168 2498 Macerinus

9 2517 10 2528 ’
107 2543 255 2587 censores
277 2519 420 2586 ”villam
448 2520 607 2606 publicem
633 2519 667 2582 in
696 2539 808 2604 cumpo
879 2518 960 2582 ertio
982 2519 1168 2606 “probave-

105 2625 198 2674 runt:
223 2609 331 2694 ibique
344 2609 481 2693 primum
498 2627 607 2672 census
621 2604 731 2691 populi
745 2619 791 2669 est
805 2618 901 2671 octus.

9 2695 10 2724 ³
144 2694 283 2760 XXIII.
308 2693 445 2758 Eosdem
471 2693 612 2758 consules
635 2693 811 2778 insequenti
835 2715 919 2756 enno
942 2691 1085 2771 refectos,
1108 2693 1313 2767 Ju·1J.c.ss·1.

9 2815 10 2820 κ
107 2779 183 2846 lium
209 2782 349 2858 tertium,
367 2781 545 2868 virginium
571 2780 698 2856 iterum,
723 2779 807 2864 apud
836 2779 984 2844 Moerum
1008 2781 1313 2844 Licinium-oeu-

107 2868 243 2932 inreuio.
289 2867 435 2932 Valerius
455 2868 565 2931 Antius
587 2879 618 2930 et
640 2864 719 2941 ¹³Q.
734 2863 866 2930 Tubero
888 2865 938 2931 M.
956 2865 1113 2931 Manlium
1136 2847 1330 2960 “ibiibbu-
1436 2847 1437 2852 ἵ

110 2953 148 3030 Q.
166 2952 347 3038 Sulpicium
370 2955 513 3018 consules
535 2954 567 3016 in
595 2973 666 3016 eum
693 2973 811 3016 sunum
833 2953 942 3019 edunt.
971 2967 1109 3017 ceterum
1134 2955 1166 3017 io
1174 2977 1242 3038 grato
1253 2977 1289 3024 11.

108 3052 172 3104 tum
186 3040 402 3124 discrepantei
422 3039 560 3105 editione
574 3052 606 3103 et
620 3037 748 3102 Tubero
763 3051 794 3102 et
810 3038 922 3103 Macer
944 3038 1040 3103 libros
1054 3037 1168 3105 linteos
1176 3041 1241 3088 0⁰⁸⁸

109 3138 254 3192 suctores
278 3125 485 3210 profitentur:
508 3139 629 3201 neuter,
649 3123 795 3190 tribunos
817 3124 951 3189 militum
968 3137 1007 3190 eo·
1021 3149 1105 3190 anno
1119 3126 1168 3191 lu·

110 3213 177 3288 isse,
203 3213 357 3278 traditum
383 3235 402 3276 e
424 3212 629 3298 scriptoribus
653 3211 789 3296 antiquis
815 3211 1000 3276 dissimulet.
1046 3213 1170 3278 Licinio

109 3297 205 3364 libros
220 3297 307 3364 baud
323 3299 418 3364 dubie
431 3299 518 3384 sequi
533 3299 644 3362 linteos
663 3297 782 3382 placet:
806 3297 871 3362 ¹⁶et
886 3297 1017 3362 Tubero
1032 3298 1172 3392 incertus

172 3421 230 3477 to.
242 3423 313 3468 cres.
428 3419 569 3468 tunimo
579 3421 652 3468 Gron.
774 3411 933 3481 ¹discrcpnntr'
949 3421 1023 3468 Gron.
1034 3422 1104 3469 Creu.

144 3537 171 3584 ll
191 3533 221 3590 Q.
237 3533 378 3597 Mallium]
395 3533 473 3596 Vulgo
494 3533 525 3579 A.
545 3533 626 3579 Sens-
657 3533 1169 3593 recteetexordinet‘actsmesseprouun-

112 3599 177 3650 lions.
204 3599 319 3662 Sigonius
348 3599 444 3646 monuit
477 3599 624 3644 mutandum
657 3600 789 3648 cieverunt.

111 3677 160 3712 esse
179 3677 333 3726 prenomen,
353 3677 382 3710 ex
401 3661 527 3724 ceppstd.
550 3667 574 3709 et
584 3660 624 3708 ld.
691 3663 721 3710 15
740 3663 768 3720 Q.
791 3660 891 3724 Tubero]
919 3663 992 3710 Hunc
1029 3663 1170 3723 scrIptorem

110 3729 214 3787 tuimet
227 3729 468 3788 Posdscopitolinis.
518 3735 520 3743 '
657 3729 740 3775 leudst
762 3727 902 3788 Dionysius,
924 3740 1006 3774 versus
1024 3727 1095 3774 tinem
1115 3727 1171 3774 libri

143 3794 324 3844 I2'lntentr's.
338 3823 344 3836 .
356 3792 423 3840 ..od
443 3805 514 3839 conas
531 3806 547 3838 a
565 3795 626 3838 certo
657 3793 740 3852 primi,
753 3799 869 3852 tunquam
888 3793 950 3839 nerle
971 3791 1061 3852 ingenti
1078 3791 1169 3850 virum,

9 3883 10 3908 r
109 3859 209 3918 periculo
226 3857 626 3920 mitar11nteutisedvsnesmi-
657 3863 682 3903 et
700 3857 724 3902 iu
742 3855 842 3904 historie
860 3856 1008 3918 dulgentem.
1040 3855 1101 3909 Quae
1117 3856 1170 3904 leu-
1274 3849 1277 3861 '

112 3937 161 3978 ms
172 3926 203 3974 de
218 3923 327 3984 pedride
348 3929 414 3968 certo
433 3935 480 3968 uon
499 3921 625 3982 cogitanti-
658 3921 699 3967 des
716 3923 807 3982 optime
829 3923 948 3980 quadrent
969 3921 994 3967 iu
1017 3919 1170 3968 Tuberonem

112 3988 162 4036 bist.
657 3985 738 4040 iilum,
749 4000 798 4046 quo
809 3993 936 4032 accusante
948 3983 1073 4044 Ligarium
1088 3983 1171 4030 Cicero

143 4053 174 4102 13
194 4053 280 4100 viuum
314 4051 444 4114 putreant]
472 4049 565 4100 vinem
600 4050 625 4096 ln
657 4049 774 4106 defendit,
786 4065 801 4096 rt
811 4063 860 4110 quo
875 4055 901 4096 et
916 4049 1022 4096 hIsturite
1039 4049 1171 4096 soribeudae

113 4129 195 4178 ampo
207 4117 300 4166 Mettio
316 4117 348 4162 sd
364 4116 470 4176 publicos
485 4131 554 4174 usuc
566 4121 625 4175 pute
657 4115 740 4160 dotem
751 4126 850 4175 operam
861 4126 914 4160 esse
931 4115 994 4160 idem
1008 4113 1091 4159 cicero
1101 4113 1172 4160 docet

114 4183 263 4243 excipiendos
274 4182 375 4240 legatos,
387 4194 485 4232 censum
501 4182 625 4246 agendum
658 4179 685 4226 in
694 4178 786 4289 {glegp
792 4177 914 4288 {isidoti
926 4177 1160 4288 tueturque{pes'ptollpar

316 4277 324 4292 ο
894 4274 902 4289 ο
913 4274 920 4289 ι
930 4271 957 4287 o·
1026 4257 1035 4287 Ι
1160 4266 1171 4276 ·

115 4248 366 4372 dqffqgats'qrnm]
381 4309 443 4356 Eum
458 4309 628 4361 edificandum
660 4307 762 4354 ticulum
772 4311 794 4354 et
805 4257 870 4354 sibiet
876 4307 1000 4353 Muretus:
1014 4241 1172 4369 sircdbrutut

116 4373 264 4424 burnonis
295 4373 435 4422 edificem
460 4376 628 4433 producentur,
662 4373 736 4420 iusti.
770 4372 1005 4432 Elegmterstvere.
