3056 4928
462 211 563 274 urs.
590 213 644 274 rx.
670 211 771 274 cir.
797 211 850 272 ιν.
1094 261 1098 276 ,
1133 215 1221 286 sor,

129 383 237 456 spreta
245 375 403 441 sententis
411 389 468 455 est,
481 376 669 466 iterumque,
680 377 790 444 eodem
802 385 963 442 remeante
973 375 1102 453 nuncio,
1112 395 1189 439 eon·
1199 395 1227 442 u.
1238 395 1265 443 a
1278 391 1335 446 sss.

128 457 300 550 colebatur,
317 463 449 542 censuit,
466 463 621 530 adunam
633 487 743 530 ornnes
758 461 1002 529 interficiendos.
1038 461 1122 539 Quae
1135 460 1227 527 ubisL
1239 455 1267 512 0·
1277 461 1334 510 ³1⁹·

129 559 194 608 tam
215 545 375 612 discordia
398 550 480 616 inter
502 573 544 628 se,
560 551 644 617 velut
669 575 709 617 ex
731 551 861 635 ancipiti
882 548 1023 627 oraculo,
1040 567 1190 635 responsa

127 631 204 696 deta
229 645 321 711 sunt3
343 657 534 724 quamquam
558 637 642 704 filius
666 639 790 723 ipsein
816 636 927 722 primis
949 636 1017 723 jem
1046 637 1189 702 animum

128 737 257 804 quoque
291 722 391 806 putris
422 725 622 790 consenuisse
654 726 688 790 in
720 723 844 790 adiecto
872 739 1007 807 corpore
1039 723 1191 801 rebatur;

128 815 234 868 tomen
249 825 403 873 consensu
423 811 570 876 omnium
588 813 689 877 victus
709 826 768 889 est,
783 822 819 877 ut
839 811 942 896 ipsum
965 809 998 874 in
1021 807 1189 874 consilium

127 891 256 960 auctr-et
302 893 371 959 Nec
385 910 533 984 paratus
546 919 642 962 senex
658 896 802 983 plaustro
823 899 855 961 in
878 909 981 960 castre
1002 896 1117 962 dicitur
1131 897 1189 961 ad·

128 993 245 1057 rectus,
267 995 458 1069 vocatusque
479 983 513 1048 iu
535 984 700 1049 consilium
722 985 769 1049 ita
788 982 886 1048 ferme
907 981 1031 1048 iocutsu
1051 1003 1129 1060 csse,
1152 995 1188 1049 ut

128 1062 208 1128 nihil
237 1069 403 1133 sententies
431 1089 497 1134 suae
526 1084 680 1150 muteret3
712 1091 836 1135 caussas
864 1083 987 1135 tanturn
1018 1067 1185 1154 adjicerets

126 1151 243 1215 Priore
252 1173 285 1216 se
293 1156 430 1234 consriio,
446 1159 679 1242 quotoptimum
690 1159 820 1234 duceret
833 1177 896 1221 cum
906 1158 1119 1240 potmtissimo
1127 1177 1188 1239 po·

119 1239 380 1325 pteioperingens
387 1241 882 1328 hemericiumperpetuamflrmare
888 1263 993 1325 pacem
1002 1244 1187 1307 amicitiam-

127 1344 204 1406 quer
227 1327 326 1416 altero
340 1331 469 1393 consilia
490 1331 524 1393 in
545 1333 656 1394 multas
675 1339 792 1406 etates,
808 1329 924 1414 picibus,
939 1330 1060 1393 amisus
1073 1329 1188 1395 duone

126 1411 316 1488 exercitibus,
332 1415 523 1499 Mudfaciie
535 1425 694 1500 receptura
709 1417 790 1480 uires
803 1417 947 1479 Βοπιαηα
960 1435 1010 1478 res
1020 1425 1108 1495 esset,
1123 1417 1190 1480 bel·

125 1497 186 1558 hau
215 1499 364 1585 differre.-
385 1505 507 1566 tertium
530 1503 644 1566 nudum
668 1504 825 1568 consilium
849 1523 920 1567 esse.
965 1500 1081 1576 Quum·
1101 1499 1185 1566 iilius

125 1581 242 1668 aliique
256 1583 415 1670 principes
426 1588 662 1674 percunctando
672 1603 930 1673 exsequerentur,
951 1587 1037 1662 Quid
1043 1589 1074 1652 si
1083 1589 1186 1652 media

123 1669 177 1732 oia
192 1673 317 1735 consilii
336 1685 513 1756 caperetur,-
535 1685 569 1738 ut
584 1686 613 1738 et
628 1676 854 1740 dimitterentur
868 1675 1038 1750 incolumes,
1053 1684 1084 1739 et
1105 1677 1186 1760 leges

59 1783 62 1792 ·
124 1755 246 1840 iisjrue
256 1757 428 1824 bellimons
438 1759 679 1844 imponerentur?
693 1763 755 1824 ista
766 1762 884 1845 quidem
895 1762 1058 1840 sententia,
1069 1759 1182 1846 inquit,

124 1863 162 1904 ea
176 1851 231 1921 est,
247 1865 421 1930 maeque
430 1849 542 1912 amicos
550 1858 660 1931 porat,
675 1869 771 1932 neque
781 1849 920 1912 inimicos
930 1848 1021 1910 tollit.
1057 1848 1186 1912 Servate

123 1931 223 2008 modo,
239 1951 313 2014 quos
326 1934 497 2016 ignominia
511 1935 724 1999 irritaveritis.
747 1955 784 1997 ea
802 1943 847 1998 est
860 1934 1004 1998 Romana
1014 1953 1100 2017 gens,
1116 1955 1186 2018 qua

122 2017 205 2079 uicta
227 2020 380 2102 quiescere
401 2023 528 2086 ancien
570 2020 659 2085 Vivet
679 2041 798 2103 semper
812 2022 847 2082 in
856 2019 1030 2102 pectoribus
1049 2021 1183 2102 illorum,

123 2103 275 2186 quidquid
296 2106 373 2169 s'stuc
391 2127 530 2188 marnis
550 2109 710 2170 necessitas
731 2107 896 2178 inusserit,-
924 2125 1019 2190 neque
1039 2126 1090 2169 eos
1110 2118 1185 2171 ante

123 2189 306 2272 multiplices
313 2213 426 2274 peenas
439 2195 591 2276 capnitas
603 2215 624 2255 a
639 2191 723 2256 uobis
736 2193 887 2276 quiescere
900 2191 989 2254 anet.

168 2275 228 2340 lV.
265 2277 390 2342 Neutra
417 2279 573 2344 sententie
601 2292 740 2362 acceptu
789 2275 971 2342 Herennius
1003 2276 1135 2343 domum
1165 2303 1183 2345 e

121 2361 234 2428 castris
257 2375 304 2428 est
327 2376 463 2430 avectus.
507 2363 550 2428 Et
573 2364 605 2428 in
630 2363 739 2429 cestris
770 2363 924 2428 Romanis
949 2385 1046 2448 quum
1066 2363 1184 2430 frustra

121 2448 214 2512 multi
229 2464 360 2515 conatus
374 2451 415 2516 ad
429 2450 658 2536 erumpendum
674 2451 758 2534 capti
774 2461 888 2527 essent,
904 2461 935 2514 et
953 2449 1021 2534 jam
1036 2457 1180 2516 omniurn
1217 2501 1222 2512 .

120 2555 228 2600 rerum
256 2537 364 2624 inopia
387 2553 484 2614 esset;
510 2537 584 2604 victi
609 2537 792 2602 necessitate
815 2535 935 2624 legatos
959 2535 1099 2614 mittunt,
1126 2537 1182 2625 qui

120 2622 261 2706 primurn
275 2645 384 2708 pacem
401 2647 428 2689 re
452 2645 524 2688 uam
539 2636 698 2710 peterent:
722 2622 748 2686 si
768 2643 878 2707 pacem
894 2643 957 2687 non
974 2622 1181 2706 inpetissent,

120 2708 167 2771 uti
178 2724 388 2793 provocarent
457 2731 610 2800 pugnarn.
655 2709 740 2775 Tuus
760 2708 902 2786 Pontius,
914 2707 1094 2774 debellatum
1108 2726 1293 2790 essetque

119 2795 304 2880 respondit:
327 2807 369 2878 et,
382 2801 524 2882 quoniam
540 2819 578 2861 me
591 2798 668 2862 oicti
680 2798 799 2882 qrudem
814 2817 851 2859 ac
864 2797 952 2879 capti
947 2796 1115 2882 fortunam
1116 2797 1180 2883 so·
1190 2791 1336 2907 iffiffl·

118 2883 182 2945 teri
193 2885 317 2962 scirent,
334 2885 462 2948 inermes
474 2905 539 2948 mm
552 2884 683 2969 singulis
695 2884 878 2948 uestimentis
891 2881 1058 2968 subjugum
1072 2867 1233 2972 missu-{⁸1³4

118 2989 207 3032 rum:
229 2971 313 3034 aiios
325 2973 513 3036 conditiones
528 2972 619 3054 pacis
639 2991 742 3054 aprus
756 2971 846 3034 uictis
859 2990 896 3032 ac
910 2969 1073 3035 victorimus
1080 2971 1178 3056 fore,-

118 3057 168 3118 si‘¹
189 3077 267 3139 agro
288 3058 470 3122 Samnitium
491 3058 693 3133 decederetur,
715 3057 843 3120 coiorriae
863 3055 1092 3134 abducmruur,
1118 3059 1182 3124 suis

119 3143 231 3205 deinde
247 3143 362 3226 iegibus
377 3143 546 3207 &manum
561 3165 599 3206 ac
612 3143 777 3208 Samnitem
791 3142 1006 3226 aquofadere
1020 3145 1179 3210 victumne.

119 3229 188 3291 His
197 3229 422 3294 conditionibus
427 3239 689 3312 paratumseesse
688 3228 1052 3312 foedrucumconmiibus
1052 3231 1180 3316 ferire.-

118 3315 148 3378 si
161 3317 239 3398 quid
261 3337 362 3379 eonem
375 3316 547 3398 displiceat,
563 3317 681 3398 legatos
700 3315 805 3377 redire
825 3316 869 3377 ad
888 3335 920 3377 se
940 3317 1046 3380 uetuit.
1092 3316 1180 3382 Huec

117 3421 219 3485 quum
233 3399 351 3487 legatio
364 3402 615 3476 renunciaretur,
629 3412 736 3464 tantus
754 3398 891 3486 gemitus
911 3400 1053 3464 omnium
1074 3401 1180 3469 subito

118 3499 248 3552 exortus
263 3501 321 3564 est,
337 3501 488 3574 tantoque
507 3485 657 3551 moestitia
677 3485 814 3566 incessit,
830 3497 865 3550 ut
886 3507 950 3551 non
973 3487 1103 3573 gravius
1127 3505 1201 3554 ao·'

117 3573 243 3657 cepturi
258 3573 451 3651 viderentur,
467 3573 493 3638 si
508 3573 722 3648 nunciaretur,
736 3569 885 3636 omnibus
899 3593 938 3636 eo
952 3571 1025 3637 loeo
1044 3587 1179 3640 mortem

117 3659 333 3746 obpetendam
356 3681 433 3724 esse.
478 3658 587 3736 Quum
603 3659 659 3724 diu
673 3657 833 3722 silentium
855 3653 975 3736 fuisset,
991 3680 1051 3724 nec
1064 3682 1179 3726 consu·

117 3748 164 3810 les
184 3759 242 3810 aut
260 3767 321 3830 pro
341 3743 460 3812 foedere
475 3759 539 3810 tarn
557 3745 651 3830 turpi,
668 3755 725 3808 aut
737 3756 850 3807 contra
864 3741 967 3808 ioedus
982 3759 1045 3808 tem
1071 3767 1180 3812 necee

117 3830 237 3896 serium
252 3831 372 3900 hiscere
387 3845 530 3918 possent3
554 3845 621 3896 tum
638 3831 678 3898 L.
694 3829 861 3906 Lentulus,
878 3830 1015 3915 quitum
1032 3832 1295 3918 princepsraemuto

117 3917 297 4006 legatorum
318 3919 549 4006 uirtutemque
569 3916 743 3982 honoribus
764 3917 988 3996 erat,·Patrem
1010 3939 1114 3996 meum
1130 3920 1313 3983 in.suaueuu.

117 4005 200 4092 quit,
215 4007 358 4082 consules,
373 4025 453 4088 sape
467 4005 576 4069 audivi
589 4013 810 4080 memorantem,
825 4025 857 4066 se
871 4003 905 4066 in
918 4003 1076 4086 Capitolio
1089 4027 1180 4071 unum

116 4092 290 4176 consuisse
304 4101 454 4154 aratorem
464 4093 587 4155 senaim
597 4091 782 4155 redimenda
791 4109 870 4152 auro
881 4111 901 4152 a
915 4087 1022 4155 Gallis
1031 4093 1179 4172 ciuitatis,

118 4179 242 4262 quando
257 4177 405 4262 necstrssc
420 4179 559 4261 miioque
573 4177 612 4240 ab
627 4176 824 4262 ignauissimo
835 4177 879 4238 ad
891 4197 985 4258 opera
997 4199 1035 4240 ac
1045 4181 1181 4244 munien-

116 4265 187 4328 dum
198 4263 387 4330 hasteriensi
395 4273 508 4336 esent,-
525 4273 555 4327 et
565 4285 721 4347 erumpere
730 4263 760 4328 si
770 4283 831 4327 nan
839 4263 906 4330 sine
910 4263 1051 4346 periculo
1058 4287 1180 4352 magno,

509 4382 522 4420 θ
537 4385 615 4431 ridel.
627 4387 702 4432 Gran.
716 4389 785 4434 Cres.

595 4468 618 4511 x
635 4448 654 4510 k
672 4459 690 4514 8
