2978 4918
414 229 464 289 LI
473 229 505 287 B.
528 227 567 288 11.
598 228 698 288 CAP.
722 227 838 288 XXXI.
1096 239 1151 292 115

100 387 193 456 Tutius
217 391 338 456 visum
363 402 422 466 est,
437 389 572 456 defendi
588 391 722 456 inermes
739 391 886 470 Latinos,
898 414 991 480 quam
1013 396 1081 480 pati
1102 415 1189 462 re-U.
1201 416 1292 465 csso

100 487 216 543 tractare
229 499 346 543 arma.
393 477 542 542 Vetusius
558 477 666 542 consul
681 477 791 543 missus
806 494 863 545 est.
885 479 911 544 is
924 478 996 544 finis
1018 480 1226 568 popula-120·
1237 481 1293 532 ⁴⁹²·

98 564 216 654 tionibus
257 565 338 630 tuit.
401 563 533 628 Cessere
564 563 662 650 AEqui
696 566 834 650 campis:
870 566 1003 652 locoque
1039 570 1147 657 magis,

98 672 174 736 quam
202 653 323 730 armis,
349 650 432 726 iretI,
458 651 587 714 summis
612 673 645 714 se
664 652 750 739 jugis
775 653 930 716 montium
956 654 1148 720 tutabantur.

99 737 173 802 Alter
193 737 329 815 consul,
345 738 381 800 in
396 734 524 801 Volscos
545 735 713 821 profectus,
730 759 770 801 ne
791 751 822 804 et
843 739 910 823 ipse
932 752 1045 804 tereret
1065 755 1252 816 tem-nutum

98 845 152 908 pus,
164 824 337 889 vastandis
354 822 491 886 maxime
504 823 588 912 agris
608 822 731 888 bostem
745 823 785 890 sd
807 824 997 891 conferenda
1018 829 1213 913 propiusw,m
1221 835 1279 882 vn·
1341 835 1343 846 ⁴

99 925 184 976 cestra
211 909 503 995 dimicandumque
530 910 596 972 acie
624 909 747 974 excivit.
793 909 904 975 Medio
934 912 1018 977 inter
1046 910 1210 980 cestram*

98 1019 211 1084 campo,
239 1011 321 1062 ante
346 1017 439 1059 suum
464 995 595 1080 quisque
620 994 750 1076 vallum,
768 996 886 1062 infestis
911 999 1008 1086 signis
1031 1001 1148 1065 consti·

97 1097 160 1148 tere
189 1081 406 1149 multitudine
433 1079 626 1167 aliquantum
656 1081 764 1146 Volsci
791 1083 992 1167 superabant.
1036 1085 1148 1174 Itaque

96 1169 173 1236 effusi
208 1183 243 1236 et
277 1166 465 1234 contemtim
498 1189 638 1256 pugnam
675 1167 782 1232 iniere.
828 1168 949 1234 Consul
983 1171 1148 1238 Romanus

96 1279 144 1321 nec
166 1259 332 1342 promovit
357 1254 467 1329 aciem,
494 1275 553 1316 nee
580 1254 748 1318 clamorem
775 1254 865 1319 reddi
894 1277 1012 1339 passus,
1036 1257 1148 1324 defixis

95 1343 158 1427 pilis
178 1357 265 1408 stare
285 1365 361 1406 suos
378 1339 489 1426 jussit:
514 1339 568 1404 ubi
589 1339 630 1405 sd
653 1361 780 1404 manum
801 1343 933 1407 venisset
953 1340 1062 1418 bostis,
1078 1357 1147 1408 tum

93 1445 211 1494 coortos
226 1443 298 1493 tots
312 1429 344 1490 vi
357 1425 472 1514 gladiis
485 1447 551 1490 rem
567 1447 685 1512 gerere.
723 1425 840 1502 Volsci,
856 1449 949 1492 cursu
966 1440 998 1492 et
1011 1428 1149 1496 clamore

27 1580 28 1597 χ
92 1515 168 1594 fessi,
185 1537 288 1601 quum
306 1537 340 1578 se
361 1512 447 1577 velut
465 1511 660 1597 stupentibus
680 1524 765 1576 metu
787 1513 966 1578 intulissent
982 1513 1147 1595 Romanis,

26 1608 28 1643 ³
90 1617 255 1688 postquam
277 1598 505 1684 inpressionem
529 1621 652 1663 sensere
670 1621 710 1662 ex
729 1597 861 1663 adverso
881 1599 1006 1678 factam,
1021 1614 1053 1666 et
1074 1617 1149 1668 ante

91 1687 195 1752 oculos
220 1688 340 1752 micare
360 1685 492 1774 gladios,
509 1683 594 1748 haud
615 1706 712 1760 secus,
727 1706 822 1771 quam
837 1687 863 1750 si
877 1686 909 1750 in
927 1686 1054 1752 insidias
1068 1689 1147 1753 inci·

88 1773 213 1850 dissent,
230 1772 351 1838 turbati
367 1783 494 1834 vertunt
508 1783 615 1854 terga3
637 1783 669 1834 et
690 1791 730 1834 ne
743 1769 784 1835 ad
805 1769 912 1860 fugem
928 1773 1055 1859 quidem
1071 1777 1146 1841 satis

89 1861 201 1924 virium
217 1859 291 1936 fuit,
306 1859 383 1946 quia
396 1879 490 1921 cursu
504 1857 537 1920 in
553 1855 703 1941 proelium
718 1856 829 1922 ierant.
871 1859 1009 1924 Romani
1024 1877 1146 1943 contra,

108 1949 159 2011 oia
175 1946 335 2032 principio
360 1965 476 2029 pugnes
498 1942 595 2029 quieti
618 1953 777 2020 steterant,
794 1945 933 2032 vigentes
947 1947 1146 2030 corporibus,

132 2033 176 2098 ile
197 2032 308 2117 adepti
332 2029 442 2104 fessos,
470 2041 502 2093 ct
525 2042 627 2093 castra
651 2029 760 2113 inpetu
785 2043 946 2115 ceperunt,
971 2045 1011 2109 et,
1034 2035 1146 2098 castris

84 2133 218 2184 exutum
249 2118 372 2182 bostem
404 2115 538 2180 Velitras
569 2115 735 2199 persecuti,
764 2138 829 2180 nno
857 2119 984 2200 agmine
1012 2119 1147 2186 victores

85 2227 156 2270 cum
175 2205 265 2270 victis
280 2204 312 2267 in
329 2203 441 2268 urbem
464 2202 621 2286 inrupere.
643 2201 669 2240 ω
678 2201 812 2287 plusque
827 2201 870 2266 ibi
884 2204 1057 2285 sanguinis,
1072 2229 1147 2292 pro·

84 2292 206 2356 miscus
227 2290 371 2355 omnium
394 2309 546 2374 generum
561 2286 658 2364 crede,
674 2308 768 2373 quem
791 2289 824 2352 in
844 2290 915 2372 ipsa
932 2289 1145 2370 dimicatione,

82 2375 216 2443 fartum.
239 2375 349 2463 paucis
368 2375 443 2439 data
459 2373 559 2454 venis,
573 2375 625 2461 qui
648 2374 782 2437 inermes
796 2374 829 2437 in
843 2371 1037 2440 deditionem
1052 2400 1145 2442 vene·

82 2479 270 2614 rmXXXI.
293 2549 383 2613 Dum
400 2545 469 2610 haec
484 2547 515 2610 in
532 2545 654 2610 Volscis
668 2556 832 2626 geruntur,
845 2544 980 2610 dictator
996 2545 1141 2624 Sabinos,
1152 2569 1246 2618 senum

81 2723 207 2787 castris.
252 2719 406 2807 Equitstu
423 2719 552 2782 inmisso
567 2718 702 2783 mediam
720 2717 899 2783 turbaverat
943 2719 1059 2784 ostium
1107 2711 1196 2783 a·¹¹¹'·

82 2809 175 2886 ciem,
188 2831 263 2896 qua,
276 2805 354 2871 duur
369 2829 403 2870 se
413 2827 533 2870 cornus
542 2805 635 2869 latius
649 2804 803 2891 pandunt,
816 2827 925 2889 parum
937 2819 1011 2890 apte
1027 2804 1143 2870 intror-

80 2917 152 2958 sum
168 2893 336 2960 ordinibus
349 2892 449 2956 aciem
462 2890 672 2955 firmaverant.
686 2890 829 2955 turbatos
843 2889 938 2976 pedes
954 2892 1074 2956 invasit.
1090 2915 1144 2957 eo·

80 2979 156 3044 dem
167 2982 280 3068 inpetu
291 2991 395 3044 cestra
405 2991 508 3064 capta,
519 2975 772 3062 debellatumque
782 2989 838 3041 est
862 2977 939 3042 Post
948 2987 1089 3078 pugnarn
1102 2980 1144 3045 sd

82 3065 249 3170 Regillum
265 3065 368 3130 lacum
385 3085 451 3129 non
464 3063 525 3164 alia
538 3062 599 3163 illis
610 3063 700 3126 annis
713 3085 821 3151 pugna
830 3062 945 3163 clarior
957 3063 1027 3129 furt.
1042 3063 1142 3132 dicta·

79 3147 1142 3334 llSllfftlttt‘lthtl'illtdlltllllltttlll}

80 3321 153 3392 loco
167 3325 288 3392 curulis
308 3324 423 3412 posita.
467 3321 588 3386 Volscis
625 3319 730 3385 evictis
745 3318 924 3385 Velrternus
937 3345 1014 3409 ager
1035 3322 1141 3388 adem-

80 3423 152 3476 tus:
175 3411 318 3478 Velitras
326 3408 439 3560 lcoloni
452 3409 494 3473 ab
506 3406 584 3472 urbe
598 3407 682 3470 missi
696 3419 728 3471 et
742 3405 865 3506 colonia
877 3406 1024 3559 degusta.
1057 3408 1141 3558 Culm

173 3500 182 3515 '
339 3497 347 3511 ”
437 3507 471 3558 to
572 3505 707 3558 atumes
744 3504 845 3557 rnvrto
882 3495 913 3558 ui
937 3517 987 3560 em
1002 3515 1130 3558 consue

81 3495 582 3670 {Euppsoffipigpgusznbeuffi
598 3590 664 3643 erat
679 3503 839 3643 sdbmtes
848 3517 930 3645 :qsed
944 3580 1068 3658 milites,
1084 3539 1142 3644 ex:

81 3669 165 3736 trabi
178 3691 247 3738 rem
269 3669 487 3748 criminantes,
502 3677 538 3730 ut
553 3665 699 3743 dictator,
714 3665 900 3752 priusquam
921 3667 981 3752 ipsi
1003 3667 1143 3732 redirent

81 2637 138 2699 abi
153 2637 252 2724 longe
267 2634 441 2716 plurimum
452 2631 526 2697 belli
537 2629 648 2708 luerat,
664 2631 807 2707 ell'undit,
818 2630 906 2720 lugat
930 2655 978 2710 ue,
991 2632 1207 2762 exuitpuersm
1219 2637 1286 2684 sesr-

113 3852 597 3917 thu.0.mgutntu...sactsm]
629 3853 797 3899 mundns
830 3852 1141 3914 Atqueidleniussdeu·

85 3915 138 3969 Pu
146 3925 272 3986 agrena
282 3925 382 3974 rusum,
394 3917 450 3978 pbr·
465 3916 538 3965 cedis
547 3917 598 3963 lac-
630 3929 668 3962 res
678 3916 774 3975 accidit,
784 3929 859 3977 quam
871 3917 1004 3978 vulgatum.

84 3989 229 4038 tenuvia.
258 3990 325 4038 infra
354 3989 408 4030 not.
432 3983 463 4029 ad
485 3980 598 4028 XXXV.
663 3979 800 4035 ldAcr'ern,
819 3984 1139 4041 quo...purumepte...

83 4047 108 4097 ³1
629 4044 700 4106 odem
718 4043 884 4106 firmassem]
917 4045 991 4091 Recte
1018 4046 1084 4091 hunc
1105 4046 1141 4092 lo·

105 4117 137 4166 σο
149 4119 244 4168 pm
261 4117 393 4183 fugatque
418 4111 525 4170 aaron
549 4123 599 4155 cur·
629 4100 686 4155 dun
718 4109 846 4154 emendare
872 4108 967 4156 ridetur
995 4109 1144 4156 Gronovius·

74 4183 125 4248 trra]
146 4185 264 4248 ΜΨ
284 4178 378 4241 ,aripti
398 4189 447 4223 non
465 4180 599 4236 sgnoecunt
629 4171 800 4232 Anas-qm
874 4185 961 4231 mm
980 4177 1033 4234 apte
1053 4174 1142 4220 nrm-

70 4251 211 4306 procurem
228 4265 275 4316 que
292 4252 359 4295 ante
374 4240 468 4288 mena.
499 4237 597 4286 nnus
628 4235 971 4298 mordlslburflnmvemt.

68 4317 160 4378 mh,
172 4315 304 4382 qmodo
316 4306 404 4358 voluit
420 4301 564 4358 Gronovius,
575 4307 597 4350 ct
701 4369 721 4426 ²
