3032 4924
454 242 550 302 LIB.
572 243 606 300 V.
633 244 736 304 CAP.
755 245 854 304 xvn.
1131 255 1189 318 309

165 405 284 471 XVII.
310 405 428 489 lugens
453 407 526 472 inde
551 407 660 472 baberi
687 411 829 493 captivus
843 421 929 473 tates
950 421 1082 494 coeptns,
1098 429 1223 477 eum-tt.
1237 433 1333 484 uass.

124 513 186 579 que
212 492 368 556 adbibere
394 492 509 557 tribuni
533 495 670 559 miiitum
693 495 860 561 Cornelius
888 495 1131 584 Postumiusque
1146 497 1222 562 ,da
1237 497 1334 546 0³94·

122 580 265 666 prodigii
298 579 415 643 Albani
452 583 703 665 procurationem
738 605 773 646 ac
804 583 890 646 Deos
919 583 978 646 rite
1014 583 1185 668 placandos

124 687 261 750 coepere·
309 665 541 753 lnecatumque
562 667 691 732 taudem
713 682 770 746 est,
787 669 840 734 ubi
863 669 1021 755 neglectas
1043 693 1184 734 ceremo-

123 755 192 816 nias
208 753 466 816 interrnissutnve
491 753 640 818 sollemne
659 755 714 818 Dii
738 769 924 844 arguereut3
947 755 1028 819 nibil
1042 757 1184 842 proiecto

123 839 210 902 aliud
238 861 316 916 esse,
339 859 433 924 quam
460 841 671 926 magistratus,
688 841 765 906 vitio
787 853 917 918 creatos,
941 841 1105 907 “Latinas
1135 867 1184 908 sa-

124 947 279 1012 crumque
301 927 335 988 ia
352 925 476 990 Albano
500 939 606 993 monte
628 949 692 991 uon
718 929 777 992 rite
803 927 1027 1014 “concepisse
1074 930 1181 996 Unam

122 1013 339 1096 expiationem
363 1033 472 1075 eorum
498 1035 573 1089 esse,
599 1027 637 1078 ut
654 1013 774 1079 tribuni
795 1015 929 1079 militnm
954 1015 1135 1082 abdicarent
1150 1039 1183 1082 se

122 1099 322 1180 magistratu,
348 1121 403 1162 aus
428 1099 487 1162 icia
511 1099 552 1163 de
577 1100 702 1188 integro
728 1114 951 1187 repeterentur,
973 1117 1005 1164 et
1028 1104 1182 1192 interreg·

122 1205 200 1248 num
218 1185 361 1249 iniretur.
405 1121 455 1250 lta
479 1186 524 1250 ite
548 1185 631 1251 facta
650 1201 724 1250 sunt
745 1211 785 1252 ex
802 1188 1080 1252 senatusconsulto.
1126 1190 1180 1254 lu·

121 1285 207 1335 terre
230 1293 264 1336 cs
278 1284 342 1335 tres
356 1270 504 1358 deinceps
519 1271 615 1350 fuere,
634 1273 673 1336 L.
687 1273 843 1348 Valerius,
857 1272 901 1350 Q.
914 1261 1070 1338 bertinus
1087 1275 1180 1341 Fide·

121 1379 190 1434 aas
207 1293 258 1422 bd.
276 1357 390 1422 Furius
406 1357 567 1424 Camillus.
612 1359 794 1448 Numquam
815 1359 949 1424 desitum
972 1359 1098 1425 iuterim
1113 1376 1181 1426 tur-

119 1444 199 1521 bari,
216 1444 347 1508 comitia
362 1444 633 1529 interpellantibus
649 1447 784 1510 tribunis
804 1445 915 1531 plebis,
939 1445 1042 1511 donec
1065 1469 1180 1514 couve-

120 1532 218 1594 aisset
233 1533 333 1615 prius,
349 1541 383 1594 ut
397 1530 495 1616 major
503 1553 583 1614 pars
596 1533 784 1596 tribunonrm
799 1534 930 1596 militum
945 1534 1081 1617 explebe
1094 1557 1179 1600 crea-

119 1629 215 1682 retur.
262 1616 346 1693 Quae
360 1616 439 1680 dum
454 1633 602 1704 aguntur,
618 1620 751 1684 concilia
766 1619 905 1684 Etruriae
920 1618 960 1682 ad
975 1619 1084 1684 sanum
1100 1620 1179 1687 Vol·

120 1717 241 1768 tnmnae
264 1703 382 1778 habita,
398 1704 691 1790 postulantibusque
707 1704 920 1791 Capenatibus
934 1727 971 1769 ac
988 1707 1126 1786 Faliscis,
1144 1724 1179 1774 ut

121 1790 218 1854 Veios
243 1791 406 1854 communi
431 1791 538 1853 animo
567 1792 761 1878 consilioque
781 1814 891 1856 omnes
908 1791 1046 1858 Etruriae
1066 1795 1178 1882 populi

119 1899 160 1941 ex
184 1877 350 1942 obsidione
365 1880 532 1962 eriperent,
548 1899 731 1961 responsum
748 1893 812 1942 est:
835 1889 928 1942 antea
942 1902 974 1944 se
989 1882 1024 1943 id
1041 1881 1178 1948 Veienti·

118 1965 171 2028 dus
184 1987 320 2050 negasse,
336 1966 420 2047 quia,
437 1965 516 2027 unde
529 1966 686 2028 consilinm
697 1987 757 2028 non
768 1969 916 2048 petissent
928 1978 1116 2048 supertanta
1131 1991 1177 2048 re,

117 2053 268 2114 auxilinm
278 2061 386 2134 petere
394 2072 453 2113 non
463 2050 613 2114 dederent.
625 2052 774 2134 nuncjam
788 2051 876 2135 “pro
884 2053 1084 2136 sesorttmam
1092 2075 1177 2119 mam

117 2139 182 2202 illis
203 2159 320 2222 negare
327 2161 340 2212 ,·
363 2135 526 2200 “maxime
546 2137 579 2200 in
602 2159 638 2199 ea
653 2147 748 2219 parte
766 2140 918 2202 Etmriae.
943 2137 970 2176 ⁶⁶
982 2137 1109 2204 Gentem
1126 2143 1175 2204 in-

116 2226 275 2288 visitatam
284 2233 308 2299 ¹,
325 2245 415 2287 novos
428 2224 552 2286 adcolas
563 2223 670 2286 Gallos
681 2245 751 2298 esse,
764 2245 827 2286 nrm
843 2223 949 2306 quidus
960 2245 1014 2287 nec
1022 2230 1091 2306 prin
1099 2230 1176 2292 satis

100 2313 189 2393 fida,
206 2331 262 2373 nec
284 2309 389 2372 bellum
410 2330 472 2391 pro
494 2318 574 2371 certo
588 2310 649 2372 sit:
679 2312 826 2394 sarrguini
842 2321 941 2372 tamen
958 2312 1132 2396 nominique
1145 2323 1175 2376 et

108 2395 315 2479 praesentibus
324 2397 474 2478 periculis
487 2396 775 2478 consanguineorum
799 2397 834 2459 id
853 2397 935 2470 dari,
951 2406 994 2472 ut,
1010 2399 1040 2458 si
1054 2400 1107 2479 qui
1117 2397 1174 2478 ju-

114 2485 318 2548 aearatissuae
327 2484 483 2546 voluntate
496 2483 540 2544 ad
553 2483 588 2543 id
601 2481 706 2545 delium
722 2492 804 2558 cunt,
817 2501 876 2543 non
892 2483 1064 2563 inpediant.
1089 2481 1172 2546 Eum

483 2637 497 2666 ¹
508 2635 642 2680 institutum
651 2637 724 2682 Gran.
737 2637 805 2682 Crev.

142 2791 174 2838 62
191 2787 306 2852 Latinas]
324 2785 413 2834 Ferias.
433 2787 471 2833 De
489 2799 572 2832 esrum
590 2787 626 2832 ia·
659 2800 710 2833 esse
725 2787 869 2849 postlegem
888 2789 918 2834 de
938 2788 1030 2848 plebeio
1046 2788 1172 2836 consulatu

111 2855 237 2902 stitutione
248 2853 334 2899 acritu
346 2853 399 2898 bac
410 2853 459 2898 fere
470 2851 542 2896 hebet
554 2851 626 2896 Diua.
660 2850 733 2897 iatam
754 2851 819 2899 Plut.
841 2851 922 2898 scribit
944 2853 969 2899 in
986 2853 1097 2900 Camillo.
1118 2854 1173 2900 Mos

109 2919 182 2966 LlV.
194 2917 344 2978 Tarquinius
356 2917 476 2976 Superbus
488 2922 542 2974 post
550 2916 626 2961 ictum
659 2922 719 2971 erat,
731 2923 758 2962 ut
770 2918 880 2964 consules
896 2931 944 2964 aon
958 2924 1016 2964 ante
1031 2917 1057 2964 in
1076 2919 1173 2978 pavia-

108 2997 165 3030 eum
178 2983 272 3030 Latinis
289 2981 377 3034 ioedus,
397 2981 436 3034 (de
454 2995 502 3040 quo
519 2985 599 3026 noster
610 2979 626 3024 i.
659 2982 708 3028 cias
723 2983 936 3041 proficiscerentur,
948 2995 1022 3042 quam
1039 2983 1082 3028 baa
1099 2983 1171 3030 ierus

110 3047 225 3104 1.c.52.)
242 3046 282 3094 cui
298 3051 322 3092 et
336 3045 444 3103 ilenrici,
461 3052 486 3090 et
503 3043 625 3106 quideme
657 3046 799 3092 indixissent
810 3054 835 3092 et
846 3047 1011 3094 celebrassent.

108 3113 201 3159 Volscis
218 3111 334 3169 adscripti
350 3116 415 3162 suat.
428 3105 624 3170 atejusioederis
688 3109 720 3156 63
737 3111 880 3174 Conceptus]
906 3109 972 3157 Nota
999 3111 1170 3171 proprietatem

106 3176 226 3224 memoria
248 3187 373 3234 uunquam
397 3175 541 3230 aboleretur,
557 3185 623 3218 com·
655 3176 729 3221 verbi.
764 3173 916 3222 Feriteeaim
929 3173 1024 3222 Latinae
1034 3177 1170 3236 maceptiua·

106 3255 181 3288 mnae
197 3241 286 3286 borum
305 3239 412 3286 omniurn
430 3239 573 3298 populorum
585 3251 624 3282 sa·
654 3246 738 3286 erant:
756 3239 802 3284 ie.
814 3251 862 3285 uon
874 3246 949 3286 statos
964 3252 993 3286 ac
1010 3247 1087 3288 certos
1098 3241 1171 3288 habe·

105 3320 174 3354 uum
187 3305 305 3366 instituit,
314 3305 378 3364 quod
387 3303 443 3348 Joai
453 3301 542 3348 Latiari
553 3308 623 3360 quot·
654 3304 748 3350 baatin
760 3303 1027 3361 aaudscmeusedies,
1039 3305 1080 3350 aed
1095 3313 1167 3366 quot·
1213 3313 1216 3318 '

105 3371 175 3416 suuis
195 3371 221 3417 in
242 3375 326 3414 monte
345 3369 440 3413 Albano
461 3367 541 3414 deret:
566 3379 624 3411 cau·
654 3369 724 3414 sanis
745 3369 879 3428 tuebantur
900 3370 930 3416 iis
948 3367 1042 3422 diebus,
1062 3369 1087 3413 in
1107 3383 1169 3428 quos

105 3437 184 3482 stituit
195 3434 256 3496 quid
279 3445 382 3494 quaeque
399 3431 485 3478 civitas
504 3431 568 3476 inid
585 3443 622 3476 aa·
655 3433 765 3481 consules
776 3432 926 3480 indixissent.

104 3513 173 3546 crum
197 3499 316 3560 praebere,
335 3497 392 3556 quid
415 3509 445 3544 ea
466 3509 496 3541 eo
517 3495 622 3554 recipere
685 3497 718 3544 dt
734 3496 785 3542 Pro
800 3509 824 3542 ee
832 3495 957 3557 fortunam
967 3496 1045 3559 num]
1063 3495 1167 3556 Nouae,

104 3566 218 3616 deberett
237 3571 265 3609 ut
276 3575 352 3623 agnos
369 3561 432 3616 alise,
454 3561 508 3607 alia
530 3571 620 3613 camos,
654 3563 848 3622 sedprreseatem
863 3575 942 3610 rerum
960 3573 1059 3607 suarum
1074 3566 1166 3608 sutum

103 3629 148 3676 &a
161 3630 294 3682 ati'erreatt
312 3639 342 3674 ex
358 3631 428 3672 tauro
447 3633 539 3682 sutem,
555 3636 620 3670 com·
654 3639 741 3686 negare
752 3625 896 3672 Veientibus
907 3625 1003 3673 auxilia.

103 3694 171 3740 muni
187 3691 421 3744 omniumaictima,
434 3703 503 3737 suam
520 3688 621 3748 quisque
685 3691 717 3737 65
739 3689 849 3736 Maxima
870 3692 896 3735 tn
914 3705 941 3736 aa
958 3684 1039 3750 parte]
1063 3686 1119 3743 Qua
1140 3689 1166 3734 in

102 3758 215 3818 papirius,
234 3769 339 3816 eamque
359 3759 451 3802 certam
470 3767 498 3800 ac
512 3751 621 3812 designa·
652 3763 729 3816 parte,
740 3768 789 3801 nou
805 3753 924 3802 delinitur.
959 3753 1069 3800 Fortasse
1084 3753 1166 3814 legen-

103 3831 152 3868 tam
163 3822 303 3884 partionem
323 3819 448 3880 acciperet.
482 3813 563 3879 Hujus
582 3829 620 3862 ss·
652 3820 712 3866 dum
720 3819 868 3866 estmaaima
880 3819 988 3880 reperte.

102 3887 135 3932 eri
151 3887 283 3948 participes
294 3890 363 3931 erant
373 3891 466 3944 septem
477 3895 549 3943 supra
561 3894 619 3941 qua·
684 3885 715 3930 66
733 3883 829 3931 Gentem
847 3881 994 3944 invisitatam]
1018 3879 1165 3940 Antiquissi-

102 3951 212 4013 draginta
235 3951 335 4011 populis
364 3947 468 3996 Romani
493 3953 618 4008 praeerant.
652 3961 731 3994 muse
748 3947 836 3992 nostris
851 3948 919 3993 codd.
938 3947 1088 3992 inuisitatum.
1121 3945 1165 3992 Ce-

103 4015 227 4063 Haedum
239 4015 410 4072 celebraretur,
427 4013 458 4060 ab
475 4011 576 4058 omuiai
591 4023 620 4056 ac
653 4019 732 4058 terum
761 4024 809 4056 nou
839 4009 951 4056 videntur
972 4009 1082 4056 debuisse
1100 4009 1165 4058 Galli

102 4081 163 4127 bello
181 4081 331 4128 censumar.
375 4077 523 4138 Tarquinius
541 4087 619 4122 unum
652 4075 767 4136 appellari
788 4075 818 4122 sb
835 4073 944 4122 Etruscis
964 4088 1022 4135 geas
1043 4073 1165 4134 multata,

102 4145 164 4191 diem
181 4146 213 4191 iia
228 4145 298 4190 feriis
309 4145 444 4189 dicaveratr
462 4143 566 4188 alterurn
577 4139 619 4186 ad·
653 4141 703 4186 sive
714 4139 897 4197 invictissimam
913 4140 966 4184 noui
984 4137 1074 4195 aeeaioe,
1086 4151 1163 4198 quum

98 4205 191 4268 jectum
211 4222 265 4255 esse
283 4214 339 4268 post
359 4213 456 4254 exactos
471 4219 555 4266 regest
574 4211 620 4248 ter·
652 4211 708 4251 uate
725 4206 842 4250 ducentas
855 4199 908 4264 jam
931 4216 1017 4260 annos,
1033 4203 1085 4262 ipso
1102 4208 1163 4250 teate

102 4273 173 4328 tium,
183 4280 241 4336 post
261 4273 358 4334 plebem
375 4270 486 4317 Patribus
497 4267 621 4316 reconcili·
653 4269 723 4316 livio
739 4268 803 4314 iufra
813 4281 833 4313 c.
845 4265 884 4315 dds
896 4267 961 4315 Galli
978 4274 1003 4314 et
1022 4267 1047 4313 in
1066 4267 1163 4314 lutiam

102 4345 164 4384 atam
176 4351 244 4386 anno
256 4335 314 4384 tut.
325 4337 389 4382 idem
403 4335 570 4382 Diomauctor
581 4339 618 4380 cst
651 4333 793 4393 transgressi
815 4333 873 4387 sint,
889 4339 913 4378 et
932 4345 988 4380 cum
1006 4331 1092 4379 Tuscis
1111 4345 1163 4378 rem

101 4405 143 4448 sub
162 4405 237 4450 daem
259 4403 275 4450 l.
295 4401 341 4448 Vi.
374 4400 495 4453 Quartum
507 4399 616 4446 additum
650 4397 786 4446 habuerint.

704 4469 762 4524 κδ
