3034 4916
363 179 420 236 sss
704 257 705 262 Ν
758 163 1039 230 rrrrsrvrr
1122 208 1125 219 .

202 345 236 394 u.
244 343 272 394 c.
282 342 338 392 stu
364 333 501 400 Foslius
514 329 694 416 questiones
703 330 887 402 neumis,
910 337 946 394 ut
958 329 1429 414 cenomannensium

203 411 271 473 ‘bct
283 408 339 458 ³¹²·
365 439 508 496 nosnos
530 415 688 500 majestate
708 415 940 497 interiunctus
953 438 975 480 a
989 413 1256 480 criminationibus
1275 415 1347 480 istis
1362 436 1437 480 esse:

367 505 506 570 Abdicst
531 503 605 568 iude
630 523 664 567 se
688 500 857 578 dictatum,
879 515 912 567 et
933 515 1006 586 post
1025 523 1097 568 eum
1125 499 1289 567 confestim
1307 499 1431 566 Foslius

366 590 552 679 megisterio
575 588 736 675 equitum:
758 587 918 738 primique
942 587 1028 674 apud
1050 585 1193 652 consules
1218 587 1270 670 (iis
1290 585 1380 652 euim
1395 584 1433 650 sb

203 685 359 736 masuetus
368 690 480 744 senmu
495 676 644 741 mandute
655 697 703 740 res
717 677 778 756 est)
793 675 840 740 rei
867 673 940 751 acti,
955 674 1105 740 adversus
1119 669 1276 738 nobilium
1292 673 1434 738 testimo-

204 751 344 800 ansteum.
367 764 422 829 nie
435 759 564 851 egregie
576 761 794 846 absolvuntur.
839 760 997 826 Publilius
1011 761 1106 826 etism
1117 758 1224 838 Philo,
1241 756 1433 846 multiplicu-

369 851 410 916 tis
433 848 563 914 summis
587 846 773 923 honoribus,
794 862 868 932 post
894 869 943 912 res
964 859 1013 912 tut
1036 845 1125 910 domi
1146 844 1296 934 belloque
1318 857 1432 934 gestus,

369 951 509 1004 ceterum
531 935 648 1000 invisus
670 933 837 1007 nobilitati,
854 954 996 998 caussam
1020 933 1116 1013 dixit,
1133 933 1363 1019 absolutusque
1377 945 1433 998 est.

370 1023 441 1090 Nec
454 1022 582 1097 diutius,
598 1033 634 1086 ut
648 1021 693 1096 lit,
707 1042 803 1106 quem
818 1017 896 1089 dum
912 1041 1020 1086 reeens
1034 1032 1112 1097 erst,
1128 1019 1261 1105 quoestio
1276 1041 1335 1105 per
1350 1017 1434 1084 clurn

369 1109 500 1176 nomine
522 1129 645 1174 reorum
691 1106 699 1121 '
746 1108 781 1172 it.
801 1105 876 1172 inde
897 1106 962 1172 lubi
986 1107 1089 1192 coepit
1114 1105 1154 1170 ud
1180 1105 1293 1172 viliore
1318 1105 1431 1192 cupite,

370 1195 473 1262 donec
487 1194 679 1262 coitionibus
717 1192 969 1280 actionibusque,
983 1192 1133 1260 adversus
1151 1213 1229 1280 quus
1250 1205 1434 1278 comparum

371 1295 451 1358 erut,
467 1281 616 1366 obpressa
630 1294 689 1347 est.
1500 1319 1501 1324 κ

415 1367 565 1436 XXVII.
588 1368 706 1432 Eurum
729 1365 815 1433 ieme
834 1387 952 1443 rerum,
967 1366 1091 1454 ⁷mngis
1115 1377 1222 1430 tumen
1245 1387 1316 1452 spes
1340 1363 1434 1434 cam-

371 1477 467 1543 psuoe
488 1453 682 1532 delectionis,
699 1453 732 1517 iu
757 1474 851 1541 quum
874 1453 1074 1538 conjuratum
1100 1465 1179 1532 esst,
1207 1451 1378 1534 Samnites,
1402 1453 1433 1518 iu

374 1541 524 1629 Apuliam
548 1563 663 1616 versus,
687 1561 797 1606 rursus
817 1537 859 1606 sd
875 1539 1035 1606 Caudium
1056 1537 1232 1605 revocavits
1254 1548 1291 1604 ut
1308 1539 1383 1604 inde
1396 1561 1435 1604 ex

373 1629 569 1716 propinquo,
582 1628 606 1692 si
623 1626 678 1712 qui
691 1638 797 1694 motus
810 1626 1014 1692 occasionem
1022 1626 1160 1712 operiret
1167 1629 1189 1703 ¹,
1206 1624 1354 1713 Capuam
1371 1625 1435 1692 Ro·

377 1716 479 1782 menis
501 1715 669 1799 eriperent.
714 1711 765 1778 Eo
790 1710 933 1778 musuleo
952 1733 1026 1778 cum
1052 1711 1156 1779 valido
1176 1711 1317 1778 exercitu
1345 1735 1434 1778 veue·

377 1817 465 1868 runt.
486 1813 519 1866 et
532 1803 638 1885 primo
656 1798 740 1864 circe
761 1797 870 1876 saltus,
887 1819 987 1884 quum
1008 1797 1169 1886 utrimque
1181 1797 1224 1864 ud
1237 1797 1366 1864 hostem
1380 1799 1436 1864 ini·

377 1909 447 2040 it
459 1883 1306 2056 {inmittit}:dimittit¹³32
1323 1902 1437 2040 :tlt

377 2059 559 2137 demittunt,
585 2058 693 2145 ibique
722 1993 867 2141 priami
882 2057 1006 2125 ⁸csstru
1031 2057 1065 2122 in
1093 1991 1280 2145 corrupectllo
1293 1995 1439 2126 boi‘tilius

377 2145 469 2213 dutus
491 2145 608 2212 deinde
630 2143 750 2210 levibus
791 2143 901 2222 roeliis,
925 2143 1067 2230 equitum
1089 2143 1215 2231 sepius,
1230 2165 1329 2232 qusuu
1351 2146 1439 2233 pudi-

377 2247 457 2312 tum,
481 2232 640 2319 utrimque
660 2165 837 2317 periculum
859 2229 993 2298 suctum:
1017 2252 1076 2296 nec
1096 2243 1154 2296 aut
1174 2249 1306 2298 eventus
1327 2252 1438 2298 eorum

381 2319 574 2398 Romanum,
600 2330 656 2386 aut
682 2339 793 2394 morus,
817 2339 880 2404 qus
908 2317 1077 2384 trubebunt
1097 2315 1226 2396 bellum,
1249 2319 1438 2404 poenitebat.

291 2423 335 2457 Μ
381 2405 571 2474 Samnitium
590 2417 703 2471 uontm
716 2403 861 2483 ducibus,
873 2415 906 2468 et
918 2402 1006 2489 carpi
1021 2403 1126 2489 persis
1145 2404 1290 2490 quotidie
1302 2404 1438 2484 demnis,

344 2500 354 2514 '
379 2507 413 2560 ct
425 2515 586 2560 senescere
599 2491 752 2558 dilutione
771 2489 846 2558 belli
868 2490 956 2555 vires
973 2511 1040 2556 sum
1062 2490 1261 2556 videbuntur.
1284 2492 1394 2582 itsque
1408 2494 1454 2557 in¹

379 2582 479 2648 aciem
502 2577 690 2667 procedunt,
704 2577 862 2665 equitibus
876 2577 916 2642 iu
939 2591 1060 2642 coruus
1080 2576 1204 2642 divisis:
1227 2577 1346 2664 quibus
1361 2601 1440 2666 pre·

379 2679 507 2754 ceptum
521 2681 601 2744 eret,
616 2665 799 2730 intentiores
811 2662 853 2729 ud
875 2675 1052 2748 respectum
1066 2675 1253 2742 cmtrorum,
1269 2687 1312 2730 ue
1326 2687 1393 2754 quo
1405 2689 1441 2732 eo

378 2755 426 2820 ris
448 2756 545 2830 lieret,
562 2751 720 2840 qusm'nd
740 2751 903 2839 proelium,
918 2763 1058 2816 stereuts
1080 2751 1201 2816 ⁹uciem
1221 2751 1324 2840 pediti
1338 2766 1444 2819 tutum

378 2839 454 2906 fore.
501 2839 695 2905 Consuluml
719 2837 876 2923 Sulpicius
904 2837 936 2901 iu
967 2836 1095 2919 dextro,
1120 2837 1273 2905 Poetelius
1299 2837 1332 2902 in
1361 2839 1441 2912 luero

378 2947 479 2992 cornu
495 2925 679 2991 consistunt.
723 2924 849 2990 Dextra
862 2945 946 3010 pers,
960 2946 1027 3010 qun
1039 2937 1071 2990 et
1086 2925 1244 2992 Samnites
1261 2925 1342 2992 ruris
1356 2925 1441 2991 ordi-

379 3013 483 3088 nibus,
499 3027 555 3078 uut
569 3011 611 3076 sd
625 3009 865 3076 cirusmeuudos
889 3010 1075 3089 hostes„uut
1089 3031 1132 3076 ue
1151 3011 1211 3098 ipsi
1233 3013 1441 3078 circumiren-

379 3113 442 3176 tur,
457 3099 674 3173 eoustitcreut,
698 3096 793 3162 letius
817 3095 975 3183 psteisctn
997 3098 1091 3162 stetit.
1137 3098 1292 3178 Sinistris,
1307 3113 1440 3184 prseter-

378 3181 788 3338 ”uufm
800 3183 1441 3356 etennensium

378 3379 447 3444 qrae
475 3357 520 3424 ud
544 3357 696 3446 longioris
715 3377 834 3459 puguoe
855 3377 946 3423 ussus
971 3357 1221 3436 reservabuntur,
1243 3295 1292 3424 iuq
1303 3361 1441 3445 primum

379 3445 479 3512 eciem
501 3444 664 3528 extemplo
685 3444 805 3520 emisrt3
828 3442 1042 3530 universisque
1062 3442 1185 3508 hostem
1207 3445 1314 3531 primo
1331 3446 1441 3531 inpetu

378 3530 500 3597 viribus
514 3529 640 3616 inpulit.
686 3529 857 3631 Commota
879 3527 1016 3614 pedestri
1037 3531 1104 3594 ncie
1125 3531 1332 3610 Samnitium,
1347 3555 1442 3685 eques

379 3615 746 3781 tritt'lriliii,
760 3614 1443 3794 ¹il¹iiiitii⁰t³isliti“iuti

380 3791 533 3879 signaque
547 3803 579 3856 et
592 3789 722 3856 ordines
744 3787 886 3874 peditum
910 3799 1005 3875 utque
1028 3789 1169 3876 equitum
1189 3789 1370 3872 confundit,
1386 3795 1441 3860 do·

575 3945 875 4010 tapmmturoucm.
933 3977 938 3984 ·
1037 3936 1246 3996 lt'oruslerlimd.

299 4132 301 4136 ¹
414 4079 430 4125 ‘l
446 4077 684 4140 Magnumenrpu]
694 4077 806 4126 sleunus
816 4076 894 4124 llesr·
927 4081 1075 4137 meum.

382 4142 418 4188 ull
434 4144 520 4198 cndu,
537 4143 660 4204 Slguuius,
678 4144 775 4205 ulliqm.
814 4141 895 4202 Vulgo
933 4173 938 4176 -
959 4140 975 4188 u
991 4141 1074 4190 Aclms
1085 4141 1162 4202 prust
1182 4145 1258 4190 tubus
1269 4140 1340 4207 jun]
1358 4143 1444 4192 uellet

381 4217 428 4266 spe·
925 4207 1061 4254 Gronovius
1075 4205 1162 4267 pedtts,
1178 4213 1204 4254 et
1222 4211 1341 4270 exponite
1367 4207 1442 4256 Pedes

414 4269 697 4335 Scastruinsonspsctss
711 4271 812 4320 tantun
827 4270 894 4335 datu]
925 4269 978 4332 lpse
993 4271 1153 4332 mlusperse
1170 4272 1229 4319 sctis
1248 4277 1331 4320 tuum
1347 4280 1444 4336 prm·

382 4331 473 4382 Mento
484 4335 620 4385 Gronovius
635 4337 765 4399 legendum
777 4343 856 4400 putet,
868 4339 894 4383 iu
926 4335 963 4384 bit
972 4335 1089 4386 mex
1099 4349 1151 4386 sese
1161 4343 1325 4386 mustsutmr.
