3034 4916
414 153 419 162 '
440 149 488 210 Li
502 149 534 208 B.
558 145 611 208 IX.
640 148 743 207 CAP.
765 147 848 206 XLI.
1109 153 1167 208 ⁵45

108 325 219 376 tunam
252 310 441 378 babuerunt.
486 311 589 380 Decio
618 333 743 398 quoque
768 311 857 376 alteri
883 309 1003 375 consuli
1029 311 1311 378 secundarent

108 397 180 461 belli
196 396 325 463 tirrtuua
340 410 416 462 erat.
462 396 724 483 Tarquiniensem
747 409 831 461 metu
847 395 1012 478 subegerat
1027 396 1164 460 frumen·
1175 395 1205 442 Α
1218 395 1245 442 ⁰·
1255 391 1312 472 ³⁰7·

108 499 174 548 tum
191 485 341 550 exercitui
358 483 511 568 praebere,
528 499 622 570 atque
637 482 779 548 inducias
794 482 825 546 in
842 482 1052 572 quadraginta
1067 458 1309 571 ιιηηοεξ”ῐῗζζὶξζΕ

108 583 227 655 petere.
273 570 517 634 Volsiniensium
545 569 671 636 castella
699 568 817 654 aliquot
842 571 871 632 vi
897 570 997 654 cepit:
1021 569 1167 655 quaedam

107 673 148 720 ex
175 655 214 720 iis
238 657 346 734 diruit,
362 679 403 720 ne
425 656 622 741 receptaculo
643 655 785 720 hostibus
800 669 921 720 essent:
944 655 1168 721 circumferen-

108 741 215 829 doque
264 743 357 808 ussim
380 741 474 820 bello,
494 755 614 807 tantum
637 757 790 808 terrorem
815 744 863 806 sui
886 741 970 820 fecit,
995 757 1031 807 ut
1053 764 1168 807 nomen

108 851 203 893 omne
258 833 396 894 tiuscum
420 827 521 894 foedus
543 831 583 892 ab
605 827 732 893 consule
753 841 883 911 peteret.
928 828 978 893 Ac
992 829 1033 894 de
1047 850 1085 893 eo
1100 829 1169 916 qui-

108 913 181 978 dem
198 915 278 980 nibil
294 916 497 1000 inpetratum.
520 915 656 979 inducite
671 936 786 978 annuae
801 915 892 978 datae.
908 915 1099 998 stipendium
1112 937 1170 980 ex·

109 1002 224 1066 ercitui
251 1001 398 1066 Rommo
423 1001 464 1065 ab
489 1001 577 1066 boste
598 1001 632 1064 in
658 1023 730 1064 eum
747 1022 864 1065 annum
880 1023 1023 1086 pensum,
1039 1013 1072 1066 et
1085 1001 1169 1066 binae

110 1088 229 1151 tunicae
257 1089 289 1150 in
319 1087 448 1152 militem
475 1101 611 1153 exactae.
647 1109 683 1152 ea
713 1107 831 1151 merces
866 1085 1063 1152 induciarum
1101 1086 1169 1153 fuit.

111 1172 319 1260 Tranquillas
345 1175 481 1260 res-jam
507 1173 651 1238 Etruscis
679 1173 817 1238 turbavit
844 1176 1010 1258 repentina
1037 1173 1170 1238 delectio

112 1259 324 1338 Umbrorum,
339 1261 443 1348 gentis
458 1261 620 1347 integroea
634 1259 776 1323 cladibus
789 1257 875 1337 belli,
892 1260 950 1323 nisi
990 1258 1053 1324 uod
1068 1274 1171 1324 trans-

110 1345 189 1411 itum
205 1347 363 1411 exercitus
385 1367 459 1432 ager
481 1358 629 1410 senserat.
676 1345 715 1426 li,
731 1345 886 1410 concitata
901 1283 989 1408 omril
1005 1347 1171 1432 juventute

111 1453 177 1510 sua,
194 1446 354 1520 etmagna
378 1447 467 1516 parte
481 1433 687 1496 Etruscorum
711 1429 751 1494 ad
775 1429 974 1496 rebellionem
999 1432 1171 1516 compulsa,

112 1531 237 1584 tantum
265 1519 438 1584 exercitum
464 1517 613 1595 fecerant,
630 1532 675 1598 ut,
698 1517 809 1581 relicto
834 1531 905 1602 post
927 1540 960 1582 se
986 1519 1017 1582 in
1044 1519 1173 1584 Etruria

112 1604 230 1687 Decio,
256 1603 297 1670 ad
326 1605 576 1693 obpugnandam
600 1604 674 1668 inde
705 1603 842 1667 Romam
870 1603 981 1684 ituros,
1007 1603 1173 1694 magnifice

112 1689 153 1755 de
187 1715 230 1768 sc,
263 1713 300 1756 ac
330 1691 513 1755 contemtim
547 1691 588 1756 de
623 1689 777 1756 Romanis
809 1689 982 1776 loquentes,
1007 1691 1172 1777 jactarent.

114 1776 214 1853 Quod
229 1779 392 1864 inceptum
416 1799 526 1842 eorum
550 1777 602 1843 ubi
625 1776 666 1842 ad
690 1777 825 1842 Decium
842 1777 1002 1842 consulem
1019 1777 1173 1862 perlatum

114 1877 169 1941 est,
186 1863 226 1928 ad
239 1863 352 1928 urbem
369 1886 408 1928 ex
427 1863 555 1929 Etruria
570 1864 693 1950 magnis
706 1861 869 1928 itineribus
884 1865 998 1950 pergit,
1010 1877 1041 1929 et
1053 1864 1084 1928 in
1139 1887 1175 1928 ro

116 1948 304 2035 Pupiniensi
319 1949 361 2016 ad
379 1949 497 2014 famam
520 1951 658 2015 intentus
674 1951 808 2014 bostium
825 1949 976 2014 consedit.
1022 1888 1175 2016 NecflEo·

115 2057 175 2100 mae
191 2035 400 2122 spernebatur
417 2036 615 2104 Umbrorum
631 2035 766 2100 bellum:
790 2049 822 2100 et
844 2037 920 2120 ipsae
944 2039 1038 2100 minae
1055 2054 1174 2102 metum

114 2120 253 2188 fecerant
268 2124 405 2208 e'xpertis
420 2147 440 2187 a
455 2122 581 2188 Gallica
601 2122 702 2199 clade,
719 2143 813 2207 quam
835 2120 968 2186 intutam
993 2127 1102 2188 urbem
1125 2124 1175 2188 in-

115 2209 267 2274 colerent.
313 2209 424 2294 ltaque
439 2210 532 2293 legari
549 2207 590 2273 ad
607 2207 741 2272 Fabium
757 2205 918 2271 consulem
932 2207 1114 2286 missisunt,
1131 2224 1176 2287 ut,

116 2297 140 2360 si
165 2297 243 2382 quid
267 2295 439 2360 laxamenti
465 2317 485 2358 a
509 2293 594 2359 bello
621 2293 809 2358 Samnitium
836 2307 925 2368 esset,
951 2295 982 2357 in
1009 2293 1176 2360 Umbriam

116 2403 253 2480 propere
267 2381 438 2447 exercitum
455 2380 592 2445 duceret
618 2379 717 2444 Dicto
737 2383 842 2465 paruit
857 2379 978 2457 consul,
995 2382 1178 2468 magnisque

117 2466 283 2534 itineribus
298 2467 339 2532 ad
356 2465 552 2548 Mevaniam,
569 2466 622 2530 ubi
647 2481 714 2531 tum
739 2465 840 2549 copiae
857 2463 1054 2530 Umbrorum
1077 2481 1177 2544 erant,

116 2555 268 2638 perrexit.
316 2555 364 2618 ue
407 2575 442 2618 ns
465 2552 618 2618 adventus
639 2551 787 2630 consulis,
803 2574 898 2638 quem
914 2553 1025 2638 procul
1042 2552 1178 2620 Umbria

117 2639 148 2702 in
175 2641 308 2708 Samnio
329 2639 414 2704 belo
438 2639 501 2704 alio
522 2653 711 2723 occupatum
733 2637 943 2712 crediderant,
960 2640 1004 2704 ira
1025 2640 1277 2704 exterruitcmm

119 2725 269 2805 Umbros,
301 2741 337 2792 ut
360 2727 415 2790 alii
440 2724 650 2791 recedendum
675 2725 715 2788 sd
745 2724 840 2788 urbes
869 2725 1015 2803 munitas,
1049 2717 1300 2812 quidamuml‘m'·

118 2813 330 2878 omittendum
355 2811 474 2878 bellum
500 2823 674 2876 censerent.
717 2809 744 2854 ⁷²
762 2809 858 2897 Plaga
884 2833 947 2876 una
972 2811 1178 2898 (Materinam

119 2896 178 2982 ipsi
203 2899 377 2999 adpellant)
402 2921 466 2963 non
492 2899 650 2962 continuit
674 2895 770 2962 modo
796 2911 919 2962 ceteros
946 2897 977 2962 in
1003 2898 1108 2974 armis,
1125 2897 1179 2964 sed

119 2985 286 3052 confestim
302 2984 343 3050 ad
358 2999 516 3050 certamen
531 2987 606 3072 egit.
622 2995 725 3048 castra
740 2982 907 3050 vallantem
927 2983 1062 3050 Fabium
1077 2985 1182 3050 adorti

120 3084 203 3134 sunt.
248 3073 337 3142 Quos
353 3072 406 3136 ubi
421 3069 540 3136 effusos
560 3091 651 3136 ruere
674 3069 708 3133 in
736 3071 930 3136 munimenta
955 3071 1065 3136 consul
1092 3073 1180 3152 vidit,

120 3169 284 3222 revocatos
299 3158 413 3222 milites
428 3159 469 3222 ab
484 3179 589 3241 opere,
606 3169 701 3241 prout
716 3156 777 3220 loci
794 3171 905 3222 notura
920 3169 1106 3244 tempusque
1126 3181 1181 3244 pa-

120 3242 269 3321 tiebatur,
299 3244 344 3310 ita
371 3244 540 3308 instruxit:
575 3241 819 3328 cohortatusque
847 3242 1072 3326 praedicatione
1108 3267 1182 3310 vera

122 3349 186 3412 qua
204 3332 240 3395 in
260 3327 384 3406 Tuscis,
400 3329 510 3416 quain
527 3328 657 3392 Samnio
672 3343 837 3412 partorum
852 3323 1016 3410 decorum,
1032 3329 1181 3415 exiguam

122 3413 328 3501 adpendicem
355 3414 482 3480 Etrusci
507 3414 582 3478 belli
612 3411 766 3478 conficere
788 3411 896 3499 jubet:
921 3429 953 3477 et
977 3416 1062 3480 vocis
1087 3417 1182 3500 inpiae

122 3519 237 3583 poenas
260 3503 420 3587 expetere,
445 3523 509 3586 qna
533 3522 566 3564 se
592 3499 702 3564 urbem
734 3499 914 3563 Romanam
943 3501 1183 3587 obpugnaturos

122 3587 234 3653 minati
250 3601 334 3654 sunt.
379 3587 464 3652 Haec
479 3599 567 3652 tauta
581 3599 655 3650 sunt
675 3583 837 3650 alacritate
855 3583 991 3650 militurn
1014 3586 1132 3668 audita,
1148 3603 1183 3654 nt

123 3674 255 3752 clamor,
271 3695 328 3739 sua
350 3686 463 3760 sponte
485 3689 585 3752 ortus,
600 3671 781 3758 loquentem
797 3669 1042 3756 interpellaverit
1058 3672 1182 3740 ducem.

124 3771 198 3824 ante
223 3759 391 3846 imperium
421 3759 537 3825 deiude
564 3757 590 3800 ⁷³
605 3770 761 3822 concentu
790 3755 938 3822 tubarum
964 3780 1002 3822 ao
1028 3780 1183 3826 cornuum

157 3978 188 4025 ’12
205 3979 284 4042 ruga
293 3981 353 4045 sao]
371 3982 439 4030 Unus
449 3996 480 4029 ex
492 3983 637 4042 pepulistis,
670 3983 695 4030 in
708 3980 867 4042 lpsaregione
878 3987 971 4027 notum.

122 4041 148 4088 ln
165 4057 227 4102 quos
246 4045 392 4094 Umbrorum
410 4061 470 4108 gens
490 4046 638 4094 diuisaerat⁸
704 4045 736 4092 ts
763 4043 891 4106 Comaru]
920 4045 1016 4092 Plenius
1043 4061 1072 4094 aa
1099 4047 1186 4094 melius

124 4105 226 4166 rugam
254 4110 293 4156 bic
317 4123 375 4156 cum
397 4108 498 4172 Dujatio
524 4110 639 4172 intelllgi·
672 4109 773 4170 quidem
791 4109 885 4156 codices
902 4109 1001 4168 babent,
1015 4119 1077 4158 teste
1094 4111 1186 4158 Grono-

124 4174 315 4234 muuregicroem.
347 4175 422 4221 adon
434 4175 527 4228 Livius,
538 4173 641 4220 Maerr·
673 4173 725 4220 vio:
754 4177 807 4219 oste
827 4176 957 4219 concauam
980 4175 1093 4222 calaum.
1138 4177 1187 4223 Ad·

124 4246 178 4279 nam
200 4237 246 4295 ἐμή
266 4237 389 4296 appellant,
407 4239 466 4298 quia
487 4251 574 4298 nempe
595 4237 640 4286 boo
673 4237 803 4299 stipulatur
814 4237 932 4298 Campani
945 4233 1026 4285 editio.

126 4309 212 4344 nomen
230 4302 335 4360 ignobile
353 4303 414 4356 erat‚'
427 4317 470 4350 nec
482 4302 583 4348 fortasse
595 4301 640 4347 nisi
780 4325 786 4336 ·

74 4375 81 4388 “
169 4380 243 4425 VOL.
259 4384 282 4429 1.
718 4384 739 4428 N
759 4386 779 4429 u
