3008 4908
314 215 371 274 ἰοί
620 221 625 230 ·
704 206 816 268 ΤΙΉ
846 207 981 270 LlVll

154 394 185 444 u,-
196 395 291 446 asor.
313 319 419 450 ῥυοω
434 372 562 438 deorem
571 387 746 436 sermonem
756 369 972 456 praetenderit,
987 369 1096 436 fomur
1105 371 1245 458 aliquem
1254 379 1368 436 retum

153 461 184 510 Α
196 459 290 510 (²4⁴⁷-
312 470 455 524 auctores
476 457 599 542 antiqui
619 457 819 522 tradiderint.
849 459 923 544 quia
938 479 1093 543 nusquam
1116 457 1216 522 ullum
1231 456 1369 522 intanta

311 543 457 610 faeditate
476 544 594 608 decreti
610 542 807 608 verisimilem
831 543 977 619 invenio,
999 543 1044 619 id,
1059 543 1144 630 quod
1160 557 1294 620 constat,
1308 565 1367 608 nu·

311 630 388 698 dum
416 630 540 696 videtur
567 630 821 714 proponendum,
848 629 986 696 decresse
1015 629 1166 694 vindicias
1192 629 1366 699 meandum

310 715 502 784 servitutem.
549 715 657 782 Primo
671 729 782 800 stupor
792 737 901 782 omnes
914 715 1124 782 admiratione
1141 717 1185 780 rei
1200 729 1264 780 tam
1281 731 1367 780 stro-

312 804 357 868 cis
376 802 496 869 delinit.
518 801 676 866 silentium
694 801 768 866 inde
782 801 976 887 aliquamdiu
992 804 1101 868 munit.
1147 801 1253 866 Deiu⁰
1267 823 1366 888 quum

311 888 535 964 melanurus,
552 887 829 954 circumstantibus
851 888 1012 966 matronis,
1030 885 1144 952 iratad
1166 885 1367 973 prehenden-

311 973 384 1040 dam
407 975 572 1062 virginem,
588 973 860 1059 lamentabilisque
874 997 946 1040 eum
968 973 1135 1040 mulierum
1158 973 1368 1058 comploratio

310 1061 500 1146 excepisset;
523 1061 696 1144 Virginius,
721 1061 880 1124 intentans
901 1061 933 1124 iu
951 1062 1092 1145 Appium
1120 1081 1241 1136 manus,
1262 1061 1367 1136 Icilio,

285 1197 287 1202 a
310 1147 425 1234 iuquit,
441 1150 536 1231 Appi,
552 1169 613 1211 non
624 1147 804 1230 tidi,filium
816 1149 963 1229 demendi
972 1170 983 1208 .·
1005 1155 1034 1210 et
1048 1149 1093 1210 ud
1104 1147 1240 1229 nuptias,
1253 1167 1316 1210 ,ωτι
1324 1148 1371 1210 od

309 1243 455 1318 dopmni,
468 1236 603 1298 admoui.
641 1235 751 1298 Placet
759 1233 1114 1316 pecudunfcrammquc
1124 1234 1189 1296 ritu
1196 1234 1371 1315 prorniscue

310 1321 526 1386 inhonorabitur
534 1324 647 1384 ruere?
672 1320 841 1384 Possurine
850 1319 914 1382 luoec
925 1319 979 1384 isti
987 1320 1062 1393 sint,
1074 1321 1183 1382 nescio.
1205 1339 1369 1401 nonspero

310 1427 372 1472 esre
380 1427 525 1490 possimos
540 1407 619 1482 illos,
673 1407 686 1468 i
698 1427 787 1468 unna
801 1403 922 1470 tabent
967 1403 1077 1479 Quum
1091 1401 1299 1488 repelleretur
1314 1402 1369 1469 ad·

310 1507 411 1558 sertor
433 1491 596 1578 virginiae
610 1514 633 1576 g
646 1492 709 1554 obn
731 1489 897 1554 mulierum
920 1489 1256 1576 circumstantiumque
1271 1491 1368 1554 mvn*

310 1591 464 1654 ustorum,
481 1577 638 1640 silentium
650 1575 766 1641 factum
782 1597 840 1660 per
852 1597 1042 1660 praeconem.

354 1661 518 1728 XLVllI.
540 1661 721 1738 Decemvir,
737 1660 913 1730 alienatusl
927 1662 967 1726 ad
987 1661 1148 1726 libidinem
1175 1661 1296 1738 animo,
1313 1683 1368 1726 ue·

308 1763 374 1846 gat,
389 1751 528 1814 hesterno
541 1759 659 1812 tontum
680 1749 815 1812 conuicio
827 1747 916 1812 Icilii
929 1750 1133 1831 uiolentiaque
1150 1747 1302 1832 Virginii,
1318 1771 1370 1813 cu-

296 1856 356 1916 Jus
369 1844 470 1900 testem
487 1836 632 1917 populum
649 1833 817 1898 Romanum
836 1833 957 1910 lrabeat,
972 1836 1133 1898 sederetis
1153 1855 1272 1917 quoque
1285 1836 1371 1900 indi-

309 1921 367 1984 ciis
380 1929 561 2002 conpertum
577 1941 610 1984 se
623 1919 742 1994 dobere,
759 1929 845 1982 noete
863 1928 929 1982 tota
941 1929 1033 1984 coetus
1049 1922 1083 1983 in
1098 1919 1171 1984 urbe
1179 1920 1292 2003 stratos
1306 1943 1369 1986 esse

308 2007 354 2070 ad
365 2008 540 2072 monendam
552 2006 739 2070 seditionem.
783 2004 894 2088 Itaque
906 2027 948 2082 se,
962 2006 1186 2070 haud-inscium
1200 2005 1265 2088 qus
1275 2009 1369 2071 dimi·

309 2092 450 2167 cutionis,
465 2113 529 2156 cunr
549 2093 681 2156 amotis
694 2092 879 2158 descendisse
886 2114 900 2166 ,·
923 2113 984 2156 non
997 2101 1032 2156 ut
1045 2113 1219 2188 quemquam
1235 2095 1369 2176 quietius

309 2179 449 2254 uiolaret,
465 2180 519 2244 sed
531 2188 565 2241 ut
578 2177 734 2241 turbontes
747 2177 884 2240 ciuitatis
894 2179 986 2240 otiien
996 2199 1059 2260 pro
1072 2186 1230 2260 majestate
1243 2181 1371 2260 imperii

309 2274 466 2330 coercent.
520 2265 661 2330 Proinde
685 2265 801 2347 quiesse
825 2265 886 2328 erit
911 2265 1027 2328 melius.
1071 2264 1099 2338 1,
1127 2263 1239 2348 inquit,
1264 2265 1367 2340 lictor,

308 2350 444 2416 submove
453 2351 590 2423 turdum·
608 2359 638 2414 et
652 2351 693 2414 du
708 2349 789 2414 mam
800 2350 923 2413 domino
936 2351 980 2412 ad
987 2348 1234 2432 prehendendam
1249 2353 1369 2414 monci-

174 2521 179 2530 '
300 2438 400 2522 pisa
446 2435 555 2514 Quum
572 2437 641 2500 baec
656 2435 841 2500 intonuisset
855 2433 966 2518 plenus
980 2435 1048 2512 ire,
1063 2434 1236 2500 multitudo
1249 2435 1322 2519 ipsa
1336 2459 1370 2502 se

308 2543 366 2586 sua
380 2539 493 2607 sponte
507 2523 651 2598 dimovit,
667 2523 852 2621 desertaque
866 2520 977 2606 prada
990 2521 1115 2668 inquiries
1127 2520 1235 2620 puella
1250 2523 1368 2588 stabat.

310 2607 397 2674 Turn
414 2609 590 2695 Virginius,
604 2607 660 2674 ubi
681 2606 760 2672 nnn
785 2629 916 2692 usquam
937 2627 1012 2672 auxi
1028 2627 1050 2670 u
1071 2605 1160 2682 vrdrt,
1179 2605 1302 2683 Quaeso,
1318 2609 1367 2672 in·

308 2697 388 2780 quit,
410 2695 508 2780 Appi,
522 2699 654 2778 mimum
669 2695 789 2778 ignosce
801 2695 912 2775 patrio
934 2695 1045 2769 dolori,
1060 2695 1089 2757 si
1110 2695 1186 2776 quid
1203 2695 1366 2759 inelemen-

306 2782 414 2848 riuum
424 2790 455 2846 te
464 2803 527 2846 som
538 2783 687 2846 invectus.-
702 2780 812 2843 deinde
821 2780 907 2842 sinus
919 2779 1078 2845 hircorum
1089 2781 1210 2863 uirgine
1219 2783 1369 2844 nrdrr'eens

300 2868 493 2948 percontari,
509 2868 586 2949 quid
597 2867 653 2930 luoc
665 2865 715 2928 rei
728 2867 798 2928 sit?
833 2865 887 2940 Ut,
902 2867 931 2928 si
945 2863 1034 2945 solso
1052 2875 1149 2947 puter
1168 2867 1266 2930 dictses
1289 2889 1365 2943 suen,

306 2953 441 3035 aequiore
453 2952 525 3016 linc
539 2953 643 3014 animo
657 2952 818 3014 discedam.
862 2947 949 3016 Data
964 2949 1066 3030 venia,
1082 2949 1203 3016 seducit
1212 2949 1313 3016 filiam
1329 2974 1369 3016 ac

307 3036 462 3102 nutricem
479 3035 579 3122 prope
594 3035 792 3100 1⁶Closrcinre
807 3033 848 3100 ad
864 3039 1019 3114 tabernas,
1034 3035 1148 3122 quibus
1164 3057 1249 3100 nunc
1265 3037 1369 3104 Novis

147 3135 275 3199 vagentur
308 3134 356 3190 est
375 3143 503 3188 nomem
525 3130 619 3208 atque
638 3122 683 3186 ibi
705 3125 746 3187 ab
769 3121 855 3186 lanio
879 3121 982 3186 cultro
1007 3135 1144 3207 arrepto,
1161 3123 1234 3188 Hoc
1247 3134 1279 3188 te
1292 3146 1366 3202 uno,

147 3265 213 3312 etdtt

147 3201 269 3248 mim*
308 3229 370 3293 quo
381 3230 511 3291 possiem,
534 3209 589 3286 ait,
612 3210 709 3285 modo,
721 3209 813 3292 filiu,
830 3209 862 3272 in
882 3208 1052 3272 libertatem
1071 3211 1202 3274 uindico.
1249 3208 1369 3276 Pectus

307 3295 421 3362 deinde
433 3295 550 3381 puellae
564 3294 737 3382 transfigit3
761 3307 1004 3380 respectansque
1017 3293 1057 3359 ad
1073 3293 1222 3370 tribuual,
1244 3296 1299 3372 Te,
1318 3299 1369 3360 in-

306 3381 385 3468 quit,
401 3381 499 3466 Appi,
514 3392 655 3466 nutuque
667 3381 917 3464 caprdsanguine
928 3382 984 3444 tac
998 3378 1178 3446 ¹⁵consecro.
1216 3380 1368 3448 Clamore

305 3468 345 3537 td
362 3477 426 3532 tam
438 3484 532 3534 atrox
547 3467 669 3532 lucinus
683 3479 757 3531 orto
770 3467 894 3532 excitus
906 3465 1041 3550 Appius,
1052 3467 1279 3551 comprehendi
1292 3468 1369 3532 Vir-

304 3553 427 3641 ginium
444 3555 543 3640 jubet.
567 3553 621 3618 ille
643 3551 738 3626 ferro,
762 3573 961 3636 quacumque
976 3551 1051 3628 ibat,
1068 3551 1150 3616 viam
1165 3551 1284 3617 facere:
1307 3552 1367 3619 do-

304 3661 374 3724 nec,
387 3639 594 3708 multitudine
607 3639 703 3708 etiam
723 3638 748 3681 ¹⁷
756 3638 1014 3723 prosequentium
1031 3649 1150 3714 tuente,
1170 3637 1213 3704 ad
1235 3654 1366 3724 portam

499 3775 611 3824 ’Μαάθ
620 3774 773 3824 arcuum.
965 3767 1086 3823 eumaeo
1098 3773 1166 3822 nau

339 3909 370 3956 ls
388 3908 514 3970 Clwctnae]
544 3907 640 3956 Volunt
677 3907 820 3967 interpretes
852 3907 905 3952 etia
916 3919 1005 3954 nomen
1021 3907 1145 3954 invenerat
1161 3919 1192 3954 ex
1209 3919 1238 3954 en
1255 3909 1366 3967 quodet-

306 3974 347 4024 bic
366 3973 497 4034 tegendum
519 3985 570 4020 use
588 3971 715 4024 Cluacinae,
732 3982 820 4028 nempe
853 3972 920 4030 figles
941 3967 994 4032 ejus
1015 3973 1040 4018 in
1069 3971 1150 4018 cloaca
1176 3978 1271 4030 reperta
1295 3981 1365 4018 esset.

305 4035 424 4083 Venerist
453 4043 578 4097 propterea
607 4036 672 4096 quod
699 4034 820 4082 cumana
853 4033 926 4082 Plura
946 4035 1092 4082 devenere
1121 4035 1236 4083 cloacina
1257 4043 1313 4096 pete
1333 4047 1364 4084 er

305 4101 426 4160 templum
448 4101 473 4148 iu
489 4103 542 4148 toro
558 4106 630 4154 met,
649 4114 698 4160 qno
718 4100 745 4146 in
766 4100 819 4144 loco
852 4097 914 4144 Ptin.
934 4100 951 4146 l.
969 4099 1030 4150 XV.
1050 4114 1071 4146 c·
1089 4097 1128 4146 29.
1149 4101 1180 4146 de
1197 4101 1318 4160 Cloqctna,
1334 4115 1362 4148 ex

305 4177 427 4218 respons
444 4167 552 4226 geriturs
576 4165 696 4214 cloacina
713 4176 769 4210 vero
788 4172 820 4208 te·
853 4163 1208 4224 lactant-thdatalsarelig.
1220 4163 1289 4212 aio.

305 4229 350 4286 dee
363 4229 389 4278 tn
404 4229 455 4276 alis
469 4230 531 4276 soret
548 4229 616 4276 urhis
632 4229 735 4288 melone.
771 4225 819 4272 ve·
885 4226 915 4274 16
933 4227 1054 4289 Consecro]
1073 4227 1262 4276 Dirisdevoveo.

306 4291 476 4339 nusCluactnu
492 4293 526 4337 sic
540 4293 605 4346 dicta
622 4291 822 4356 fueratabantie
885 4289 915 4337 lt
926 4289 1124 4354 ,Prosequentimn
1150 4292 1278 4356 juvenum]
1316 4292 1361 4350 lia·

305 4370 354 4416 quo
366 4357 438 4403 rubo
453 4357 536 4413 cluere,
550 4357 565 4402 i.
578 4372 600 4404 e.
611 4369 720 4416 purgare.
754 4352 820 4402 Clun-
851 4355 965 4412 daminus
985 4371 1067 4404 vocam
1080 4357 1206 4417 junensem,
1218 4371 1291 4419 quam
1302 4363 1325 4404 et
1337 4357 1360 4400 tn
