3056 4928
387 221 512 289 '‘ttu.
532 229 619 288 vtn.
647 229 749 288 car.
772 227 836 288 xv.
1091 233 1148 299 4⁶7

89 391 202 458 fraude
228 393 262 456 in
287 413 406 476 paucos
431 406 574 460 auctores
590 415 724 459 versum.
769 394 809 458 ln
824 392 1013 472 lleliic'ruos,
1031 406 1223 465 veteresne.
1234 415 1290 466 tta.

90 480 173 544 eiam
194 479 368 556 Romanos,
386 481 472 566 quud
494 484 586 546 toties
608 480 821 555 rebellassens·
834 481 973 566 graviter
986 483 1185 546 saevitnmrb
1197 483 1224 530 θ·
1235 481 1291 530 333·

90 580 120 630 et
144 565 231 630 muri
256 565 381 650 dejecti,
407 581 439 631 et
460 583 585 633 senatus
607 566 685 632 inde
707 565 873 643 abductus,
893 568 1037 653 jussique
1062 583 1149 634 trans

91 651 237 716 Tiberim
252 651 415 717 babitare:
438 667 473 719 ut
487 656 563 738 ujus
579 655 633 740 qui
653 655 697 718 cia
711 652 854 716 Tiberim
871 652 1085 737 deprehensus
1100 677 1149 720 es·

89 749 144 816 set,
162 759 265 824 usqne
277 738 318 804 ad
331 739 416 804 mille
427 741 534 822 pondo
546 739 560 778 ²
570 739 735 826 clarigatio
747 751 845 814 esset3
868 761 927 803 nea
942 741 1039 824 prius,
1053 763 1148 827 quam

90 845 153 888 aere
167 823 339 909 persoluto,
363 826 399 901 is,
426 827 481 911 qui
502 827 643 909 cepisset,
659 837 749 890 extra
770 822 894 889 vincula
907 840 1034 911 captum
1051 827 1147 892 habe·

89 923 148 976 ret.
194 911 233 975 In
257 932 368 998 agrurn
392 926 572 976 senatortun
587 911 693 976 coloni
714 911 817 974 missi:
841 912 954 997 quibus
972 913 1147 998 adscriptis,

89 997 226 1080 speciem
252 999 391 1144 antiquas
413 997 599 1084 frequentiae
616 998 746 1061 Velitroe
769 1011 961 1081 receperunt.
1008 999 1051 1062 Et
1077 1002 1146 1064 An·

88 1083 169 1148 tium
191 1105 275 1147 nora
295 1085 419 1148 coouia
440 1086 534 1149 missa
555 1105 627 1148 cum
642 1107 690 1161 eo,
706 1095 742 1148 ut
756 1082 938 1148 Antiatibus
952 1087 1147 1170 permittere·

88 1183 149 1246 tur,
178 1169 204 1232 si
231 1182 263 1233 et
288 1169 347 1255 ipsi
373 1169 511 1234 adscribi
537 1170 642 1237 coloni
667 1170 793 1234 vellent.
823 1191 916 1234 naves
942 1173 1017 1234 inde
1042 1174 1147 1260 longae

88 1255 220 1332 abacta
236 1254 503 1342 interdictumque
525 1257 604 1320 mari
621 1255 743 1321 Antiati
766 1256 885 1340 populo
906 1271 964 1335 est,
987 1269 1019 1322 et
1039 1255 1149 1322 civitas

88 1341 171 1406 data.
219 1341 371 1406 Tiburtes
386 1343 638 1430 Praenestinique
659 1365 737 1430 agro
760 1341 893 1417 multati,
909 1365 1011 1442 neque
1036 1343 1077 1407 ob
1099 1366 1148 1407 rc·

88 1450 162 1494 cens
175 1441 301 1492 tantum
314 1429 504 1506 rebellionis,
519 1449 689 1492 commune
700 1450 772 1492 cum
783 1429 852 1492 aliis
865 1429 998 1510 Latinas,
1014 1431 1149 1506 crimem

89 1514 142 1578 sed
156 1514 257 1602 quod,
273 1515 370 1578 taedio
386 1515 508 1601 imperii
526 1515 675 1591 Romani,
692 1535 764 1578 cunt
778 1513 890 1594 Gallis,
901 1531 995 1600 gente
1009 1515 1147 1591 efferato,

88 1622 177 1664 arms
214 1601 376 1686 quondam
412 1601 651 1666 consociassent.
712 1601 835 1664 Ceteris
867 1601 990 1664 Latinis
1022 1602 1149 1688 populis

86 1687 100 1726 ³
109 1687 272 1752 connubia
297 1689 486 1751 commercia
507 1709 547 1751 uo
573 1700 604 1751 st
630 1686 764 1752 concilis
788 1687 871 1750 inter
894 1709 927 1750 se
950 1690 1147 1755 ademerunt.

88 1773 298 1859 *Campania
328 1774 467 1860 equitum
487 1709 627 1836 lionoris
656 1795 775 1849 caussa,
802 1773 897 1858 quial·
918 1795 990 1838 cum
1027 1775 1150 1839 Latinis

87 1859 241 1929 rebellare
254 1859 438 1936 noluissent,
465 1859 690 1942 Fundanisque
715 1873 747 1922 et
775 1859 963 1938 Formianis,
985 1862 1070 1946 quod
1092 1883 1150 1946 pen

88 1945 166 2011 fines
181 1967 291 2010 eorum
309 1960 377 2010 tuta
390 1960 566 2032 pacataque
592 1967 716 2029 semper
741 1944 850 2009 fuisset
876 1945 935 2023 via,
959 1947 1068 2011 civitas
1083 1947 1150 2011 sine

87 2032 239 2120 suffragio
268 2032 353 2096 data.
399 2033 561 2096 Cumanos
600 2031 868 2116 Suessulanosque
897 2033 1036 2118 ejusdem
1069 2034 1150 2118 juris

87 2119 351 2205 conditionisque,
368 2121 456 2204 cujus
480 2119 636 2202 Capuam,
653 2141 720 2182 csse
735 2117 862 2201 placuit.
909 2119 1014 2183 Naves
1036 2120 1150 2184 Antia·

88 2206 170 2269 tium
192 2205 358 2290 partimin
372 2205 496 2269 navalia
520 2205 634 2268 Romae
657 2203 833 2279 subductae,
857 2203 974 2287 partim
1002 2207 1148 2283 incensae,

87 2291 262 2376 rostrisque
281 2313 390 2355 earum
413 2291 607 2378 subgesturn,
624 2292 656 2352 in
683 2287 752 2352 loro
776 2300 981 2367 exstnuctum,
998 2289 1147 2354 adornati
1155 2307 1311 2356 nortmundo

88 2377 225 2462 placuit:
253 2377 429 2463 Rostraque
442 2377 455 2416 ⁵
466 2376 499 2440 id
514 2375 666 2458 templum
683 2373 887 2459 arlpellatum.
1155 2373 1226 2418 dicta.

129 2463 209 2527 XV.
233 2461 273 2528 C.
288 2463 430 2549 Sulpicio
443 2464 566 2542 Longo,
586 2461 622 2526 P.
634 2459 722 2524 AElio
740 2461 831 2524 Paeto
841 2461 1034 2538 consulibus,
1048 2483 1145 2547 quum
1157 2479 1187 2525 u.
1199 2479 1225 2525 c.
1237 2478 1293 2526 tls.

86 2549 196 2614 omnia
209 2571 274 2614 non
291 2571 366 2636 opes
383 2553 482 2636 magis
500 2549 665 2623 Romanae,
681 2569 774 2632 qnam
787 2546 946 2610 beneficiis
968 2561 1059 2632 parta
1099 2571 1146 2613 ra·
1157 2545 1187 2620 4·
1198 2543 1226 2590 ⁰·
1237 2542 1294 2590 334

86 2638 129 2700 tia
141 2637 227 2700 bona
241 2657 320 2720 pace
331 2636 498 2712 obtineret,
511 2637 593 2700 inter
608 2635 767 2699 Sidicinos
782 2637 1016 2718 Auruncosque
1030 2571 1146 2699 bellum
1158 2611 1186 2720 i]
1196 2609 1311 2718 {ll'ffm'

85 2739 205 2786 ortum.
252 2723 408 2798 Aurunci,
421 2745 441 2786 a
453 2723 494 2786 T.
510 2719 633 2786 Manlio
645 2719 818 2784 consulein
830 2718 1024 2784 deditionem
1037 2741 1149 2806 accep·
1160 2740 1226 2784 cosa

86 2809 122 2888 ti,
136 2808 218 2872 nihil
233 2807 350 2873 deinde
372 2820 553 2872 moverant:
576 2830 615 2872 eo
639 2805 768 2891 petendi
793 2804 902 2869 auxilii
924 2809 965 2869 ab
997 2807 1150 2873 Romanis

86 2916 198 2960 caussa
221 2894 339 2979 justior
366 2893 437 2960 fuit.
483 2894 547 2960 Sed
577 2895 674 2977 p'rins,
706 2913 799 2978 quarn
830 2891 973 2957 consules
1001 2893 1042 2958 ab
1071 2895 1149 2959 urbe

85 2982 237 3066 (jusserat
258 2981 343 3045 enirn
358 2995 485 3046 senatus
499 2979 625 3046 defendi
642 2981 824 3056 Auruncos)
837 2979 1012 3044 exercitum
1035 2981 1150 3046 educe-

498 3146 512 3186 δ
527 3150 568 3212 qni
579 3150 652 3198 Gran·
663 3150 735 3198 crev.

117 3295 133 3344 2
158 3295 306 3360 ctorigatio]
331 3295 463 3358 ctartgotto
484 3297 529 3343 hoc
550 3298 603 3343 loco
635 3295 740 3356 populis,
753 3297 816 3342 intra
825 3293 844 3342 l.
857 3296 904 3342 tx.
913 3311 935 3344 c.
945 3295 984 3346 ts.
996 3305 1021 3344 et
1038 3299 1152 3347 Macedo·

84 3370 121 3408 est
136 3357 180 3422 jus
200 3360 306 3406 hominia
325 3361 498 3422 prehendendi,
521 3361 555 3408 ita
575 3367 603 3406 ut
635 3361 715 3414 nibus,
728 3359 870 3408 t.xt,v.e
883 3361 922 3408 29,

83 3438 172 3485 eorpus
190 3421 245 3485 ejus
261 3427 331 3485 quasi
349 3425 444 3487 pignori
458 3431 601 3485 opponattu,
666 3423 834 3484 teampaan,
845 3425 947 3484 equitum
963 3425 1056 3473 bono&
1072 3441 1149 3480 mam,

82 3491 144 3536 dum
160 3496 254 3535 mnam
264 3491 374 3549 pecunie
390 3503 514 3537 summam
524 3490 602 3536 exsol-
634 3488 687 3550 quil
705 3482 766 3534 Haec
776 3495 813 3534 est
823 3489 943 3548 scriptura
958 3490 1062 3536 duorum
1080 3495 1150 3539 codd.

83 3554 153 3600 verit.
172 3551 232 3602 vu.
242 3553 313 3613 nura
323 3555 354 3602 de
364 3555 410 3601 bac
420 3567 478 3602 roos
494 3553 519 3600 iu
531 3552 601 3601 Lexi-
633 3563 649 3600 a
662 3552 715 3600 Jac.
724 3553 846 3600 Gronovio
856 3553 1029 3612 inspectorum,
1039 3561 1064 3601 et
1075 3555 1150 3602 trium

82 3631 113 3664 eo
133 3617 225 3666 Motu.
244 3617 361 3670 Martiali.
395 3619 540 3666 Decretum
557 3619 602 3678 igi·
633 3617 753 3664 conaris
768 3616 1004 3675 antiquissimorum,
1023 3619 1069 3664 atsi
1085 3621 1150 3679 quod

83 3688 125 3728 tur
149 3689 258 3738 senatus,
280 3690 309 3732 ut
329 3682 485 3730 Veliternum
512 3682 600 3736 arou,
634 3682 729 3742 propat
743 3681 848 3728 retinam
859 3691 944 3729 omues
961 3680 988 3728 ei
1003 3684 1068 3742 quta,
1084 3687 1151 3743 quod

81 3746 125 3806 qul
143 3745 179 3792 cis
196 3745 305 3794 Tiberim
323 3753 431 3808 repertus
450 3753 522 3800 esset,
533 3747 602 3794 cuili-
634 3745 723 3794 tabent
735 3745 808 3804 vulgo
826 3745 885 3792 editi
903 3745 967 3790 libri.
1000 3747 1078 3794 iidem
1096 3749 1150 3796 vui·

81 3812 123 3856 bat
140 3809 224 3857 liceret
240 3810 398 3870 prehendere,
413 3817 438 3858 et
456 3812 482 3858 in
499 3811 602 3858 vinculis
633 3809 684 3870 peti
703 3809 757 3856 libri
774 3809 906 3868 proterant
925 3809 1052 3870 Componis
1067 3811 1165 3870 qesta.

81 3875 203 3934 retinam
236 3875 314 3922 donec
338 3876 408 3922 ‘nilla
435 3877 524 3936 pondo,
550 3875 602 3928 sive
633 3873 688 3920 tarr
706 3873 772 3933 qnod
788 3873 902 3919 vitiosum
920 3870 1150 3934 manejuua·

81 3939 152 3986 milla
161 3939 235 3989 tium
247 3940 369 3988 nomam
380 3939 446 3997 tadu,
455 3940 524 3986 mille
533 3951 602 3988 utet
633 3938 669 3984 vit
685 3937 738 3984 lac·
757 3937 904 3994 Gronovius,
915 3937 973 3996 quia
989 3951 1062 3998 supra
1076 3952 1096 3985 c
1111 3939 1148 3986 ll.

81 4003 202 4054 otaker.
236 4004 476 4052 mustacium
495 4004 601 4051 mutua
633 4002 663 4047 iis
687 4002 770 4048 datam
795 4013 847 4048 esse
868 4001 991 4048 civitatem
1012 4001 1149 4050 Roenaaam

81 4079 138 4114 mu
157 4082 208 4116 una
223 4069 286 4116 libra
305 4068 399 4128 argenti
418 4067 538 4128 nomm,
555 4079 601 4113 uu·
629 4062 788 4126 jamdictum
804 4071 848 4112 ast.
883 4065 932 4111 tttc
950 4065 1022 4113 datur
1035 4063 1149 4115 omnibus

82 4132 314 4181 dishrisieusibus
323 4131 451 4180 dammim
461 4145 518 4180 ctam
529 4132 602 4182 dimi·
633 4129 766 4188 Garnpsnis
792 4131 818 4176 in
845 4130 950 4190 gruttam
980 4136 1005 4175 et
1032 4130 1149 4178 bonorem

83 4196 132 4244 dia.
583 4219 587 4230 ·
634 4193 756 4254 equiturn.

114 4259 281 4320 Somnum,
299 4259 485 4318 mmmmm,
505 4264 528 4308 et
548 4273 600 4308 nort·
666 4257 682 4304 ὅ
700 4257 731 4304 Id
744 4255 866 4320 mapinn]
884 4256 948 4304 Vide
959 4265 1009 4304 not.
1021 4257 1059 4305 ts
1071 4260 1102 4306 ad
1114 4260 1147 4307 li.

82 4326 137 4372 sitta
156 4327 219 4374 tara
232 4340 257 4374 re
272 4323 421 4386 mma]
438 4321 602 4376 Quonadmo·
634 4321 674 4370 ὅθ.
685 4329 710 4370 et
722 4331 771 4370 not
785 4323 823 4370 ts
835 4323 866 4369 ad
878 4322 926 4368 111.
940 4321 978 4370 ll.

81 4391 141 4440 tum
160 4397 246 4453 postu
269 4387 416 4452 quibusdam
439 4387 601 4435 Hernicorum
732 4448 753 4513 h
