3008 4908
303 199 362 250 214
681 193 792 254 TITl
820 193 954 258 LlVll

145 387 174 434 υ,
187 385 282 434 απ,
305 357 450 442 donaque
464 379 626 457 segerens
640 358 672 421 in
688 375 859 444 conspectu
879 359 1000 444 populi,
1015 361 1108 424 sc‘usa
1125 373 1213 426 ueste
1232 373 1374 446 tergun.

63 449 68 456 '
144 449 282 528 Δις-444
306 444 587 532 laceratumvrrgis
601 444 749 522 ostendit,
769 443 903 510 nihilum
926 445 1107 532 deprecans,
1123 449 1248 530 quinci
1267 467 1359 530 ermen

144 518 178 628 {fl
178 515 284 628 013⁰}ss
307 553 389 596 usam
405 552 514 594 noram
525 553 594 594 reus
607 533 708 594 dicere
716 542 828 614 posset,
838 534 981 614 privatus
996 535 1102 598 iream
1114 535 1149 596 in
1161 541 1213 598 se⁰
1227 535 1360 598 aaeuiret.

143 615 255 694 messui.
308 616 434 702 Oppius
448 638 575 715 quoque
588 615 702 682 ductus
723 617 755 680 iu
770 617 896 682 vincula
916 633 972 694 est,
993 633 1026 684 et
1047 633 1120 684 uste
1139 619 1252 704 judicii
1271 617 1360 682 diem

307 703 403 768 finem
423 702 468 767 ib1
482 703 554 768 ritae
575 702 657 768 fecit.
702 701 793 767 Bona
809 703 935 769 Claudii
951 705 1112 791 Oppiique
1135 705 1253 770 tribuni
1276 703 1362 788 pub-

305 790 459 890 licavere..
472 789 600 876 collegas
619 811 730 854 eorum
746 789 848 853 exsilii
863 812 971 890 caussa
986 791 1087 856 solum
1100 803 1277 892 verterpnt:
1302 790 1362 854 bo·

306 874 1361 1050 stetissetislltttltnlt‘ttlstffmtt

254 1079 257 1084 ·
308 1047 452 1114 dimissus
467 1048 571 1114 Tibur
584 1051 761 1114 exsulatum
784 1048 878 1114 abiit:
902 1047 1078 1136 Manesque
1093 1050 1258 1138 Virginius,
1273 1069 1363 1114 mor-

308 1149 373 1200 tuae
385 1158 479 1223 quarn
496 1136 575 1200 vivae
588 1133 747 1212 felicioris,
763 1155 820 1219 per
834 1149 881 1200 tot
902 1134 1014 1200 domos
1028 1135 1067 1202 ad
1083 1135 1233 1222 petendas
1247 1157 1362 1220 poenas

309 1245 345 1288 va
389 1222 423 1300 ti,
437 1221 524 1286 nullo
539 1221 648 1287 relicto
662 1235 751 1286 sonte
766 1221 891 1287 tandem
906 1224 1102 1308 quieveruut.

148 1317 300 1367 omuuriu.
341 1315 344 1322 ’
382 1309 446 1374 ΙΧ.
480 1308 598 1396 lugens
626 1323 727 1374 metus
754 1307 922 1374 incesserat
951 1308 1073 1390 Patres,
1096 1307 1263 1396 vultusque
1292 1308 1363 1393 jum

144 1384 403 1497 {gbl‘lli'iidem
423 1395 624 1460 tribunorum
645 1408 745 1471 eraut,
759 1395 815 1480 qui
836 1394 1084 1460 decemvirorum
1105 1395 1240 1472 fuerant,
1261 1416 1363 1480 quum

186 1481 194 1496 '
310 1481 363 1570 Mf·
376 1481 505 1548 Duilius
528 1481 798 1566 tribunusplebis,
814 1479 983 1546 ‘’inhibito
1005 1480 1173 1546 sulubriter
1194 1481 1292 1546 modo
1316 1481 1363 1546 ui·

308 1569 381 1632 mire
403 1568 577 1652 potestatis,
592 1571 638 1632 Et
651 1568 813 1644 libertatis,
829 1567 942 1652 iuquit,
957 1579 1078 1645 nostre,
1096 1579 1125 1632 et
1142 1589 1304 1651 poeaoeaem
1327 1589 1366 1632 ex

309 1657 442 1720 inimicis
455 1657 532 1720 satis
545 1666 599 1720 est.
629 1655 734 1738 itaque
746 1655 801 1716 hor
815 1675 898 1718 cerno
912 1675 965 1718 nec
979 1657 1057 1718 diem
1068 1657 1133 1720 dici
1144 1655 1293 1739 adquam
1310 1676 1365 1718 aec

308 1745 343 1806 'in
357 1745 479 1806 uincula
493 1744 564 1806 duci
576 1761 750 1826 quemquam
763 1761 827 1804 uem
847 1761 1002 1822 posueram
1047 1741 1130 1804 Nam
1151 1763 1246 1825 mque
1260 1753 1366 1806 vetera

303 1838 433 1911 peecata
457 1831 557 1910 repeti
571 1827 642 1911 jau
667 1827 832 1890 obliterato
852 1829 967 1908 placet,
982 1825 1105 1910 68ᾳιιιιιιι
1131 1849 1210 1892 nono
1233 1831 1366 1910 eapiutu

307 1917 371 1980 sint
382 1916 612 1978 decemuirorum
625 1913 805 1996 supplicius
828 1923 858 1976 et
872 1913 953 1976 nihil
965 1914 1125 1978 admiserant
1141 1915 1194 1990 ἐπ’,
1206 1918 1287 1998 quod
1301 1917 1363 1980 vira

308 2001 504 2065 tribuniciam
519 2003 678 2076 desideret,
693 2001 820 2081 spondet
828 2008 981 2082 perpetuo
995 2001 1145 2064 corrudam
1160 2001 1314 2064 ambonem
1328 2003 1365 2064 ire
1462 2021 1470 2032 ·

306 2087 450 2151 libertate
461 2098 561 2152 uestra
579 2089 692 2150 tuenda
708 2107 792 2149 cura.
839 2083 885 2148 Ea
899 2085 1038 2169 primum
1054 2085 1227 2150 moderatio
1238 2086 1362 2150 tribuni

307 2189 426 2238 metum
456 2173 603 2238 Patribus
628 2171 753 2250 deussit,
777 2169 951 2256 eademque
975 2172 1061 2236 auxit
1087 2171 1254 2237 consulum
1280 2171 1365 2238 invi·

306 2261 410 2338 dium3
433 2263 518 2346 quod
542 2261 619 2324 adeo
640 2259 699 2323 toti
721 2257 821 2342 plebis
844 2256 986 2336 luissent,
1003 2273 1037 2322 ut
1055 2257 1185 2322 Petrum
1202 2258 1311 2324 salotis
1323 2258 1365 2322 li·

308 2346 498 2434 hastatisque
520 2347 609 2432 prior
631 2344 754 2430 plebeio
777 2344 981 2430 rnagistratui,
1002 2365 1097 2429 quam
1118 2345 1262 2430 patricio,
1284 2368 1366 2413 curs

307 2433 431 2510 fuisset3
453 2448 484 2498 et
496 2447 569 2498 autc
583 2432 727 2498 inimicos
743 2430 867 2496 satietas
887 2451 1054 2515 poenarum
1074 2452 1201 2496 suarum
1216 2433 1366 2520 cepisset,

329 2541 401 2586 uam
431 2520 556 2586 obviarn
586 2520 685 2585 ituros
711 2516 845 2582 licentiae
872 2539 981 2584 eorum
1008 2516 1154 2583 consules
1182 2517 1365 2602 adpareret.

306 2545 405 2672 iidulti
431 2629 470 2672 ue
480 2620 581 2683 crant,
593 2607 647 2691 qui
662 2603 788 2668 mollius
800 2601 976 2668 consultum
992 2603 1141 2681 dicerent,
1156 2605 1243 2689 quud
1257 2605 1366 2704 legum

306 2695 347 2758 ab
363 2694 400 2758 iis
408 2631 549 2758 istarum
565 2693 672 2756 Patres
683 2703 827 2754 auctores
837 2687 978 2754 luissent.
993 2688 1205 2776 ⁶⁴uequeerat
1216 2690 1365 2769 dubium,

307 2781 395 2866 quin,
411 2779 539 2844 turbato
554 2775 735 2861 reipublicae
750 2787 843 2850 statu,
856 2777 990 2860 tempori
1004 2775 1254 2842 subcubuissent.

352 2866 423 2929 LX.
448 2863 614 2942 Consules,
629 2863 723 2926 rebus
736 2860 864 2926 urbanis
879 2863 1072 2946 compositis,
1087 2861 1282 2948 fuirdatoque
1296 2867 1367 2948 ple·

308 2953 356 3016 bis
377 2962 471 3030 statu,
496 2951 526 3012 in
553 2949 731 3035 provincius
755 2947 870 3010 diversi
894 2947 1010 3014 abiere.
1055 2948 1198 3014 Valerius
1212 2949 1366 3016 adversm

146 3065 242 3111 nerium
308 3037 577 3122 conjunctosjam
602 3036 632 3098 in
657 3033 773 3120 Algido
794 3035 950 3099 exercitus
965 3033 1007 3098 AE
1030 3056 1143 3100 uorum
1160 3035 1369 3102 Volscorum-

145 3129 294 3204 cummqpu
332 3147 370 3186 ue
392 3121 572 3186 ⁶⁵sustinuit
593 3120 727 3185 consilio
749 3119 879 3184 bellum.
931 3059 1029 3197 Quod
1054 3122 1079 3184 si
1106 3121 1273 3207 extemplo
1296 3145 1365 3188 rem

145 3201 171 3244 ’ἶ
182 3193 284 3241 Volsca.
308 3149 447 3274 iortunae
468 3209 682 3284 commisisset,
706 3205 826 3272 llhaud
852 3207 927 3284 scio,
952 3229 992 3270 uu
1021 3208 1088 3294 (qui
1112 3222 1179 3272 tum
1203 3209 1301 3273 animi
1323 3209 1368 3274 ab

655 3311 925 3364 ,⁰iarea'terrrmGron.
938 3313 1008 3360 Creu.
1083 3360 1089 3373 ,

308 3419 367 3464 bant
382 3431 411 3464 es
428 3419 499 3470 done.
519 3431 572 3476 quae
591 3427 654 3462 unus
676 3413 731 3474 quis
748 3411 819 3460 miles
851 3413 1135 3472 musesarlptleuoatris
1149 3425 1164 3458 e
1180 3411 1366 3472 primamauus

307 3488 350 3529 eut
360 3483 470 3530 centurio
480 3489 549 3528 estre
564 3487 697 3529 ceterorum
709 3477 818 3524 ordinem
851 3475 932 3524 littera
947 3492 959 3523 e
975 3478 1000 3524 ln
1018 3477 1064 3524 fine
1082 3483 1217 3524 atramento
1233 3477 1369 3524 macedon

307 3548 413 3595 referret.
851 3541 968 3588 allitueat.

340 3611 371 3660 62
395 3609 630 3660 bolbiton-morlo
655 3609 734 3654 alseio
767 3610 819 3667 pol·
883 3603 917 3651 68
934 3605 1011 3661 Qum
1027 3607 1096 3672 eoru]
1115 3605 1201 3666 scripti
1219 3607 1296 3651 nostrl
1315 3619 1372 3652 om.

305 3677 386 3741 erare]
403 3679 520 3738 Apposlto
537 3683 561 3722 et
577 3675 685 3721 adhibito
700 3673 772 3718 modo
784 3671 820 3718 ni·
853 3683 904 3724 nea,
917 3677 944 3718 ut
955 3679 980 3718 et
990 3672 1106 3732 aliquot'e
1117 3671 1286 3730 Gronoviauis,
1297 3685 1369 3732 quas

307 3736 819 3862 iiiiriiiimidediricaileddidduprriwiiiacuuidi
852 3737 1016 3862 “230vaqu
1036 3803 1086 3846 erat
1109 3799 1212 3854 duosam,
1235 3799 1306 3864 quin]
1335 3801 1368 3848 Et

306 3871 356 3917 lere
375 3871 468 3918 modum
490 3868 607 3929 potestati.
630 3868 664 3913 alc
685 3866 749 3912 infru
772 3865 819 3911 lv.
852 3867 977 3911 constabat
997 3865 1089 3918 Patres.
1109 3865 1206 3911 turbato
1227 3866 1368 3923 reipublicae

307 3935 346 3982 53.
374 3935 497 3982 &aarum
506 3932 604 3978 aliamue
615 3933 771 3977 coercitionem
781 3929 819 3976 de-
852 3935 925 3984 statu,
936 3943 1013 3990 quum
1025 3933 1050 3976 in
1061 3936 1142 3976 totum
1162 3931 1312 3976 meramnum
1329 3945 1368 3977 or—

307 3999 455 4046 irerlurrla'bue
484 3997 595 4043 medillam
624 3997 742 4042 irrluilcrrli.
787 3995 819 4040 Et
851 3993 932 4040 dinem
953 4001 1047 4054 partem
1060 3993 1164 4042 ‹iuudlre
1182 3993 1369 4053 Dacernviralis,

306 4066 392 4110 ecdem
409 4064 450 4111 lib.
467 4077 488 4110 c.
507 4061 548 4108 56.
562 4059 818 4118 consultorumque..
852 4060 920 4117 qusai
948 4060 1089 4120 mntaglone
1116 4059 1234 4118 quadum,
1256 4071 1370 4106 manases

306 4129 355 4173 uim
373 4139 442 4188 super
462 4127 507 4173 tall
528 4137 553 4170 re
574 4123 701 4170 irrisibilem.
738 4123 820 4184 Vulgo
851 4122 1255 4184 intelligerenteeeeiasetemport

302 4192 438 4251 poteratis.-
460 4192 583 4246 mendose,
602 4189 684 4248 procul
704 4189 822 4245 dubio,et
885 4185 918 4233 65
942 4187 1060 4233 Sustinuit
1075 4217 1082 4232 .
1099 4217 1107 4232 .
1124 4217 1131 4230 .
1150 4186 1242 4251 bellem]
1271 4187 1367 4243 Traxit,

306 4262 391 4302 contra
417 4255 510 4302 latinas
532 4255 622 4313 linguae
644 4253 822 4313 proprietatem.
855 4263 900 4296 nec
910 4265 936 4298 ae
947 4253 1030 4298 atatim
1041 4265 1130 4314 pugnae
1141 4251 1273 4298 commisit.

308 4317 823 4377 Gronoviuamonstraveretlegendumpol·
888 4314 1027 4362 evum
1046 4321 1094 4362 arlo
1120 4329 1150 4361 oo
1191 4315 1292 4376 Supple,
1315 4329 1368 4362 noa.

306 4385 388 4431 estatis
405 4386 469 4446 quod
490 4397 534 4430 nos
553 4397 582 4428 eo
600 4381 714 4428 libentius
731 4381 822 4439 recepi-
856 4381 917 4428 Hac
933 4381 1046 4442 loquendi
1062 4381 1140 4428 form
1165 4382 1222 4428 dem
1238 4380 1311 4438 valet,
1329 4394 1370 4430 ao·

306 4461 372 4508 snus,
384 4449 449 4510 quod
466 4450 500 4496 sic
519 4450 590 4511 plane
601 4445 673 4492 habet
685 4445 822 4506 antiquissi·
848 4445 956 4507 sorlusae.
