3056 4928
389 293 393 298 -
420 263 516 328 nis.
532 217 753 330 ‘vrnscsn
778 263 905 330 xxxv.
1136 273 1195 342 aas

10 417 12 434 '
138 423 190 493 'iu
200 445 233 494 se
240 429 429 512 peonnam
444 431 620 493 dictatorem
630 427 719 514 etjus
729 427 892 494 dinanuo
900 423 1082 515 emtirtguae.
1107 430 1199 508 ρμοᾰ
1206 441 1234 489 u.
1247 441 1275 490 c.
1286 437 1341 490 aaa

139 515 312 599 efesus,
323 535 384 577 m
400 513 440 578 u
457 517 631 598 Papirium,
645 519 699 580 sm
711 516 859 595 munos,
873 518 927 581 sec
942 537 1074 599 mamm
1087 509 1236 602 papus*-
1247 501 1342 554 cns.

129 600 293 685 judicium,
324 603 525 686 nequidquam
548 611 686 684 posteros
713 613 922 668 ommuturos:
952 623 1051 688 qmem,
1074 607 1197 687 polluta

139 688 228 752 senei
249 687 382 752 militari
399 689 653 770 disciplinarum
666 689 751 752 miles
769 691 964 766 centurionis,
980 709 1041 752 non
1062 694 1198 755 centurio

139 773 268 850 citimi,
279 793 341 836 uon
355 773 494 837 tribunus
503 775 608 860 legati,
620 793 681 836 non
694 775 811 858 legatus
825 777 963 852 emmelis,
976 769 1039 838 'nors
1054 779 1199 861 magister

139 861 272 942 equitum
286 861 447 923 dictatoris
454 869 571 942 parcat
584 861 730 942 imperio,-
746 881 831 924 nemo
844 862 1005 938 hominem,
1017 883 1102 926 nmnn
1114 865 1197 928 Dec·

139 965 204 1008 nm
220 945 571 1017 emmunitatem,
589 965 650 1010 nou
662 948 765 1011 edicta
779 949 1004 1028 imperatorem,
1020 969 1081 1037 non
1094 952 1199 1034 auspi·

139 1032 189 1094 cio
204 1031 413 1103 clementum
437 1033 503 1095 sine
516 1041 678 1095 commeatu
691 1034 766 1117 cogi
777 1035 889 1098 milites
900 1035 933 1096 in
941 1045 1067 1116 pacato,
1084 1037 1117 1098 iu
1131 1035 1199 1100 lios·

140 1119 201 1182 lico
214 1127 328 1195 errent,
345 1120 519 1182 inmemores
537 1121 728 1194 samarrenti,
744 1121 869 1182 licerstin
889 1121 955 1184 sola
971 1141 1011 1196 se,
1027 1121 1080 1184 ubi
1093 1123 1198 1198 uelint,

139 1213 353 1275 emunctorium,⁸
378 1204 585 1289 inrequieta
600 1205 779 1268 deserantur
799 1207 905 1290 signos
930 1227 1024 1290 neque
1038 1211 1199 1271 conversic-

139 1297 191 1354 ur
210 1292 254 1352 ad
272 1291 410 1366 edictus,
426 1311 481 1353 nec
503 1291 703 1366 discernatur,
720 1293 856 1354 interdiu
877 1300 971 1367 nocte,
987 1289 1073 1378 ceq‘rm
1093 1295 1199 1378 iniquo

138 1377 213 1454 loco,
218 1375 310 1460 jarem
320 1375 435 1460 injussu
444 1377 639 1458 imperatoris
646 1387 786 1461 pugnent
791 1411 803 1449 ,·
820 1387 850 1440 et
860 1379 1033 1462 consigna,
1043 1399 1104 1442 uon
1114 1383 1199 1444 ordi·

139 1483 191 1527 nes
204 1472 324 1528 seruent
332 1495 344 1535 ,·
367 1463 528 1527 lenocinii
544 1463 629 1525 mado
650 1482 728 1525 cccco
743 1472 774 1525 et
781 1463 934 1547 fortuita,
944 1485 1006 1550 pro
1019 1465 1157 1530 sollemni
1168 1476 1199 1529 et

139 1545 297 1613 ⁸⁴sacrata
311 1549 427 1612 milido
440 1549 492 1612 sit.
538 1547 656 1611 Horum
669 1549 828 1612 mimirum
842 1571 893 1614 uos
908 1569 975 1613 reos
989 1550 1024 1613 in
1038 1553 1140 1614 omnia
1153 1573 1199 1616 se·

139 1636 208 1699 cula
218 1635 343 1720 olferte,
356 1634 472 1721 tribuni
479 1633 582 1716 plebi:
597 1631 623 1674 ⁸⁶
631 1643 731 1698 vestro
742 1633 872 1699 chroma
881 1637 988 1719 capita
997 1657 1059 1718 pro
1072 1637 1199 1701 lieentia

142 1719 183 1798 Q,
197 1721 314 1784 Fabii·
325 1720 460 1804 objicite.

183 1805 337 1872 XXXV.
361 1809 530 1890 stupentes
550 1805 693 1870 tribunos
717 1819 749 1872 et
773 1803 860 1871 suam
881 1807 947 1893 jam
973 1809 1072 1874 ricem
1100 1810 1199 1898 magis

140 1894 261 1970 anxios,
276 1913 369 1979 quam
393 1893 469 1978 ejus,
489 1892 540 1956 cui
565 1891 715 1956 auxilium
739 1891 779 1957 ab
803 1915 835 1957 se
860 1894 1035 1978 petebatur,
1055 1895 1200 1962 liberavit

140 2001 236 2044 onere
250 1999 420 2043 consensus
441 1978 551 2062 populi
567 1978 714 2054 Romani,
730 1978 770 2043 ed
790 2001 897 2064 preces
911 1994 944 2044 et
957 1982 1199 2046 obtestationem

139 2087 258 2141 versus,
273 2076 310 2130 nt
323 2066 382 2130 sibi
403 2085 534 2150 poensm
549 2065 692 2151 magistri
706 2066 846 2150 equitum
862 2065 999 2131 dictator
1017 2069 1199 2156 remitteret.

141 2151 282 2216 Tribuni
296 2171 432 2238 qunque,
449 2151 628 2215 inclinatam
644 2171 711 2215 rem
732 2152 765 2214 in
791 2172 901 2236 preces
922 2151 1093 2235 subsecuti,
1108 2175 1199 2222 orare

140 2238 327 2304 dictatorem
343 2237 500 2312 insistunt,
516 2249 552 2300 ut
564 2238 687 2300 veniam
703 2239 804 2301 errori
818 2235 969 2315 humano,
984 2241 1107 2304 veniam
1123 2241 1236 2306 ado-r.
1247 2259 1345 2308 mm

139 2325 299 2391 lescentiae
329 2325 371 2400 Q.
403 2323 492 2388 Fabii
511 2323 629 2387 ‘dareta
663 2324 738 2386 satis
768 2343 841 2388 eum
870 2343 1038 2408 poenacunr
1068 2325 1354 2393 dedpmrsrueuu·

140 2412 211 2477 lam
242 2411 310 2497 ipse
338 2409 528 2487 adolescens,
554 2411 620 2495 jam
650 2424 740 2494 pater
771 2407 818 2472 M.
847 2408 964 2474 Fabius
992 2401 1270 2478 contentionum

141 2498 241 2575 obliti,
256 2495 466 2584 procumbere
487 2495 528 2559 ed
551 2516 664 2581 genua,
682 2506 714 2559 et
738 2495 817 2558 iram
843 2495 1005 2580 deprecari
1029 2497 1201 2566 dictatoris.

142 2583 240 2649 Tum·
255 2584 402 2660 dictator,
427 2581 551 2646 silentio
572 2580 666 2658 facto,
687 2581 773 2646 Bene
795 2581 895 2658 labet,
918 2582 1031 2669 inquit,
1055 2587 1202 2659 Quirites.

141 2674 214 2736 uicit
228 2671 396 2753 disciplina
410 2669 566 2745 militaris,
582 2669 657 2732 vicit
670 2669 795 2751 imperii
806 2667 957 2753 majestas,
969 2689 1038 2754 qiua
1048 2673 1082 2734 in
1096 2673 1203 2736 discri-

142 2759 223 2822 mine
219 2755 367 2842 firmum,
375 2778 420 2819 an
428 2757 493 2818 ullo
499 2764 571 2838 post
579 2755 658 2818 lanc
667 2756 745 2818 diem
757 2764 863 2818 emerit.
881 2755 951 2818 Nou
961 2759 1204 2822 uosaeeaimitur

145 2843 185 2921 Q,
194 2841 383 2926 Fabiusque·
392 2850 499 2905 coutm
510 2843 637 2904 edictum
652 2841 846 2923 imperatoris
854 2844 1025 2925 migravit,-
1041 2845 1103 2921 sed,
1115 2865 1204 2909 noca

141 2933 314 3004 munaus,
326 2931 459 2992 donatur
467 2929 583 3010 populo
596 2927 754 2999 Romnum
771 2928 904 2990 donatur
916 2928 1093 2994 tribuniciae
1103 2941 1204 3014 potes-

142 3018 213 3093 tati,
219 3015 396 3099 precarium
404 3012 587 3097 nonjustum
597 3013 879 3096 aucilimuferenti.
909 3013 990 3091 Vive,
1004 3014 1046 3092 Q.
1056 3017 1203 3101 Foli,fe·

142 3104 235 3166 licior-
248 3103 304 3165 ltoc
319 3121 461 3164 consensu
478 3101 614 3164 ciuitatis
627 3101 672 3161 ad
690 3101 831 3162 tuendum
845 3107 885 3176 te,
901 3121 1001 3186 quam,
1017 3123 1079 3188 qua
1094 3103 1220 3187 paullo

143 3199 216 3253 ante
225 3186 557 3263 ernltobmmictoric.
572 3187 650 3264 uiue,
659 3185 694 3248 id
690 3185 823 3269 facinus
831 3207 931 3267 ausus,
941 3187 1025 3272 cujus
1032 3189 1092 3254 tili
1099 3212 1138 3254 ne
1141 3211 1205 3274 pa-

143 3295 214 3341 reus
228 3277 358 3358 quidem,
374 3274 403 3337 si
416 3274 516 3336 eodem
529 3271 721 3354 loeofiiisset,
737 3271 871 3356 quofirit
885 3273 927 3338 L.
942 3276 1105 3358 Papirius,
1121 3279 1205 3341 veni·

142 3363 348 3430 amdedisset.
387 3357 519 3434 Mecum,
533 3365 568 3420 ut
581 3357 670 3434 voles,
685 3360 846 3421 reuerteris
865 3358 898 3420 in
916 3363 1073 3442 gratiomr
1087 3365 1206 3445 populo

144 3447 296 3523 Romarm
311 3447 362 3509 cui
375 3447 469 3509 vitam
484 3443 580 3520 debes,
595 3442 678 3505 sitit
691 3441 787 3526 majia
800 3445 997 3528 prestiteris,
1012 3468 1100 3531 quom
1115 3450 1144 3512 si
1156 3451 1207 3513 tic

144 3533 204 3598 tibi
218 3535 284 3598 dies
297 3533 374 3597 satis
387 3531 555 3593 documenti
568 3529 697 3604 dederit,
708 3538 743 3590 ut
756 3527 833 3592 bello
846 3550 884 3593 ac
891 3551 972 3612 pace
979 3534 1055 3614 pati
1067 3533 1206 3618 legitimo

145 3621 277 3704 imperia
295 3619 405 3700 possis.
450 3614 560 3690 Quum
576 3636 608 3677 se
629 3611 708 3678 nihil
732 3613 850 3676 morari
864 3615 1048 3702 magistrum
1064 3620 1204 3705 equitum

144 3704 393 3790 pronunciasset,
409 3703 588 3789 degressum
609 3719 682 3764 eum
703 3699 860 3783 “templo
884 3700 975 3766 laetus
997 3717 1131 3784 senatus,
1150 3705 1207 3770 lae-
1334 3733 1345 3756 ·

143 3793 208 3856 tior
222 3790 368 3877 populns,
384 3786 578 3863 circumfusi,
595 3807 632 3849 ac
644 3783 838 3885 gratulantes
859 3783 935 3851 hinc
957 3791 1106 3876 magistro
1119 3793 1207 3878 equi-

145 3890 225 3955 tum,
240 3875 315 3940 hinc
328 3873 486 3951 dictatori,
501 3885 656 3958 prosecuti
680 3884 772 3938 sunt:
795 3869 1015 3960 firmatumque
1038 3875 1206 3960 imperium

332 4055 344 4094 f
353 4059 408 4111 add.
419 4061 539 4108 Rornarm
550 4062 625 4109 Gran.
636 4059 705 4108 Creu.
802 4064 816 4105 Ι
828 4059 858 4117 Q.
868 4061 944 4110 Fullo
955 4061 1023 4111 aaa

178 4245 212 4293 84
227 4243 341 4306 Secreta]
356 4243 446 4291 untur
455 4250 548 4292 manta
559 4245 661 4293 habebe-
693 4245 862 4306 gratificemini
882 4244 913 4299 Q.
930 4244 1016 4302 Fabio,
1038 4252 1063 4292 et
1085 4245 1207 4294 licentiam

144 4315 187 4357 tur
197 4311 229 4356 ab
239 4315 417 4355 remunenturn
430 4307 540 4356 militare.
693 4306 746 4372 ejus
757 4309 883 4360 tueamini.

179 4375 212 4422 83
233 4373 315 4420 Vestra
335 4372 433 4418 olmeto
453 4373 545 4438 eapite]
573 4373 662 4422 Vestra
725 4373 758 4422 86
777 4373 882 4438 Tempu]
899 4375 999 4424 nornis
1019 4375 1074 4423 Vld.
1094 4387 1166 4436 tuln
1187 4389 1210 4424 c.

147 4439 227 4500 captu
246 4436 388 4498 obstringlte
408 4442 444 4484 tot
465 4438 616 4498 criminibus,
633 4447 661 4488 ut
695 4439 732 4488 lt
