3032 4924
386 230 479 289 LIB.
500 227 535 287 V.
563 225 664 290 CAP.
693 225 839 286 XXXIX.
1092 229 1146 282 sat

105 387 234 454 mediam
249 388 350 454 aciem
365 387 525 456 baberent
549 387 696 456 Paullum
709 399 778 454 erat
792 387 976 455 abulextem
988 385 1065 455 editi
1075 385 1149 462 loci,
1160 403 1187 450 u.
1199 403 1293 454 ossas

106 497 193 560 quem
207 473 402 540 subsidiariis
423 476 537 562 impleri
554 476 694 626 placuit3
796 497 887 552 eres,
903 487 940 540 ut
953 475 1078 538 initium
1092 471 1189 558 pa&
1201 472 1296 521 ΟΜ·

106 562 183 625 voris
203 583 240 627 ao
261 560 356 650 fuga,
371 563 415 626 sio
436 585 500 628 una
520 585 553 626 sa
569 584 604 628 us
625 562 755 664 fugienti
778 585 815 626 us
834 561 902 626 fuit.
945 562 1030 626 Na'm
1049 559 1150 632 Bion„

106 668 169 724 nus,
184 646 312 736 regulus
325 648 504 727 Gallorum,
519 650 553 712 in
574 661 730 734 paucitate
749 648 886 712 bostium
899 660 999 712 artem
1017 646 1151 710 maxime

105 733 222 813 timens,
240 747 326 798 ratus
341 734 380 797 ad
396 735 428 799 id
445 747 571 820 captum
586 735 778 822 asperiorem
799 735 915 813 locum,
931 746 976 808 ιιι,
992 733 1047 797 ubi
1062 730 1151 797 Galli

106 841 172 882 cum
182 819 249 883 acie
264 820 424 906 legionum
440 834 525 886 reeta
538 819 641 886 fronte
652 821 951 900 concucurrissent‘,
966 817 1105 884 subsidia
1118 818 1151 881 in

106 927 222 970 eversos
235 918 493 994 transversosque
508 911 647 994 inpetum
661 907 832 984 darent5ad
847 906 1049 971 subsidiarios
1062 904 1153 992 signa

105 991 269 1057 convertit:
293 994 318 1056 si
342 1015 395 1057 eos
419 994 488 1058 loeo
512 993 691 1079 depulisset,
714 991 801 1057 haud
825 993 950 1068 dubius,
972 991 1092 1055 facilem
1117 991 1151 1053 in
1243 1011 1247 1019 ·

105 1077 1152 1230 tltttllitlt't{ittetttulit?{limittit

616 1215 620 1222 .
813 1210 822 1241 ,
1137 1197 1152 1212 ⁸

105 1247 163 1313 but.
206 1250 245 1314 In
262 1251 362 1318 altera
375 1251 441 1316 acie
462 1212 541 1318 nihil
562 1253 663 1315 simile
680 1251 841 1327 Romanis,
856 1273 921 1314 non
943 1250 1029 1336 apud
1043 1248 1151 1328 eluces,

106 1356 164 1398 non
180 1337 265 1421 apud
290 1337 413 1418 milites,
428 1352 505 1404 eret.
527 1359 625 1422 pavor
643 1337 675 1402 fu
740 1359 780 1402 ue
794 1349 1003 1421 occupaverat
1015 1334 1150 1410 animos,

105 1419 164 1485 ⁴'et
176 1435 265 1486 tanta
286 1422 451 1488 hominum
468 1423 593 1502 oblivio,
612 1436 647 1487 ut
667 1445 719 1490 mu
734 1439 767 1487 to
789 1425 890 1509 major
910 1443 983 1508 pots
997 1421 1102 1498 Veios,
1117 1421 1151 1484 in

106 1507 232 1572 hostium
258 1509 381 1587 urbem,
399 1531 496 1596 quum
520 1509 645 1574 'liberis
666 1524 797 1585 erueret,
811 1527 904 1595 quam
929 1521 1017 1573 racto
1039 1507 1152 1573 itinere

106 1592 232 1660 Romam
247 1595 290 1659 ad
305 1597 455 1683 eonjuges
469 1619 507 1660 ao
519 1595 635 1660 libems
654 1595 808 1684 sugerent.
854 1595 1030 1680 Parumper
1051 1593 1151 1658 sobai·
1161 1605 1250 1668 Turpi·
1259 1609 1307 1656 tto

106 1677 212 1744 diarios
227 1695 350 1746 tutatus
365 1694 412 1745 est
431 1681 529 1746 locus.
549 1684 580 1746 in
598 1681 717 1768 reliqua
736 1682 803 1746 acie
817 1681 945 1746 ⁴⁹simul
959 1693 1008 1746 ast
1020 1680 1289 1782 olam0r‚}¹¹⁸¹¹⁰¹¹¹¹²²

105 1767 250 1848 pmximis
264 1766 308 1832 ab
327 1767 434 1846 latare,
450 1767 568 1832 ultimis
585 1767 624 1832 ab
646 1781 746 1856 tergo,
761 1768 896 1846 auditus,
913 1769 1057 1856 ignotum
1078 1765 1152 1830 boe·
1171 1751 1225 1797 ¹¹⁸⁸

106 1863 162 1915 ιειιι
180 1854 267 1938 prius
307 1875 365 1917 ene
378 1873 473 1941 quam
494 1853 645 1931 viderent,
662 1875 726 1918 non
747 1853 843 1919 modo
862 1875 926 1918 non
949 1867 1070 1919 tentato
1084 1872 1153 1916 ces*-

107 1937 225 2016 tamiua
240 1876 306 2004 sel
321 1961 362 2005 ne
382 1940 520 2004 clamore
561 1941 666 2005 uidem
688 1940 824 2018 reddito,
843 1942 957 2028 integri
981 1941 1154 2026 intactique

106 2021 253 2109 sugerunt.
303 2026 371 2090 Nec
401 2025 464 2090 ulla
492 1963 594 2100 cales
617 2028 828 2112 pugnantium
855 2026 926 2091 fuit.
955 2041 1044 2114 terga
1072 2045 1154 2090 ooesa

108 2123 220 2176 montet
243 2113 388 2197 ipsorum
413 2113 582 2177 certamine
605 2113 637 2176 in
664 2113 756 2178 turba
780 2113 1008 2196 inpedientium
1034 2111 1153 2198 fugam.

108 2192 195 2260 cirea
219 2199 325 2284 ripam
349 2197 485 2274 Tiberis,
506 2221 570 2286 quo
595 2197 687 2262 armis
713 2199 841 2285 abjectis
861 2211 963 2262 totum
990 2197 1153 2262 sinistrum

107 2300 197 2346 cornu
211 2281 380 2372 ”defugit
397 2307 427 2348 m
471 2307 512 2348 na
530 2300 649 2372 strages
670 2284 752 2348 lacta
772 2297 835 2348 ast:
861 2283 1046 2370 multosque,
1064 2284 1153 2366 iape-

107 2365 176 2431 ritos
189 2369 287 2434 nandi
303 2382 358 2434 aut
375 2307 539 2448 invilidos,
554 2391 665 2458 graves
685 2370 790 2434 loricis
812 2370 942 2456 aliisque
962 2367 1155 2456 tegminibus

107 2449 229 2522 hausere
248 2457 404 2544 gurgites.
420 2456 557 2521 maxima
572 2469 676 2520 tamen
692 2475 764 2542 pars
786 2454 951 2520 incolumis
966 2455 1060 2518 Veios
1081 2475 1153 2540 per-

106 2535 198 2638 fugit3
218 2542 308 2606 unde
327 2562 392 2606 non
415 2541 511 2606 modo
533 2541 671 2628 praesidii
686 2541 869 2692 quidsppum,
884 2541 938 2605 sed
961 2561 1002 2604 ne
1018 2539 1153 2603 nunnius

107 2625 225 2710 qudem
234 2625 347 2702 eladis,
365 2627 500 2693 Romam
516 2641 562 2693 est
584 2627 704 2694 missus.
748 2631 776 2693 A
813 2627 927 2691 dextro
941 2647 1052 2707 cornu,
1065 2625 1153 2712 quod

107 2713 208 2793 procul
222 2737 242 2777 a
256 2713 389 2779 flumine
403 2728 435 2779 at
456 2716 556 2816 magis
572 2714 631 2780 sub
653 2727 760 2778 monte
781 2727 915 2790 steterat,
934 2713 1070 2778 Romam
1084 2731 1154 2775 om·

106 2815 156 2862 nes
166 2799 298 2884 petiere,
314 2813 356 2882 et,
367 2821 408 2865 ne
421 2800 534 2866 olausts
545 2801 671 2887 quidem
685 2801 785 2886 postis
800 2801 902 2877 urbis,
912 2800 945 2863 iu
959 2819 1064 2866 amem
1079 2817 1153 2863 oon-
1209 2871 1212 2878 Δ

107 2879 137 2946 lu
234 2901 257 2949 t.

137 2904 321 3036 ἯΧῙΧ.
344 2971 457 3038 Gallos
471 2995 596 3060 quoque
611 2973 696 3038 velut
714 2971 945 3060 obstupefactos
967 2971 1152 3037 miraculum
1163 2987 1316 3050 uuttqnm·

108 3053 240 3121 vietoaioe
252 3073 322 3123 tam
338 3060 509 3144 repentina
524 3061 638 3125 tenuit.
653 3071 684 3123 et
697 3059 755 3145 ipsi
772 3079 887 3142 pavore
898 3059 996 3124 defixi
1016 3059 1153 3142 primum
1162 3053 1229 3100 Μ’
1240 3056 1290 3102 ¹³⁰·

108 3151 265 3224 steterunt,
286 3143 371 3209 velut
392 3146 505 3232 ignari,
524 3146 601 3233 quid
623 3145 796 3210 accidisset.
816 3145 931 3211 deinde
951 3144 1080 3210 insidias
1100 3125 1314 3213 'spumeum

108 3229 181 3306 reni3
200 3241 366 3316 postremo
378 3253 530 3312 caesorum
551 3231 653 3318 spolia
671 3231 786 3320 legera,
801 3251 1024 3318 armorumque
1045 3253 1156 3296 cumu-

109 3310 161 3392 los,
176 3329 211 3380 ut
224 3339 294 3381 mos
308 3316 352 3380 eis
366 3331 422 3394 est,
439 3339 633 3383 coacervare.
668 3318 752 3381 Tum
767 3316 908 3398 demum,
923 3331 1092 3404 postquam
1107 3318 1157 3380 ni·

109 3395 148 3463 hil
163 3423 306 3489 usquam
331 3402 444 3468 hostile
468 3406 664 3481 cernebatur,
679 3405 763 3470 viam
785 3403 926 3489 ingressi,
944 3403 1032 3468 baud
1056 3403 1157 3468 multo

14 3495 15 3540 f
110 3499 177 3552 aute
202 3489 278 3554 solie
306 3509 452 3554 oceasum
484 3492 525 3554 ad
558 3491 666 3555 urbem
699 3489 835 3554 Romam
868 3490 1064 3574 perveniunt.
1102 3489 1158 3554 ubi

264 3631 451 3678 ‘concurrissent
461 3631 536 3681 (ἤθη.
548 3631 618 3679 Cret.
751 3621 917 3673 ‘massadae
929 3625 996 3674 Eted.

138 3747 314 3816 sumperunt
337 3755 497 3824 multitudine]
523 3759 614 3806 Omnes
645 3759 726 3805 locum
743 3763 833 3804 temen
848 3753 956 3815 inepslta
971 3753 1157 3804 istinfraebl.
1198 3723 1201 3731 ‹

111 3818 179 3864 mstn
200 3819 295 3866 oodioes
315 3827 341 3868 et
361 3823 479 3882 Αιιιὶιω,
497 3824 621 3884 manti,
646 3823 688 3869 ubi
702 3821 836 3882 legitur‚et
851 3826 914 3866 rsota
931 3819 1158 3882 quidemfflmom-

14 3931 15 3936 ,
111 3877 269 3938 Μῧῢᾶῦῦι
307 3887 454 3947 Campenus,
494 3891 615 3948 umato
645 3886 839 3946 elemptim,
857 3899 920 3932 unus
942 3899 956 3932 s
977 3879 1049 3945 regtu
1069 3885 1157 3932 codici.

14 3983 15 4010 ἢ
111 3943 259 3996 mausum.
281 3949 335 3998 uoe
354 3957 513 4012 postremum,
529 3965 614 4000 uerum
646 3951 701 4007 bus,
723 3963 771 3994 non
793 3949 904 4010 pessime
925 3955 999 4004 note,
1019 3949 1092 3998 habet
1103 3952 1158 4013 josa

112 4007 208 4057 ridetur.
242 4011 320 4074 Supra
335 4029 355 4064 c.
373 4013 412 4063 21.
424 4013 484 4062 Hac
499 4019 615 4078 precatus,
647 4013 886 4073 lominumpn'mam.
1103 4021 1106 4034 ’

111 4081 224 4132 “prante
242 4077 397 4136 multitudiue,
416 4079 443 4128 ab
461 4081 564 4128 mum
581 4079 614 4126 lo·
678 4077 710 4124 49
726 4073 805 4123 Simul
822 4083 855 4124 est
873 4077 971 4142 domm]
988 4077 1066 4126 Simul
1085 4083 1158 4140 atque

112 4133 227 4186 ‘hurbem
236 4141 379 4204 agreditur.
646 4141 775 4190 clamorem
792 4141 862 4202 quast
878 4144 909 4188 ab
928 4143 1002 4190 lateus
1021 4143 1158 4192 venientem

141 4198 170 4248 48
186 4201 295 4251 Retenta
310 4205 428 4258 homiaem
441 4209 534 4273 obliuio]
551 4207 615 4272 sege
645 4206 760 4269 proximi,
781 4205 850 4266 quusi
874 4207 905 4253 sb
927 4213 995 4266 tergo
1021 4207 1159 4256 venientem

112 4275 165 4310 m
179 4267 308 4326 Gronosio,
324 4276 346 4318 ct
361 4275 426 4320 taeta
444 4275 546 4322 mustum
561 4273 616 4322 obli·
648 4272 729 4320 ultimi
739 4282 857 4330 accepere·

113 4327 154 4374 W·
183 4323 215 4378 Bt
230 4335 265 4380 tle
281 4335 346 4382 (ledit
362 4327 506 4400 Campanus.
537 4339 615 4386 Intu-
679 4337 711 4384 50
727 4333 842 4398 prglt]
860 4335 996 4382 Gronovius
1014 4331 1097 4382 mallet
1112 4333 1158 4400 di!-

112 4389 166 4440 tium
181 4395 255 4444 alteus
267 4411 297 4445 ss
314 4399 352 4446 hls
363 4401 461 4448 vocibus
477 4403 501 4448 in
518 4402 616 4450 alarius
639 4399 717 4463 sugit.
