3032 4924
345 223 403 278 :ra
737 201 847 296 rtrr
875 217 1010 278 ιιιιιι

188 391 323 442 uncta
347 380 580 459 animadvertit,
595 380 770 470 effecitque,
785 382 938 448 uehonti:
962 385 1100 450 maxime
1126 383 1280 450 timendus
1302 384 1387 450 militi

188 460 220 506 Α·
231 455 323 506 ⁰⁸⁹²
347 480 439 534 esset.
467 467 593 540 deinde.
608 467 729 534 indicto
747 467 871 535 delectu
886 469 920 534 in
934 470 1020 536 diem
1042 483 1171 549 sermm,
1186 469 1251 556 ipse
1271 470 1386 536 interim

347 556 443 620 Veios
468 553 510 620 ad
532 553 766 620 confirmandos
791 555 925 622 militurn
955 556 1078 622 animoa
1107 559 1299 622 intercurrit:
1320 556 1388 622 inde

350 642 487 716 Romam
512 639 553 706 ad
577 641 778 706 scribendum
793 664 910 708 novum
934 643 1104 710 exercitum
1130 643 1222 720 redit,
1236 642 1320 708 nullo
1339 642 1388 708 de·

349 740 504 794 trectame
517 726 671 794 militiam.
717 727 781 793 Per
838 728 999 794 insatiam
1018 731 1176 816 juventus,
1194 729 1296 795 Latini
1315 729 1389 794 ller-

348 815 624 966 gioiquaoperam·
637 835 726 917 suam
740 751 925 966 poltibentes
937 814 1026 966 addid
1043 817 1169 894 bellum,
1180 837 1307 919 reuera:
1327 816 1390 916 qui·

350 923 411 1055 sii
424 915 1122 1078 ttttittttptttttlttt‘dgttt
1135 919 1392 1055 :tetulit

350 1076 439 1140 vovit
458 1073 544 1138 Veiis
564 1075 664 1158 captia
678 1097 712 1140 se
724 1073 879 1140 fretorum
891 1098 900 1152 3
923 1075 1087 1164 eademque
1107 1076 1133 1120 ⁷⁵
1145 1075 1280 1140 Matuta:
1294 1073 1393 1138 matris

351 1159 499 1226 relectam
515 1160 743 1237 dedicaturum,
753 1163 821 1247 jam
836 1173 911 1226 ante
925 1161 965 1228 ab
984 1183 1059 1248 rege
1075 1164 1143 1228 Ser.
1158 1161 1265 1226 Tullio
1278 1159 1392 1226 dedica·

352 1261 428 1314 tam.
473 1245 637 1312 Profectus
651 1269 724 1312 cum
739 1247 878 1312 exercitu
899 1247 941 1314 ab
960 1250 1038 1314 urbe
1053 1246 1288 1334 exipectatiooe
1302 1245 1394 1312 homi·

352 1357 430 1400 num
441 1335 570 1420 majore,
584 1355 679 1420 quarn
693 1355 758 1421 spe,
773 1334 807 1398 in
827 1355 905 1422 agro
943 1336 1058 1400 riman:
1073 1335 1237 1421 Nepesino
1255 1355 1324 1400 cum
1341 1333 1393 1398 Fa·

351 1421 438 1488 liscis
452 1433 483 1486 et
499 1419 715 1505 Capenatibus
736 1421 828 1501 signa
847 1357 979 1487 conilirt.
1024 1421 1145 1487 Omnia
1159 1423 1204 1485 ibi
1219 1443 1336 1486 summa
1349 1441 1393 1482 ra·

353 1508 439 1574 done
452 1507 648 1592 consilioque
668 1521 738 1572 acta
761 1505 887 1572 iortuua
901 1511 1006 1587 etiam,
1021 1519 1058 1572 ut
1072 1507 1118 1588 lit,
1134 1521 1241 1574 secuta
1254 1523 1310 1572 eat.
1336 1525 1392 1570 nou

352 1594 468 1680 proelio
478 1604 602 1660 tanturn
616 1591 699 1658 fudit
719 1591 834 1669 hostes,
850 1591 903 1658 sed
919 1594 1028 1660 castris
1041 1616 1169 1681 qnoque
1180 1595 1280 1672 exuit,
1294 1595 1394 1682 ingan·

352 1681 441 1768 tique
454 1679 564 1766 praeda
588 1693 635 1744 est
660 1679 796 1764 potitus:
819 1681 907 1765 cujus
921 1701 994 1764 pars
1010 1682 1152 1748 maxima
1173 1680 1248 1746 llad
1293 1691 1395 1744 ussto

352 1789 421 1832 rem
445 1765 574 1832 redacta
597 1777 662 1832 ast:
685 1764 774 1830 haud
788 1767 832 1830 ita
845 1765 980 1832 multum
994 1767 1087 1832 militi
1105 1767 1229 1834 datum.
1271 1705 1396 1832 indeed

353 1853 452 1920 Veios
476 1853 634 1918 exercitus
662 1851 789 1929 ductus,
816 1851 1024 1940 densioraque
1051 1853 1181 1920 castella
1204 1853 1299 1930 secta:
1330 1863 1396 1916 eta

353 1939 656 2026 procursationibus,
668 1960 740 2024 qaae
748 1937 858 2004 moltis
869 1951 986 2004 temere
1001 1942 1082 2004 inter
1097 1962 1224 2006 murutu
1239 1963 1276 2006 ac
1291 1937 1394 2002 ardum

354 2025 482 2103 fiebant,
498 2025 612 2103 edicto,
636 2025 766 2110 nequis
788 2025 908 2111 injussu
955 2041 1097 2112 ugnaret,
1122 2028 1160 2092 ad
1184 2049 1264 2112 opus
1292 2024 1396 2090 milites

193 2119 339 2170 cantarum
354 2111 504 2180 traducti.
548 2113 690 2196 Operum
705 2109 766 2176 fui:
777 2112 918 2178 omnium
931 2049 1025 2214 lbnge
1036 2113 1213 2178 maximum
1224 2137 1261 2178 ac
1271 2110 1396 2177 laborio-

191 2186 308 2300 'v'ffi
354 2201 522 2277 sissimum,
543 2198 708 2265 cuniculus
732 2196 765 2263 in
788 2221 892 2264 arcem
918 2198 1056 2264 hostium
1081 2200 1132 2285 agi
1156 2213 1291 2284 coeptus.
1319 2193 1395 2285 quod

194 2316 256 2378 ¹⁸¹¹·
351 2285 673 2450 iiiffidffiii‘il
687 2307 863 2459 ‘illidii
877 2285 1398 2440 tlttttttttttttlbtttt

350 2483 435 2528 :anm
445 2459 535 2527 hora:
560 2459 593 2524 in
614 2458 723 2524 orbem
747 2459 835 2544 operi
862 2457 1032 2524 adtributor
1058 2471 1147 2524 aunt:
1182 2473 1275 2526 nocte
1295 2479 1331 2524 ec
1351 2454 1398 2520 die

351 2570 428 2614 num
452 2570 526 2614 uam
540 2561 614 2620 ante
628 2545 790 2623 omissum,
805 2567 901 2632 qusro
914 2545 949 2610 iu
964 2567 1068 2610 arcem
1084 2547 1167 2610 visin
1183 2549 1327 2612 facerent.

395 2635 430 2700 X
470 2681 478 2699 .
503 2633 660 2709 Dictator,
680 2653 779 2718 quum
796 2633 863 2717 jam
886 2631 920 2696 in
939 2631 1086 2698 manibus
1108 2631 1230 2698 videret
1243 2629 1395 2697 victoriam

350 2745 427 2796 esse,
447 2719 558 2788 urbem
581 2717 850 2801 opulentissimam
871 2719 954 2804 capi,
977 2732 1164 2806 tantumque
1189 2719 1307 2805 praedm
1330 2715 1397 2789 fore,

351 2820 506 2895 quantum
523 2825 587 2870 non
603 2803 751 2870 omnibus
775 2804 806 2866 iu
823 2826 921 2870 unum
936 2805 1068 2870 conlatis
1087 2819 1160 2871 aute
1181 2806 1272 2871 bellis
1283 2803 1397 2874 inisset?

351 2917 393 2959 ne
422 2915 518 2980 quam
546 2890 622 2956 inde
646 2903 701 2954 aut
726 2888 862 2954 militum
878 2891 957 2954 iram
979 2891 1055 2956 ⁷⁷ex
1069 2892 1267 2980 malignitate
1291 2887 1396 2976 praedae

351 2981 488 3066 partitae,
504 2990 560 3044 aut
574 2975 725 3040 invidiam
751 2975 838 3060 apud
852 2975 961 3042 Patres
975 3001 1015 3043 ex
1027 2978 1163 3066 prodiga
1178 2978 1398 3067 largitionem·

188 3089 336 3138 Denuntio
352 3078 452 3152 parat,
467 3065 573 3130 literas
587 3055 628 3128 ad
643 3073 785 3127 senatum
801 3063 903 3128 misit:
927 3063 1027 3128 Derim
1043 3067 1253 3130 inmortalium
1272 3061 1399 3146 benigni·

189 3158 220 3202 aa
231 3155 313 3214 mua
352 3163 428 3230 tote,
442 3154 505 3218 ruis
521 3151 667 3227 consiliis,
678 3150 834 3232 patientia
845 3152 987 3229 militum,
1005 3151 1094 3216 Veios
1105 3151 1177 3234 jorn
1186 3153 1268 3236 fore
1289 3153 1321 3215 in
1334 3155 1398 3232 pot·

215 3221 316 3268 ‘m'
351 3249 449 3306 :erne
464 3239 577 3323 poprrli
591 3237 737 3302 Rotnani.
766 3239 847 3320 quod
865 3239 902 3301 de
912 3237 1023 3320 praeda
1030 3237 1215 3322 senciendum
1229 3235 1398 3304 censerent?

352 3326 439 3395 Duas
468 3339 612 3390 senatum
641 3321 834 3388 distinebant
862 3323 1043 3388 sententiaa:
1066 3323 1184 3390 lusanis
1216 3325 1253 3390 P.
1280 3317 1397 3392 Licinii,

351 3413 600 3502 quamprimum
624 3409 741 3475 dixisse
751 3433 771 3474 a
784 3408 850 3472 lilio
866 3409 1094 3497 interrogatum
1110 3409 1226 3489 lerunt,
1248 3411 1328 3476 edici
1343 3427 1399 3490 po·

351 3503 412 3566 lon
417 3503 543 3584 placere
545 3499 672 3582 populo,
683 3507 727 3572 ut,
737 3498 792 3580 qui
795 3498 954 3579 particeps
959 3519 1020 3560 esse
1027 3499 1142 3578 proedoe
1151 3499 1250 3574 vellet,
1264 3499 1296 3560 in
1305 3501 1397 3558 costra

356 3587 446 3653 Veios
460 3589 540 3652 iret:
562 3583 662 3650 altera
677 3583 742 3668 Ap.
759 3580 897 3662 Claudii,
908 3581 961 3668 qui
976 3581 1177 3669 largitionem
1192 3605 1318 3660 novam,
1333 3597 1399 3664 pro·

384 3867 416 3916 tt
431 3865 509 3914 utor
519 3857 637 3925 Magno]
653 3860 710 3908 Vid.
722 3860 821 3910 notSB.
831 3862 863 3908 ad
929 3859 959 3908 77
968 3858 1030 3907 'Er
1040 3859 1188 3920 niellgnltate
1198 3854 1287 3921 preda
1298 3848 1395 3918 mlle]

350 3929 505 3984 e.tr.t1v.
895 3924 934 3973 Er
955 3925 1073 3984 mulgor.
1093 3923 1119 3970 id
1141 3932 1188 3984 eat,
1211 3925 1312 3970 nindum
1333 3927 1397 3980 μισ·

383 3997 414 4046 75
429 3994 534 4043 Matutae
549 3985 644 4053 murts]
663 3989 725 4037 llaec
741 3989 789 4036 suit
808 3990 863 4048 Ino,
895 3991 983 4051 praede
998 3989 1145 4049 partitione:
1162 3991 1183 4036 si
1200 3989 1302 4035 nlmimn
1321 3991 1398 4044 ptrctu

349 4062 455 4112 Semeles
474 4072 549 4114 soror,
565 4055 655 4104 Bacchi
674 4061 812 4112 matertera,
830 4056 864 4100 A·
895 4055 1014 4104 mutuom
1028 4053 1053 4100 in
1072 4053 1202 4100 dividenda
1218 4054 1299 4114 preda
1315 4049 1397 4096 ridere·

348 4123 481 4174 thamnnrts
503 4136 571 4169 uxor.
615 4121 653 4169 De
671 4133 700 4166 es
722 4121 770 4166 nid.
791 4119 862 4166 ovid.
895 4125 942 4166 tur.

348 4191 396 4240 lv.
409 4189 510 4238 Metum-
522 4185 605 4234 etVl·
618 4183 861 4233 Fasuetctcsrasc.
928 4181 959 4232 tt
982 4181 1050 4228 Sertis
1071 4181 1104 4231 P.
1126 4181 1226 4246 Licinii]
1258 4177 1364 4240 Sigonitu
1384 4185 1396 4216 e

347 4258 363 4306 1.
378 4251 483 4302 1.u.28.
895 4253 953 4294 vett.
969 4247 1036 4294 libris
1052 4248 1120 4308 legit,
1138 4263 1184 4294 nno
1194 4247 1270 4294 min
1285 4243 1351 4303 eiquo
1363 4251 1397 4284 ι·-

381 4319 411 4366 to
419 4317 611 4376 'Adquoeriorern
619 4313 708 4360 redorta
717 4313 762 4378 cri]
774 4313 860 4368 Quas·
894 4311 997 4358 sentitur
1008 4325 1071 4360 unua
1082 4327 1095 4360 e
1107 4313 1179 4374 regiis
1195 4309 1264 4359 codd.
1279 4321 1324 4354 ιιοιι
1339 4313 1396 4378 3⁹²¹·

347 4385 392 4432 tori
403 4384 490 4430 tradita
499 4385 566 4427 catat
574 4379 599 4426 in
609 4377 732 4440 publicum
740 4379 843 4424 redacta.
894 4376 979 4424 nendo
991 4376 1030 4424 ille
1041 4377 1139 4438 quidam
1153 4377 1214 4432 fidei,
1226 4381 1250 4421 et
1260 4373 1396 4419 victorinus
