3034 4916
377 223 435 282 582
767 223 879 284 Ti'l'i
906 223 1043 285 Livii
1114 237 1119 242 ·

220 406 249 452 u.
261 403 288 451 e.
300 402 357 452 ιιι
380 397 442 463 tus,
458 385 689 474 inpetrataque,
704 401 741 454 ut
754 399 929 466 manerent,
944 387 1068 466 datum,
1084 401 1121 452 ut
1142 385 1285 452 triduum
1306 396 1435 472 quotan-

220 467 356 520 ΑΜ·
380 472 430 538 nis
446 471 648 550 erastinum
671 487 766 540 cautu
788 489 884 562 utque
908 478 979 553 huc,
994 497 1067 561 quae
1088 495 1176 538 nuno
1200 471 1364 538 sollemnis
1383 485 1434 549 est,

380 559 508 624 licentis
531 581 588 644 per
612 560 722 626 urbem
737 575 944 650 ungerentur:
968 561 1212 646 restitutumque
1232 559 1265 624 in
1286 559 1358 622 nde
1377 580 1437 622 ses·

381 644 474 710 cendi
493 646 546 744 jus
570 647 617 724 iis,
634 649 688 732 qui
711 651 807 712 sacris
829 647 1052 733 praecinerent.
1098 646 1185 712 Haeo
1205 645 1291 710 inter
1304 644 1435 709 duorum

382 731 559 880 ἰιιςὶιιιιιιιιι
575 732 728 798 bellorum
745 755 853 798 curem
868 733 1070 819 gerebmmr.

464 817 565 886 XXI.
603 818 757 884 Consules
791 820 875 884 inter
903 842 938 884 se
964 813 1146 904 provincias
1182 818 1309 903 partiti;
1346 817 1438 881 lunio

384 905 552 979 Samnites,
568 903 703 969 AEmilio
718 926 835 970 novum
851 904 970 970 bellum
988 905 1119 969 Etruria
1132 919 1218 968 sorte
1230 904 1375 968 obvenit.
1403 902 1437 966 ln

221 996 355 1072 imm·
384 989 517 1057 Samnio
529 990 556 1030 ¹⁴
565 989 726 1068 Cluvium,
739 991 922 1077 presidium
947 991 1140 1066 Romanum,
1158 991 1233 1076 quia
1257 990 1436 1076 nequiverat

222 1075 247 1106 ¹¹¹
260 1060 367 1106 ⁵²¹¹¹⁰¹⁰·
382 1077 413 1138 vi
428 1076 508 1158 capi,
524 1076 686 1142 obsessum
707 1077 792 1142 fsme
812 1078 844 1140 in
863 1075 1058 1142 deditionem
1072 1089 1260 1161 acceperant
1274 1076 1436 1150 Samnites,

383 1162 630 1248 verberibusque
643 1162 761 1228 ioedum
785 1164 817 1228 in
839 1163 969 1228 modum
992 1163 1144 1228 laceratos
1158 1162 1342 1226 occiderant
1355 1161 1437 1226 dedi·

383 1258 446 1312 tos.
491 1247 581 1314 Huic
595 1249 732 1314 infensus
746 1250 923 1314 crudelitati
948 1249 1074 1326 lunius,
1098 1247 1179 1312 nihil
1201 1248 1364 1333 antiquius
1387 1247 1437 1310 ob

383 1335 579 1420 pugnatione
594 1335 750 1400 Cluviana
763 1349 859 1414 sutus,
874 1335 1006 1422 quodie
1023 1335 1189 1421 adgressus
1203 1349 1250 1398 est
1266 1335 1396 1409 moenia,
1411 1333 1436 1394 si

335 1519 340 1528 ·
383 1421 1080 1592 illliissliulmlislllilffullifils
1105 1419 1304 1570 iiiiii
1320 1420 1437 1570 §il

383 1594 474 1668 tium,
489 1592 584 1670 longe
604 1593 793 1658 ditissimum
817 1608 910 1680 atque
934 1593 1205 1677 opulentissimum
1236 1591 1336 1656 armis
1358 1591 1436 1654 viris·

384 1701 455 1778 que.
498 1677 524 1716 '⁵
541 1679 590 1745 lbi
605 1679 680 1766 quis
694 1681 779 1745 bsud
794 1693 918 1744 tentum
938 1681 1054 1744 irarum
1073 1689 1153 1756 erat,
1166 1701 1223 1760 spe
1242 1679 1364 1763 praedse
1386 1678 1437 1740 rni-

383 1764 454 1828 lites
476 1765 609 1845 accensi,
631 1787 675 1850 op
698 1765 752 1830 ido
772 1766 949 1850 potiuntur.
979 1765 1084 1830 miuus
1107 1765 1212 1851 itaque
1237 1767 1384 1830 saevitum
1410 1765 1437 1826 in

384 1847 490 1914 hostes
503 1863 572 1914 ests
595 1787 713 1936 prodis
727 1850 800 1936 plus
820 1872 910 1936 pene,
926 1871 1021 1938 quam
1045 1873 1085 1916 ex
1108 1851 1197 1915 omui
1220 1851 1354 1915 Samnio
1376 1872 1438 1912 usu-

384 1957 491 2022 quam,
521 1951 675 2023 egestum,
704 1936 906 2024 benigneque
937 1936 1040 2002 omnis
1071 1936 1163 2001 militi
1199 1958 1359 2002 concessa.
1404 1935 1438 1998 Et

383 2035 551 2108 postquam
567 2035 793 2108 praepotmtem
809 2023 905 2087 armis
931 2024 1113 2088 Romanum
1138 2043 1198 2087 nec
1222 2023 1306 2088 acies
1329 2021 1439 2088 subsis-

384 2120 450 2173 tere
472 2107 555 2186 ullae,
578 2129 638 2172 nec
663 2121 776 2186 emite,
802 2131 860 2174 nec
883 2111 976 2174 urbes
1002 2122 1166 2195 poterant;
1188 2112 1334 2174 omnium
1359 2110 1440 2196 psin-

383 2194 490 2280 cipum
512 2194 544 2258 in
570 2194 702 2260 Samnio
722 2217 761 2260 ao
786 2217 873 2260 curae
896 2208 970 2261 sunt
994 2195 1134 2272 intentas,
1155 2207 1192 2260 ut
1213 2195 1338 2258 insidiis
1359 2217 1440 2280 qun·

383 2294 506 2346 reretur
528 2279 627 2357 locus,
642 2281 705 2346 ”si
719 2305 784 2368 qus
798 2282 924 2346 licentia
942 2281 1128 2367 populando
1148 2279 1265 2346 effusus
1285 2283 1440 2346 exercitus

383 2367 487 2452 excipi
501 2388 539 2432 sc
553 2367 773 2435 circumveniri
788 2381 904 2453 possut.
946 2367 1137 2456 Transfugae
1156 2383 1294 2455 agrestes
1317 2379 1351 2433 et
1371 2389 1440 2450 cap·

384 2453 440 2516 tivi
466 2453 607 2540 quidam,
632 2475 706 2540 pars
730 2453 821 2531 forte,
848 2477 922 2540 pars
947 2453 1080 2519 consilio
1103 2452 1213 2530 oblati,
1236 2453 1442 2541 congruentis

382 2538 425 2604 ad
450 2539 612 2607 consulem
637 2540 822 2617 adferentes,
849 2563 922 2628 quse
947 2553 1078 2606 eivers
1103 2553 1204 2616 erant,
1230 2540 1358 2624 pecoris
1383 2540 1440 2602 vin

382 2625 543 2714 ingentem
570 2626 604 2690 iu
629 2625 743 2692 saltum
768 2627 873 2692 avium
899 2626 1094 2712 compulsam
1119 2647 1197 2702 esse,
1224 2626 1440 2710 perpulerunt,

383 2727 421 2778 ut
444 2713 622 2798 praedstum
648 2737 687 2777 eo
712 2713 874 2798 expeditae
901 2715 1090 2778 ducerentur
1119 2713 1270 2796 legiones.
1317 2711 1367 2777 lbi
1397 2711 1440 2774 in·

383 2820 461 2885 gens
474 2798 614 2864 bostium
635 2799 793 2864 exercbus
815 2801 930 2864 itinera
943 2799 1087 2864 occultus
1109 2797 1277 2874 insederat,
1292 2811 1338 2876 et,
1361 2809 1442 2882 post·

383 2905 478 2968 quum
509 2885 641 2950 intrasse
673 2885 836 2950 Romanos
874 2885 952 2952 vidit
986 2885 1113 2962 scitum,
1149 2895 1279 2968 repente
1314 2897 1442 2948 exortus

383 2990 456 3034 cum
473 2968 611 3034 clamose
633 2993 670 3035 ac
696 2970 833 3043 tumultu
851 2973 993 3036 incautos
1007 2969 1139 3034 invadit.
1184 2969 1227 3034 Et
1242 2970 1350 3053 primo
1364 2991 1442 3033 nors

382 3077 433 3122 rea
456 3055 697 3140 trepidationem
719 3056 804 3134 fecit,
826 3057 904 3122 dum
926 3079 1016 3124 arma
1038 3057 1180 3141 capiunt,
1203 3057 1344 3120 sarcines
1369 3077 1440 3120 con·

383 3155 499 3228 gerunt
523 3142 556 3206 in
582 3141 737 3207 medium:
761 3142 847 3219 dein,
870 3157 1048 3230 postquam,
1075 3155 1109 3206 ut
1133 3142 1268 3228 quisque
1290 3141 1441 3206 liberave-

383 3243 434 3292 ιιι
456 3250 489 3292 se
513 3247 619 3304 onera,
642 3241 866 3315 aptaveratque
886 3230 993 3306 ermis,
1019 3229 1058 3294 sd
1088 3228 1181 3313 signs
1209 3229 1352 3314 undique
1380 3231 1441 3292 coi-

383 3313 472 3389 bant,
494 3329 527 3378 et
548 3314 631 3378 notis
654 3314 820 3380 ordinibus
842 3315 875 3379 in
902 3331 1007 3381 vetere
1031 3313 1196 3399 disciplina
1224 3312 1360 3391 militie,
1377 3314 1440 3400 jam

383 3399 452 3500 sine
465 3412 627 3500 praecepto
643 3399 735 3501 ullius
750 3423 808 3470 sus
821 3417 933 3486 sponte
957 3401 1138 3466 struebatur
1152 3399 1245 3500 scies,
1261 3397 1386 3479 consul,
1405 3397 1441 3462 ad

382 3485 1444 3660 gppesppngiprpesnuggepptgplgnalppsvepgpzt[gaipetoee'xoesqppffiffi

381 3681 469 3726 auum
489 3661 617 3745 glorium
631 3661 713 3739 inde,
733 3661 788 3726 sed
807 3661 944 3744 modom
966 3660 1051 3726 militi
1063 3669 1255 3745 querentem,
1271 3658 1305 3720 in
1319 3681 1387 3722 eum
1403 3658 1444 3720 lo-

381 3769 448 3814 cum
473 3747 746 3838 immissusque
767 3749 798 3812 in
820 3769 853 3812 ss
875 3747 969 3826 uliud,
989 3767 1076 3836 guum
1105 3743 1228 3808 mnium
1260 3744 1381 3808 ditnnds'
1409 3767 1444 3806 er

414 4003 466 4051 24·
476 4007 584 4054 assiam
597 4007 735 4068 presidium
750 4007 895 4070 numm]
928 4015 979 4054 tam
991 4021 1046 4054 scer
1061 4011 1113 4052 crat
1132 4007 1175 4052 isse
1192 4002 1318 4055 stimulus,
1329 4011 1405 4060 quam
1415 3997 1444 4042 sd

381 4069 491 4130 crunam
510 4073 596 4118 usuum
611 4063 627 4118 ι
643 4073 760 4120 nummu
777 4073 896 4120 minutus
928 4072 1048 4119 clusum.

379 4133 513 4196 ddenaaun
545 4135 688 4184 Presidium
700 4137 750 4195 hic,
764 4143 828 4182 utet
838 4137 896 4194 slibi
961 4134 1210 4195 ivssqusttmtrs
1217 4125 1363 4192 pmfflv]
1382 4125 1444 4198 Μ’,

379 4199 477 4256 saepius,
495 4201 602 4248 sumitur
618 4215 662 4260 pso
677 4202 817 4260 iocoqucm
836 4202 894 4246 insi·
926 4201 1007 4248 lemur
1025 4197 1167 4260 micardis
1191 4203 1218 4244 ut
1241 4199 1403 4266 seusus-stu
1427 4202 1445 4233 π

380 4261 438 4306 dent
450 4263 547 4318 milites,
559 4279 607 4310 non
618 4278 662 4325 pro
673 4265 791 4318 militibus
800 4266 867 4326 ipsis.
928 4277 986 4325 qua,
998 4265 1023 4310 id
1039 4263 1117 4322 ειμι
1132 4275 1182 4321 quo
1192 4261 1246 4306 loeo
1262 4261 1395 4306 examin·-
1406 4266 1446 4312 Ι)ετ

413 4325 512 4372 ΞόἾιί
529 4327 596 4390 quis]
614 4330 713 4383 Milites,
731 4341 792 4389 quoa
810 4331 895 4378 conari
929 4340 1016 4389 vagam
1041 4325 1171 4389 populandi
1195 4323 1319 4370 lioeufflm
1334 4319 1444 4396 ‚essim

378 4391 520 4438 accenderat
538 4405 581 4451 spe
600 4395 698 4455 proedoe,
718 4393 776 4453 qula
793 4395 829 4441 ibi
846 4407 894 4441 nou
928 4393 1007 4452 excipi
1021 4392 1115 4439 insidiis
1130 4385 1341 4436 densissimis
1358 4387 1444 4444 lmi-
