2978 4918
367 205 424 259 m
533 216 536 238 ¹
745 193 1020 256 ΉῊΗῊῙ

202 375 271 425 uc.
284 377 340 427 ets.
364 362 512 428 hesterna
529 359 676 426 felicitate
696 381 815 446 pugnas
836 357 936 435 ferox,
951 359 1051 448 magis
1073 370 1189 436 tamen,
1204 355 1293 444 quod
1317 355 1424 442 iuopia

202 442 270 490 Μ’·
281 441 337 492 ⁴⁷4*
362 448 681 548 frumenti-quamvis
700 449 733 511 in
755 447 942 530 praecipitia,
959 445 1036 510 dum
1052 446 1204 509 celeriora
1217 458 1335 520 essent,
1351 463 1423 532 ege·

364 535 420 600 bat
445 534 585 611 consrlra,
613 546 729 598 temere
758 532 889 597 adverso
914 531 1061 596 aniculo
1084 529 1126 594 ad
1155 542 1256 595 castra
1283 530 1424 595 hostium

364 623 463 687 eciem
486 621 595 698 erexit,
611 619 790 707 foediusqne
812 617 889 688 inde,
905 618 1026 703 pulsus,
1049 639 1143 704 quam
1168 616 1273 703 pridie
1295 617 1424 703 pepule·
1482 687 1483 704 χ

364 719 423 786 rat,
440 709 619 771 interventu
635 706 765 794 collegae
779 704 805 748 ⁹⁸
815 707 882 790 ipse
896 705 1117 791 exercitusque
1130 705 1196 790 ejus
1210 716 1259 768 est
1272 717 1424 768 servatam

363 793 540 858 interclusa
555 794 636 859 ecies
650 791 787 868 Etrusci,
803 813 901 878 quum
922 791 954 854 in
970 793 1069 855 vicem
1086 791 1135 856 his
1149 802 1244 876 atque
1259 789 1322 854 illis
1337 807 1427 890 terge.

364 879 488 957 darent,
511 879 678 946 occidione
701 879 806 944 occisi.
852 877 903 942 lta
926 876 1113 963 obpressum
1143 878 1321 942 temeritate
1340 876 1426 941 felrci

366 966 483 1032 Veiens
498 966 628 1031 bellum.

408 1053 488 1118 LlI.
512 1053 596 1118 Urbi
619 1073 690 1118 cum
713 1072 791 1135 pace
811 1050 916 1114 laxior
929 1050 1025 1114 etiarn
1046 1073 1174 1114 annona
1196 1049 1301 1127 rediit,
1318 1061 1351 1114 et
1369 1049 1427 1114 ed·
1482 1043 1483 1050 ἵ

364 1153 454 1205 vecto
468 1162 509 1204 ex
524 1139 702 1225 Campania
722 1137 895 1216 frumento,
910 1152 952 1214 et,
968 1149 1039 1221 post
1063 1159 1136 1201 uem
1157 1138 1253 1201 timor
1275 1136 1336 1201 sibi
1358 1137 1427 1200 cui·
1482 1163 1483 1166 ¹

387 1249 427 1292 ne
441 1225 557 1292 loturae
579 1226 696 1311 inopiae
718 1224 806 1300 abiit,
822 1245 870 1301 eo,
886 1223 972 1308 quod
994 1160 1138 1289 abditum
1160 1222 1272 1300 fueret,
1290 1222 1426 1306 prolato.
1482 1231 1483 1266 ³

364 1249 417 1378 ilx
432 1315 524 1398 copia
539 1312 654 1378 deinde
669 1311 797 1395 otioque
816 1309 957 1373 lascivire
972 1331 1082 1374 rursus
1097 1311 1213 1385 animi3
1238 1323 1271 1374 et
1291 1310 1429 1394 pristina
1482 1321 1483 1328 ’

363 1399 458 1478 mala,
481 1412 651 1484 postquam
672 1397 747 1460 foris
771 1395 912 1472 deerant,
935 1395 1022 1460 domi
1044 1418 1195 1482 quaercre.
1214 1397 1333 1460 tribuni
1360 1395 1429 1480 ple·

363 1487 437 1552 bern
452 1485 572 1572 agitare
586 1507 644 1549 suo
658 1505 790 1558 veneno,
806 1483 931 1570 agraria
946 1482 1033 1567 lege3
1057 1487 1088 1546 in
1104 1483 1281 1547 resistentes
1295 1483 1429 1547 incitare
1482 1539 1483 1564 ,

365 1572 487 1647 Patres,
502 1593 562 1635 nec
578 1571 608 1634 in
627 1571 788 1634 universos
806 1569 912 1645 modo,
929 1569 982 1631 sed
1005 1571 1038 1632 in
1054 1569 1203 1656 singulos.
1250 1569 1293 1645 Q.
1311 1569 1429 1632 Consi·

362 1657 435 1722 dius
460 1669 492 1720 et
513 1657 555 1722 T.
572 1657 744 1732 Genucius,
768 1671 912 1720 auctores
937 1655 1070 1742 agrarioe
1097 1656 1184 1743 legis,
1211 1655 1252 1719 T.
1271 1654 1428 1720 Menenio

362 1743 448 1808 diem
473 1743 595 1808 dicunt.
622 1742 749 1807 invidiae
774 1755 844 1806 erat
868 1741 1015 1806 amissum
1041 1741 1202 1806 Cremerae
1228 1741 1428 1825 praesidium,

362 1851 462 1917 quum
476 1828 562 1894 haud
577 1829 691 1915 procul
707 1828 781 1892 inde
792 1828 906 1892 stativa
916 1827 1026 1892 consul
1042 1827 1211 1892 habuisset
1233 1827 1260 1867 ⁹⁴
1271 1827 1355 1895 Eum
1369 1829 1429 1894 ob-

361 1915 567 2002 presserunt¹.
612 1917 722 1992 Quum
739 1927 770 1978 et
786 1915 897 1980 Patres
911 1914 997 1978 haud
1012 1915 1126 1992 minus,
1142 1936 1236 2002 quam
1255 1936 1317 1999 pro
1332 1915 1430 1980 Cori·

363 2002 471 2086 olano,
486 2001 588 2068 adnisi
611 2013 724 2079 essent,
740 2002 886 2086 etpatris
900 2003 1053 2087 Agrippae
1076 2001 1161 2065 feror
1176 1999 1262 2086 baud
1280 2001 1358 2066 dnm
1374 2025 1431 2068 ex·
1482 2015 1483 2020 ’

362 2089 508 2155 olerisset
517 2113 526 2164 3
550 2091 583 2152 in
596 2089 696 2154 multa
709 2102 926 2173 temperarunt
941 2087 1068 2152 tribuni.
1091 2087 1224 2174 ⁹⁵quum
1240 2088 1356 2174 cepitis
1371 2111 1431 2153 an·

362 2177 541 2262 quisissent,
557 2175 657 2240 96ἀυο
678 2173 778 2254 millia
797 2175 871 2238 aeris
891 2174 1044 2238 damnato
1057 2173 1223 2240 ”multam
1238 2175 1429 2240 dixerunt¹t

361 2263 436 2328 ⁰⁸ca
449 2265 483 2329 in
498 2263 595 2350 caput
608 2262 712 2327 vortit.
759 2261 887 2348 Negant
907 2261 1014 2326 tulisse
1035 2261 1242 2349 ignominiam
1258 2283 1288 2325 ae
1328 2260 1430 2327 itudi-

361 2371 517 2436 nemque:
542 2351 614 2414 inde
636 2347 748 2413 morbo
772 2347 954 2413 absumlum
975 2369 1049 2412 esse.
1096 2347 1189 2412 Alius
1210 2285 1329 2412 deludis
1355 2371 1430 2418 reus

200 2464 336 2514 umaro,
363 2437 419 2524 Sp.
436 2437 600 2514 Servilius,
621 2448 658 2500 ut
681 2433 849 2500 consulatu
873 2433 963 2510 abiit,
988 2433 1027 2498 C.
1044 2433 1166 2498 Nautio
1189 2447 1221 2499 et
1242 2433 1281 2498 P.
1297 2434 1431 2500 Valerio

199 2530 337 2608 Mill&
362 2523 558 2604 consulibus,
576 2523 668 2588 initio
689 2521 795 2586 statim
817 2521 903 2601 enni,
926 2518 967 2584 ab
991 2519 1028 2584 L.
1043 2519 1190 2584 'Coedicio
1210 2533 1243 2585 et
1264 2520 1307 2585 Τ.
1324 2521 1431 2588 Statio

200 2594 342 2710 {3:1¹2ss
363 2612 500 2677 tribunis
517 2610 571 2674 die
589 2610 681 2686 dicta,
696 2629 773 2683 non,
789 2618 827 2670 ut
842 2606 1023 2682 Menenius,
1037 2609 1184 2708 precibus
1205 2607 1269 2671 suis
1291 2618 1350 2672 aut
1366 2608 1432 2674 Pa-

199 2723 266 2774 00¹⁸·

363 2710 459 2774 trum,
475 2695 530 2760 sed
545 2716 618 2759 oum
633 2692 734 2758 multa
747 2693 865 2756 fiducia
884 2692 1075 2758 innocentiae
1090 2694 1309 2783 ”gratiaequn
1325 2695 1433 2760 tribu-

362 2783 463 2848 nicios
478 2777 610 2866 inpetus'
619 2779 702 2846 tulit.
748 2777 792 2843 Et
805 2777 881 2843 huic
897 2778 1047 2864 proeliunr
1062 2801 1136 2844 cum
1152 2779 1267 2846 Tuscis
1280 2779 1322 2845 ad
1337 2781 1432 2846 Jani·

363 2867 471 2934 culum
486 2880 554 2932 erat
568 2865 704 2930 crimini.
719 2865 775 2929 sed
787 2863 899 2929 fervidi
913 2867 1013 2930 animi
1027 2867 1087 2947 vir,
1097 2881 1133 2931 ut
1147 2867 1180 2930 in
1195 2866 1328 2953 publico
1367 2870 1433 2932 eri·

363 2953 437 3019 culo
458 2964 544 3031 ante,
559 2951 604 3016 sic
618 2964 687 3016 turn
701 2952 736 3014 in
750 2973 818 3029 suo,
834 2972 899 3016 non
918 2952 1063 3017 tribunos
1087 2953 1193 3031 modo,
1210 2953 1265 3017 sed
1287 2889 1430 3038 plebem,

332 3045 337 3056 ’
362 3035 507 3106 oratione
518 3038 615 3104 feroci
629 3037 808 3116 refutando,
821 3038 1109 3126 exprobrandoque
1124 3039 1167 3104 T.
1178 3038 1326 3105 Menenii
1339 3040 1433 3106 dam·

363 3125 525 3191 nationem
541 3137 749 3211 mortemque,
766 3126 870 3210 (cnjus
891 3126 990 3211 petris
1010 3147 1143 3190 munere
1164 3127 1312 3192 restitute
1325 3150 1433 3216 quon-

557 3291 704 3359 ¹oppreerrre
715 3297 789 3343 Gron.
801 3296 870 3344 crev.
1002 3297 1233 3346 ”memineo

396 3463 429 3512 98
444 3465 498 3525 Ipse
513 3463 669 3524 malusque
682 3461 743 3526 qm]
768 3463 880 3516 Quetuor
910 3463 946 3510 cis
956 3463 1130 3510 parisiensibus
1140 3475 1198 3510 cum
1209 3475 1259 3510 uns
1270 3461 1352 3511 uncia·

363 3530 424 3592 regll
439 3529 533 3576 codiee·
549 3540 607 3575 cum
622 3527 763 3586 Sorbonleo,
775 3527 879 3588 Campe·
943 3529 975 3576 97
992 3527 1112 3574 Maletum
1128 3526 1263 3592 misena]
1282 3527 1365 3589 Megia
1380 3529 1434 3589 pl..

362 3608 410 3642 nus
437 3599 463 3641 et
486 3593 596 3641 andren
624 3593 742 3639 omittunt
768 3590 795 3639 el
821 3593 879 3654 ejua
911 3598 976 3638 neret
993 3593 1117 3640 murts
1140 3591 1175 3639 sic
1194 3591 1262 3638 enim
1281 3593 1345 3640 solet
1364 3593 1436 3640 Livi·

363 3659 428 3720 quod
455 3659 508 3706 sine
535 3658 586 3704 ulla
612 3657 754 3705 necoedtate
776 3656 879 3703 inaerrdt
911 3669 948 3702 ua.

363 3723 508 3772 Gronovius.
945 3721 1044 3769 98'1s'a
1060 3723 1086 3768 ln
1101 3725 1170 3782 capul
1180 3721 1264 3786 nerlll]
1282 3721 1321 3770 Ea
1336 3724 1434 3770 medela

395 3788 429 3836 94
443 3787 511 3836 Eum
532 3787 673 3850 oppressere]
698 3786 835 3834 Gronovius
854 3799 880 3833 e·
912 3788 1022 3847 capitali·
1043 3787 1079 3832 illl
1101 3786 1165 3843 fuit3
1188 3787 1276 3832 mortis
1298 3801 1373 3835 naun
1396 3787 1434 3834 illi

362 3855 521 3914 mendenen,
536 3863 625 3911 nempe
640 3852 742 3910 invlun,
750 3852 879 3912 oppressus
912 3852 968 3900 fuit.

363 3917 390 3963 ln
404 3932 453 3978 quo
469 3930 556 3978 pamm
572 3916 624 3962 abit
640 3917 771 3978 sculptis,
783 3915 880 3977 quiba-
945 3914 1148 3980 99'Gralloeque]
1182 3917 1361 3978 intempestiva
1393 3916 1436 3962 hie

364 3981 610 4043 banteemoppmrll.
910 3981 1008 4029 videtur
1017 3981 1103 4041 gretie
1116 3981 1217 4029 mentio.
1239 3981 1354 4043 lloqnsm
1364 3981 1436 4027 enlm

397 4045 429 4093 96
447 4045 526 4101 Qum
580 4046 663 4106 mpllls
714 4044 878 4107 amnuens]
898 4046 1015 4106 «gratim
1033 4046 1098 4104 apud
1117 4046 1236 4106 populum
1253 4045 1344 4094 habere
1363 4051 1436 4106 pote·

363 4109 449 4164 Qnum
470 4111 540 4158 litem
561 4110 585 4156 el
605 4111 734 4171 mpitalem
762 4109 880 4156 intendis·
910 4109 1103 4169 rsrvninpsoe
1117 4111 1233 4156 adversus
1250 4111 1353 4170 agrariae
1372 4111 1435 4170 legi,

364 4181 428 4229 sent,
439 4175 490 4222 slve
502 4171 625 4237 judicium
641 4176 672 4223 de
684 4174 762 4236 eripite
778 4171 831 4236 ejus
841 4173 878 4220 in·
911 4174 937 4219 in
953 4174 1017 4221 bello
1035 4175 1178 4222 temeritatis
1197 4175 1365 4222 manifestus?
1385 4175 1438 4220 Ve-

364 4237 508 4286 stlmlssent.
912 4239 994 4285 niebat
1020 4238 1047 4286 ln
1069 4245 1179 4287 mennm
1206 4251 1334 4300 mque,
1355 4251 1434 4298 quem

397 4303 430 4352 96
445 4304 504 4352 Duo
524 4304 599 4351 millia
617 4302 684 4367 arb]
713 4305 788 4350 Assos
807 4301 879 4352 200⁰.
911 4303 1003 4351 seilicet
1024 4303 1065 4351 ille
1085 4304 1204 4364 optimam
1221 4309 1247 4353 et
1265 4299 1436 4367 justinum

364 4369 481 4420 estimari
497 4373 601 4432 poemat
619 4368 879 4430 mareotim·
912 4368 1136 4420 munemne.
