2978 4918
311 231 367 316 roo
703 222 815 286 urst
842 221 978 318 urvrr

310 402 362 476 tor¹
376 413 396 456 a
409 389 435 429 ⁹⁰
444 385 662 454 turbatoribus
676 385 750 451 belli
763 400 970 474 premeretur,
985 361 1044 454 riec
1062 386 1267 474 perfectioni
1281 399 1372 466 esset,

309 477 388 542 ⁹¹ob
413 473 548 563 Regillo,
572 495 690 576 magna
713 473 874 538 clientium
902 475 1071 540 comitatus
1098 497 1208 554 manu,
1233 473 1373 540 Romam
1469 541 1470 546 ,

311 561 490 649 transfugit.
536 559 600 626 His
614 560 724 626 civitas
739 559 815 626 data
831 583 969 648 agerque
990 573 1075 627 trans
1091 559 1260 628 Anienem.
1283 559 1309 601 ⁹¹
1320 585 1374 626 ve·

150 670 252 722 eleuata
260 671 303 718 m.
313 662 363 715 tus
379 647 514 713 Claudio
528 647 641 724 tribus,
656 645 773 712 additis
786 659 897 733 postea
909 648 1000 712 novis
1014 647 1195 729 tribulibus,
1210 649 1321 736 quiex
1336 671 1375 714 eo

111 751 116 758 '
148 737 202 784 oua
311 737 472 800 venirentt
483 757 572 820 agro,
583 733 751 820 adpellata.
787 733 922 820 Appius,
937 734 1020 799 inter
1035 733 1147 802 Patres
1161 737 1272 813 lectus,
1287 728 1375 800 baud

148 799 356 914 mamito
370 821 471 886 multo
485 833 556 907 post
567 822 606 922 in·
613 821 793 907 principum
803 819 1020 922 dignationem
1030 823 1183 908 pervenit.
1207 819 1376 900 Consules,

149 931 232 978 roua
241 931 290 978 tec.
313 907 428 974 infesto
443 908 582 973 exercitu
599 929 632 971 m
646 929 759 992 agrum
774 907 927 973 Sabinum
943 907 1087 994 proiecti,
1099 931 1198 996 quum
1212 907 1259 974 ita
1272 921 1378 974 vasta·

150 1000 198 1042 ‘¹¹⁵
314 997 412 1078 tione,
427 996 514 1059 dein‘
528 993 655 1081 proelio,
674 993 869 1060 adflixissent
890 1016 967 1080 opes
990 993 1142 1073 hostium,
1158 1008 1194 1060 ut
1215 995 1272 1061 diu
1292 993 1378 1061 nihil

314 1081 388 1147 inde
412 1080 593 1146 rebellionis
616 1081 728 1146 timere
751 1093 888 1166 possent,
910 1079 1142 1168 triumphantes
1165 1081 1303 1148 Romam
1325 1103 1378 1148 re-

150 1189 279 1239 nvom!
314 1168 452 1234 dierunt.
499 1168 536 1232 P.
552 1165 708 1244 Valerius,
725 1169 866 1232 omnium
885 1187 1040 1232 consensu
1061 1169 1209 1320 principa
1229 1167 1304 1234 belli
1317 1190 1378 1254 po-

150 1269 224 1303 mora
315 1255 421 1344 cisque
442 1255 574 1337 artibus,
590 1276 675 1320 anno
697 1267 777 1340 post,
800 1253 945 1342 Agrippa
966 1252 1131 1332 Menenio,
1211 1254 1381 1322 Postumio

150 1320 182 1433 H]
193 1321 221 1433 ἓ
233 1319 289 1432 {gij
312 1341 506 1420 consulibus,
523 1342 669 1421 moritur,
683 1339 786 1424 gloria
807 1339 937 1428 ingenti,
953 1340 1053 1424 ,copiis
1066 1339 1274 1408 familiaribus
1294 1339 1380 1408 adeo

312 1429 447 1518 exiguis,
472 1439 508 1494 ut
534 1427 636 1492 funeri
663 1440 785 1492 sumtus
810 1426 948 1492 deesset:
974 1425 1015 1492 de
1038 1425 1168 1513 publico
1193 1441 1240 1494 est
1264 1427 1382 1498 elatus.

315 1515 445 1581 Luxere
466 1529 632 1592 matronae,
649 1528 684 1578 ut
701 1514 847 1578 Brutum.
893 1511 1017 1578 Eodem
1039 1535 1125 1580 anno
1146 1511 1219 1580 duae
1239 1513 1381 1580 colonias

229 1615 232 1622 ’
314 1603 448 1679 Letinoe,
466 1599 611 1666 Pometia
627 1613 657 1664 et
674 1599 770 1677 Cora,
786 1599 827 1664 ad
843 1600 1014 1666 Auruncos
1035 1599 1198 1668 deliciunt.
1220 1623 1294 1666 cum
1309 1603 1381 1668 Au-

259 1707 270 1720 ·
314 1687 421 1752 runcis
442 1685 561 1752 bellum
583 1687 711 1751 initum:
734 1686 867 1774 suso'que
889 1687 1011 1774 ingenti
1029 1688 1184 1764 exercitu,
1201 1687 1257 1774 qui
1280 1710 1313 1754 se
1328 1687 1382 1753 in-

312 1773 530 1864 gredientibus
553 1772 632 1837 fines
653 1770 834 1838 consulibus
855 1771 1001 1838 ferociter
1014 1773 1184 1854 obtulerat,
1198 1795 1293 1840 omne
1308 1775 1382 1840 Au-

313 1881 449 1925 runcum
463 1857 582 1925 bellum
601 1857 774 1924 Pometiam
789 1857 987 1942 compulsum
1003 1873 1060 1926 est.
1107 1859 1176 1926 Nec
1192 1861 1290 1948 magis
1303 1875 1382 1948 post

312 1947 476 2033 proelium,
493 1969 588 2033 qupm
604 1945 637 2009 in
659 1946 784 2032 proelio,
800 1944 941 2010 cedibus
960 1943 1168 2032 temperatum
1183 1959 1242 2011 est.
1257 1959 1290 2012 et
1303 1949 1382 2014 caesi

313 2033 479 2120 aliquanto
493 2035 599 2120 plures
620 2027 721 2108 erant,
737 2055 832 2117 quam
848 2033 949 2118 copti3
972 2045 1004 2097 et
1018 2047 1128 2118 captos
1145 2031 1263 2119 passim
1279 2035 1383 2100 truci·

313 2116 478 2186 (laverunt.
510 2142 552 2185 ne
581 2119 623 2183 ab
651 2118 815 2184 obsidibus
844 2118 983 2206 quidem,
1009 2119 1064 2204 qui
1093 2122 1226 2185 trecenti
1255 2123 1383 2206 accepti

312 2229 448 2272 numero
462 2221 562 2284 erant,
577 2205 694 2270 ”iram
716 2203 791 2271 belli
813 2203 912 2271 hostis
937 2205 1098 2272 abstinuit.
1144 2205 1188 2272 Et
1210 2207 1271 2271 boc
1292 2229 1384 2274 anuo

316 2293 430 2360 Romae
444 2291 689 2379 triumphatum.

540 2467 554 2508 t
565 2467 674 2511 rrerreroat
683 2463 757 2512 Groo.
769 2460 839 2509 cres.
970 2459 1070 2507 'deinde
1081 2459 1149 2508 usu

346 2633 379 2683 90
398 2628 635 2691 turbatores-retent]
653 2627 830 2686 lusolenspro-
863 2639 906 2687 pue
923 2629 989 2670 troas
1004 2621 1119 2670 duleum
1134 2623 1267 2670 attributus·
1307 2623 1385 2672 Clau.

314 2696 596 2759 teotoacpaulodurlor
612 2691 728 2753 loquendi
743 2689 830 2744 forma.
863 2691 903 2736 dte
924 2689 1006 2743 tribu.
1026 2687 1112 2736 additis
1125 2691 1205 2748 posteo
1221 2689 1288 2735 acuta
1305 2689 1385 2737 mtu-

314 2779 370 2828 que
391 2770 475 2810 tamen
493 2762 658 2808 roruneoon
675 2761 831 2802 temoremu·
863 2754 931 2809 titus,
952 2753 1042 2814 quiea
1063 2765 1089 2798 so
1113 2753 1217 2828 umbrat
1242 2766 1312 2814 egro,
1337 2755 1387 2810 (sie

315 2829 362 2877 tari
383 2829 476 2874 debeat.
522 2821 659 2870 Turbotorer
682 2817 733 2864 belli
761 2817 832 2864 nimi·
864 2819 930 2866 enirn
952 2823 1056 2878 quatuor
1075 2830 1088 2864 e
1105 2817 1199 2878 scriptis
1218 2817 1317 2874 nostris,
1333 2833 1387 2868 oon

200 2889 203 2896 ’
314 2891 483 2951 rumintelligi
494 2885 631 2950 possuntt,
643 2883 833 2945 quiportururu
865 2887 983 2940 muoso
1003 2879 1124 2943 appellata.
1170 2879 1266 2942 Nempe
1289 2883 1387 2932 tribum

315 2973 344 3007 ac
366 2958 484 3004 violentas
507 2953 614 3000 actiones
639 2950 732 2996 bellum
753 2947 833 2994 corsoi-
865 2947 992 2994 Ctaudiaot
1012 2959 1060 2993 noo
1080 2946 1271 2993 existimandum
1286 2950 1387 2998 esthoe

316 3030 378 3071 tant.
410 3019 541 3076 'Placeret
553 3025 636 3063 umen
652 3013 832 3074 magistegere,
865 3013 948 3060 etauio
981 3019 1089 3073 tempore
1127 3011 1258 3058 romaum
1298 3011 1387 3062 roim.

316 3089 344 3135 ob
365 3085 519 3133 hortatms'baa
541 3080 609 3127 bctltr
634 3079 670 3132 uti
689 3079 755 3138 apud
776 3073 834 3122 Vir·
866 3075 931 3122 Nam
943 3083 967 3124 et
979 3076 1081 3138 Dionys.
1091 3076 1107 3120 t.
1117 3075 1217 3122 V.eam
1233 3076 1303 3135 lapsu
1321 3084 1388 3124 rem.

316 3153 413 3216 gitium,
435 3147 552 3195 Hortatur
575 3143 684 3190 mom
710 3139 831 3196 Μίδας
864 3141 929 3202 poris
947 3141 1065 3188 coaluisse
1082 3139 1166 3192 tradit,
1183 3146 1208 3185 et
1228 3139 1314 3187 tirius
1332 3143 1388 3204 ipae

317 3226 343 3264 et
353 3216 418 3278 apud
436 3213 507 3262 Orio.
527 3209 600 3258 urta
611 3208 658 3256 IV.
675 3208 698 3256 2.
714 3205 754 3256 82.
766 3205 832 3252 Hor·
864 3207 911 3252 hoe
920 3206 987 3252 idern
1002 3205 1097 3252 iubae.
1110 3203 1149 3251 at.
1161 3204 1263 3250 tonuere
1277 3207 1388 3256 videtur.

317 3286 474 3342 tamrpagroe
483 3271 713 3336 mriliumqucsatt.
865 3269 904 3318 lbi
924 3271 989 3316 enim
1010 3270 1122 3316 videmus
1148 3267 1226 3314 tribus
1254 3281 1333 3318 unam
1359 3279 1388 3320 et

350 3344 380 3394 sl
398 3343 436 3392 At
453 3339 557 3404 Regillo]
578 3337 631 3386 lae.
648 3336 784 3384 Gronovius
800 3347 831 3382 ex
864 3335 1065 3396 vigintieoanno
1081 3334 1165 3380 foena
1198 3331 1283 3387 Quum
1298 3341 1388 3384 autem

318 3409 426 3472 vestigiis
445 3405 518 3454 MSS.
535 3403 583 3464 legi
597 3399 706 3464 jubetob
722 3399 831 3447 vtcotto·
864 3412 895 3446 ex
906 3412 955 3460 quo
965 3399 1043 3446 tribus
1059 3412 1074 3446 ι
1090 3397 1174 3444 seruo
1188 3395 1271 3444 'tutuo
1282 3397 1387 3448 iustitu-

314 3477 381 3539 gtttot
415 3471 474 3522 Vtri.
489 3469 595 3530 primam
613 3464 666 3529 ejus
684 3465 833 3514 &mtto-
865 3469 947 3510 taret
967 3464 1091 3512 motuum
1112 3462 1267 3518 remoraris,
1290 3465 1388 3513 nulum

319 3555 376 3590 nem
397 3535 554 3598 Epistolicam
566 3532 698 3580 adeetcern
718 3530 753 3578 11.
770 3529 833 3578 tomi
865 3541 936 3576 noun
957 3529 1044 3584 trimus,
1074 3531 1238 3602 pretequam
1261 3527 1386 3588 ως,

318 3606 414 3654 Liviani
426 3603 452 3648 lo
463 3599 568 3646 editione
578 3597 636 3644 anni
648 3595 718 3644 tots.
865 3606 955 3656 nomen
973 3591 1087 3654 appellet,
1098 3603 1140 3637 mx
1155 3596 1193 3636 est
1209 3598 1237 3637 ut
1254 3591 1327 3642 aliter
1341 3595 1388 3641 trt-

350 3669 382 3718 02
402 3664 484 3728 Vesus}
512 3663 575 3711 ilaec
604 3663 703 3722 quidem
730 3665 831 3720 possunt
865 3658 910 3704 bus
921 3671 997 3705 unam
1012 3664 1037 3703 et
1048 3655 1136 3718 viginti
1150 3655 1227 3702 neu·
1246 3668 1299 3704 esse
1310 3659 1388 3706 nitet-

317 3737 419 3783 sortasse
429 3733 464 3780 sio
479 3729 565 3789 script
577 3727 686 3787 ariiqut
702 3737 760 3776 cum
773 3725 832 3770 Atta
862 3721 978 3784 ligem
994 3733 1070 3782 quam
1086 3717 1182 3782 rojecta
1199 3721 1389 3773 moechante.

318 3801 406 3847 Clauso
436 3797 541 3844 Romam
571 3795 696 3844 venerant.
717 3789 832 3852 appellati
863 3787 935 3841 Quod
945 3785 1387 3850 quidemeoreridmiliuaugqffl

317 3861 408 3912 tuerint
430 3863 494 3908 cetus
517 3857 615 3906 Claudio
633 3855 715 3908 tribur,
738 3859 832 3914 postea·
864 3865 893 3899 eo
919 3851 973 3912 ipso
1002 3864 1075 3900 anno.
1088 3851 1136 3911 Ap.
1159 3847 1275 3898 claudius
1296 3854 1387 3901 cml

316 3941 392 3990 quam
413 3931 565 3972 accesserunt
583 3922 640 3969 novi
662 3919 779 3965 triburien
797 3918 832 3964 tta
864 3922 925 3971 erat,
942 3917 986 3976 qut
1005 3917 1072 3962 hunc
1090 3914 1185 3962 numini
1203 3929 1248 3963 auo
1266 3929 1296 3963 ac
1314 3917 1387 3979 genet

248 3983 253 3990 ¹
316 4001 345 4041 ut
359 3993 412 4039 baec
431 3989 559 4050 appellatio
578 4000 626 4034 nou
644 3985 670 4032 lo
688 3989 766 4030 totam
788 3981 831 4028 tri·
864 3981 952 4027 addae
973 3981 1091 4027 honorem
1110 3978 1216 4028 voluisse
1236 3981 1327 4028 mutto
1347 3983 1387 4030 vi·

315 4057 439 4111 bum‚sed
456 4053 648 4100 inveterrimam
665 4045 718 4111 ejus
735 4051 833 4108 partam
864 4041 916 4092 derl
925 4050 1013 4104 puteat.

314 4125 418 4180 caderet.
451 4118 529 4166 Sedet
540 4118 593 4164 bne
609 4127 680 4162 mens
691 4111 756 4158 Livii
774 4111 832 4169 mtr,
896 4105 1075 4156 981le
1091 4105 1288 4156 tarbuam
1317 4109 1386 4160 Hor-

314 4201 370 4234 em
397 4185 486 4233 otarius
513 4191 653 4241 aprorum
679 4187 831 4238 cuperemus.
864 4171 895 4219 tir
911 4171 1085 4233 tntslttgendus
1104 4178 1141 4219 est
1163 4174 1269 4234 popruos

316 4251 455 4300 verisimile
474 4253 512 4294 eet
529 4246 604 4291 latere
623 4242 710 4288 vitium
727 4241 754 4286 in
772 4251 831 4288 veae
864 4249 911 4284 nus
934 4237 1028 4284 bellans
1059 4249 1117 4285 cum
1142 4235 1273 4286 Auruncis.
1319 4235 1387 4298 con-

312 4321 385 4366 vuar.
419 4315 531 4362 tom-e
548 4307 633 4356 biviras
640 4305 752 4359 oedem,
764 4315 831 4365 retr·
860 4297 957 4364 jerom
968 4299 1055 4363 Lipsil.
1072 4299 1144 4352 MSS.
1155 4312 1246 4364 magno
1261 4315 1392 4378 mm·
