2978 4918
396 224 489 286 nin.
509 225 550 284 11.
577 225 679 286 CA'P,
700 225 783 284 th.
1077 233 1135 294 '147

76 385 148 467 niter,
175 389 302 468 otiose,
331 387 555 478 neglegenter,
568 389 797 455 contumaciter
818 388 926 454 omnia
948 412 1050 478 agere.
1073 400 1171 464 necue
1184 401 1278 450 cm

73 475 168 558 pudor,
197 497 267 540 nec
295 488 405 540 metus
431 477 604 540 coercebat.
650 475 685 542 Si
706 476 798 540 citius
822 476 874 561 agi
893 475 986 541 uellet
1006 498 1131 564 agmen,
1141 469 1173 516 A.
1181 468 1210 546 ⁰:
1219 467 1280 516 ⁴⁶⁹·'

71 561 175 627 tardius
191 560 321 626 sedulo
335 561 500 626 incedere:
523 563 548 624 ai
563 561 750 647 adhortator
763 565 866 648 operis
877 563 1008 641 adesset,
1023 531 1283 646 ιιιιιιιειζῗῇρῖᾗζιὲοι

71 669 116 711 ιιι
135 661 257 734 sponte
272 647 437 712 ⁸¹motam
461 649 617 712 remittere
641 649 838 714 industriam.
860 648 1043 735 ”prasenti
1061 652 1269 714 'vui-exereitus.

70 745 111 798 tus
128 733 321 810 demittere,
347 735 443 799 tacite
471 747 713 818 pretereuntem
738 735 913 800 exsecrari:
936 749 972 800 ut
1000 736 1134 802 invictus

69 819 114 884 ille
131 821 206 886 odic
231 819 370 906 plebeio
391 822 515 884 animus
539 820 698 884 interdum
722 833 913 886 moveretur.
958 821 1058 886 Omni
1079 844 1135 886 ne·

72 907 237 994 quidquam
254 906 436 972 acerbitate
449 921 584 991 promta,
601 905 679 970 nihil
689 908 756 992 jam
772 929 843 971 cum
856 907 1007 973 militibus
1021 931 1133 996 agere:

72 993 348 1058 acenturionibus
359 1007 547 1075 corruptum
559 993 735 1058 exercitum
745 993 866 1058 dicere:
889 995 1136 1078 trilunosplehei

72 1079 213 1144 caeiilsms
228 1078 399 1144 interdum
411 1091 444 1142 et
461 1079 622 1144 Volerones
635 1099 756 1144 vocare.

109 1165 206 1232 LIX.
233 1165 331 1230 Nihil
358 1186 468 1228 eorum
495 1163 600 1228 Volsci
627 1166 817 1242 nesciebant,
845 1167 1066 1254 instabantque
1094 1191 1133 1232 eo

72 1254 175 1340 magis,
199 1263 370 1338 sperantes
397 1251 481 1315 idem
504 1265 661 1314 certamen
685 1251 863 1317 animorum
889 1253 1038 1318 adversus
1064 1254 1134 1338 Ap-

92 1339 152 1402 inrn
176 1338 371 1403 habiturum
395 1337 568 1401 exercitum
592 1337 785 1416 Romanum,
800 1338 885 1423 quod
907 1337 1056 1402 adversus
1072 1339 1134 1404 Fa-

73 1361 152 1488 iiam
180 1423 350 1490 consulem
377 1422 548 1488 habuisset.
593 1423 741 1488 Ceterum
770 1423 870 1488 multo
895 1425 1015 1509 Appio,
1038 1447 1133 1511 quam

74 1509 179 1588 Fabio,
201 1509 380 1574 violentior
400 1507 471 1573 fuit.
515 1508 590 1574 Non
614 1511 699 1574 enim
722 1510 848 1576 vincere
870 1521 994 1574 tantum
1020 1511 1133 1590 noluit,

70 1609 101 1660 ut
130 1597 299 1663 Fabianus
327 1596 494 1674 exercitus,
523 1596 577 1658 scd
608 1595 693 1659 vinci
719 1595 830 1662 voluit.
889 1597 1070 1663 Productus
1099 1599 1133 1663 in
1143 1615 1218 1663 vinei
1229 1616 1289 1662 vate.

69 1683 166 1748 aciem
181 1683 275 1769 turpi
291 1681 324 1746 iu
386 1681 465 1767 petit
483 1695 605 1757 castra;
628 1704 685 1746 neo
699 1695 772 1748 ante
793 1683 917 1759 restitit,
933 1707 1027 1768 quam
1043 1687 1134 1770 signa

69 1769 258 1835 inferentem
276 1769 428 1832 Voscum
456 1767 660 1832 munimentis
684 1768 772 1846 vidit,
796 1768 974 1854 fredamque
999 1773 1134 1836 extremi

68 1857 206 1940 agminis
230 1854 366 1920 caedem.
410 1853 532 1917 ³³Tum
554 1875 701 1937 expressa
727 1855 772 1918 vis
794 1855 835 1920 ad
857 1856 1075 1942 pugnandum,
1100 1873 1135 1924 ut

68 1943 169 2008 victor
180 1943 252 2028 jam
269 1939 389 2006 avallo
412 1939 651 2004 submoveretur
672 1940 787 2006 hostis:
811 1942 887 2006 satis
908 1955 1014 2008 tamen
1036 1944 1135 2029 adpa-

67 2045 159 2106 reret,
178 2029 255 2114 capi
270 2041 394 2092 tantum
410 2038 514 2090 castra
532 2025 662 2090 militem
681 2028 862 2092 Romanum
878 2027 1025 2095 uoluisse.
1047 2029 1135 2096 “aiii
1155 2059 1160 2066 ·

127 2116 210 2182 dere
225 2137 287 2180 sua
301 2111 392 2178 clade
405 2125 499 2197 atque
521 2113 705 2200 ignominia.
751 2113 879 2190 Quibus
890 2115 970 2179 nihil
985 2115 1136 2182 infractus

75 2225 156 2268 erox
181 2200 286 2288 Appii
311 2201 447 2276 animus,
464 2221 561 2286 quum
587 2199 718 2284 insuper
743 2201 853 2266 saevire
879 2201 981 2282 vellet,
1007 2204 1134 2271 concio·

62 2311 207 2378 nemque
232 2287 415 2363 advocaret,
438 2297 632 2350 concurrunt
660 2286 795 2350 adeum
822 2287 918 2374 iegati
942 2288 1134 2374 tribunique,

62 2388 249 2455 monentes,
272 2395 313 2436 ne
334 2373 444 2460 ntique
464 2371 635 2456 “experiri
663 2371 754 2436 vellet
777 2373 955 2456 imperium,
977 2377 1067 2460 cnjus
1091 2377 1137 2438 vis

61 2464 172 2528 omnis
195 2461 232 2525 in
255 2481 412 2534 consensu
434 2457 647 2523 obedientium
670 2474 760 2523 esset.
804 2461 930 2540 Negare
944 2459 1038 2545 vulgo
1052 2461 1136 2524 mili-

62 2559 122 2625 tes,
139 2571 181 2614 se
196 2547 240 2612 ad
255 2546 443 2610 concionem
467 2546 582 2621 ituros3
608 2544 785 2631 passimque
798 2544 941 2608 exaudiri
957 2565 1047 2608 voces
1062 2567 1136 2629 pos·

61 2635 309 2714 nuntiamus
331 2643 435 2696 castra
453 2654 492 2695 ex
508 2630 625 2696 Volsco
650 2637 729 2716 agro
754 2643 951 2696 moveantur.
998 2630 1135 2696 Hostem

61 2722 225 2786 rictorem
241 2718 353 2804 paullo
365 2730 439 2782 ante
454 2739 554 2802 prope
568 2718 600 2780 in
615 2718 716 2802 portis
730 2739 767 2782 ac
781 2715 866 2781 vallo
887 2715 1000 2793 fuisse3
1024 2717 1136 2806 ingen·

61 2807 171 2894 tisque
189 2805 267 2871 mali
289 2827 355 2868 non
385 2803 596 2888 suspicionem
621 2803 740 2880 modo,
754 2803 808 2867 sed
835 2817 975 2888 apertam
999 2806 1135 2889 speciem

58 2893 233 2960 obversari
245 2904 319 2957 ante
333 2888 454 2956 oculos.
499 2889 611 2954 Victus
619 2889 759 2968 tandem,
772 2889 1043 2976 (quandoquidem
1056 2891 1138 2956 nihil

58 2993 190 3066 praeter
204 2993 333 3065 tempus
356 2976 491 3041 ”noxae
512 2975 727 3055 lucrarentur)
750 2978 879 3042 remissa
899 2977 1138 3055 concionaiter

93 3169 126 3216 ³1
148 3167 263 3231 um]
281 3167 517 3216 Cavebancrocem
533 3179 590 3215 eum
623 3169 810 3228 nosqnidqusta
826 3163 923 3229 juvant.
956 3168 1020 3216 Vide
1038 3182 1069 3216 sn
1089 3169 1139 3230 lagi

57 3231 160 3280 clerico
173 3233 299 3288 sollbitcs,
316 3233 359 3294 qui
379 3233 499 3280 infelicem
519 3233 591 3294 plane
622 3233 697 3293 possit
711 3232 776 3280 atta.
789 3263 796 3278 .
807 3247 849 3278 aaa
866 3232 943 3280 elude.-
960 3241 989 3279 ut
1000 3245 1084 3280 sensus
1096 3235 1137 3288 sit,

56 3305 82 3342 et
100 3299 276 3359 inelegantem
291 3293 456 3359 conjecturam
473 3296 590 3350 obtrudit,
622 3297 726 3344 militem
749 3297 887 3343 Romanum
904 3296 957 3357 capi
973 3304 1068 3344 mnium
1085 3311 1138 3344 eas-

56 3363 171 3423 vultqne
194 3364 280 3422 reponi
297 3365 384 3408 sotera.
417 3361 485 3408 Nihil
496 3361 591 3408 clarius.
625 3369 663 3408 tra
677 3361 800 3424 noluisses
817 3367 935 3418 eetemm,
952 3363 1018 3423 quod
1034 3361 1141 3408 attinue-

55 3425 150 3480 Qnum
184 3427 275 3472 milites
301 3439 347 3473 sus
375 3431 461 3486 sponte
489 3437 593 3472 manum
625 3425 828 3485 ritadreliquam
844 3425 1056 3474 cladesnsusmt
1070 3428 1139 3489 igno·

56 3493 130 3550 mi
152 3491 337 3549 admovissent,
351 3490 374 3536 ai
393 3491 593 3549 horutumanp·
624 3491 737 3549 minium,
754 3503 841 3548 nempe
859 3489 944 3552 lugam
960 3505 991 3538 ex
1011 3490 1072 3549 scie,
1092 3505 1141 3540 cee-

57 3555 117 3614 pius
147 3556 345 3616 supervenisset,
372 3568 458 3602 omnes
483 3553 594 3602 consulto
625 3555 682 3602 dem
692 3553 1115 3645 plurimorumeagsvisumlnisse.

57 3629 287 3731 ”siniam
306 3681 386 3731 vassu
400 3683 530 3746 masere]
548 3681 595 3729 uss
626 3618 704 3732 cni-ir
715 3617 872 3741 simis
884 3618 1140 3743 iffiibepffi]

59 3759 181 3806 μειειιι
191 3749 288 3810 Appius
304 3755 377 3800 met,
394 3750 491 3796 vultum
502 3755 527 3794 et
537 3761 594 3794 ocu·
625 3748 686 3808 perii
697 3748 744 3803 vis,
755 3753 876 3810 quantum
895 3748 1034 3808 imperatori
1050 3749 1076 3794 in
1092 3749 1141 3800 sni·

60 3811 99 3857 las
118 3813 233 3876 defigere
250 3813 275 3860 in
290 3818 393 3871 tunm,
406 3825 503 3860 uacum
514 3812 594 3858 iutue-
625 3813 777 3859 litcslieeret.
890 3825 895 3836 ⁸

62 3885 166 3924 tantm·-
658 3877 690 3924 36
706 3871 798 3938 Nora]
826 3875 919 3923 Milites
949 3877 991 3937 qui
1018 3876 1044 3923 in
1078 3889 1141 3924 nors

96 3941 134 3988 83
157 3941 221 3989 Pam
239 3955 348 4004 cupressu
363 3941 413 3996 uls,
428 3939 459 3986 sd
482 3955 593 4002 pregnan-
622 3947 704 3988 eram.
731 3941 805 3988 Naue
815 3942 1141 4002 estidomnequcdnccst,

66 4003 136 4070 dn]
161 4007 231 4055 ‘lum
248 4009 341 4054 milites
360 4005 439 4053 coacti
456 4005 519 4052 vires
538 4017 595 4051 exe·
626 4005 980 4065 sivecnipa,sivsiassio,sive
997 4007 1049 4066 ipsa
1066 4005 1141 4053 bomo

67 4081 119 4117 tere
142 4073 177 4120 ad
194 4073 332 4120 ιιοειιᾱιιιιι
357 4069 518 4116 munimentis
536 4070 594 4116 hos·
625 4071 668 4130 qui
679 4070 777 4130 eulpam
796 4070 929 4128 commisit,
940 4071 1089 4118 damnumve
1104 4072 1143 4118 in·

66 4139 131 4184 tun.
625 4134 690 4181 tulit.
725 4133 779 4180 iloc
799 4134 886 4180 ultimo
908 4148 980 4180 sensu
998 4134 1142 4195 intelligitur

101 4201 136 4248 84
150 4201 203 4250 All
224 4202 334 4267 guden
355 4211 399 4246 sua
423 4197 495 4260 clads]
524 4200 593 4246 Man·
625 4211 654 4246 sc
670 4197 959 4245 delinituralustiulano
974 4199 1142 4248 Instrativ.

68 4263 128 4314 ‘dnn
145 4281 197 4318 esse
215 4276 339 4332 putamus
359 4265 387 4310 in
408 4275 465 4310 voce
483 4264 536 4323 sill,
554 4265 594 4312 cui
625 4261 699 4310 uta
712 4261 787 4308 Sicet
802 4261 897 4308 servitia
913 4275 956 4322 pro
972 4265 1055 4323 mats,
1069 4271 1143 4326 opere

73 4329 176 4384 mm
192 4337 262 4400 quod
281 4327 498 4392 respondetquee
515 4329 595 4389 quoad
627 4327 778 4388 prosperarll
788 4327 911 4374 dicuntur.
1001 4357 1010 4380 .,

72 4401 147 4457 ιρις,
164 4417 210 4452 m
226 4397 314 4464 quoad
331 4403 443 4442 ιοιιιιιιιι.
478 4393 530 4440 Nec
540 4393 595 4440 libri
