3032 4924
366 229 423 284 302
456 230 459 242 '
764 221 1041 280 T1T1-Ltvt1

201 404 229 450 u.
243 405 271 451 c.
282 404 340 452 soa
363 389 443 452 sulto
458 389 537 450 male
551 388 632 470 geri,
649 395 682 448 nt
697 386 812 450 diutius
823 397 945 470 gerant.
963 389 996 449 iu
1011 395 1141 470 quatuor
1152 387 1257 449 deinde
1270 383 1341 450 bella
1354 408 1408 448 uno

199 471 230 516 A·
244 471 271 517 ⁰·
282 469 337 518 ⁸9&
364 475 480 536 delectu
501 473 650 540 caercitus
664 473 802 554 scriptos,
818 483 848 536 et
864 494 975 555 pueros
989 493 1104 556 quaque
1118 495 1154 536 ac
1167 495 1247 536 senes
1260 481 1405 536 estractus.

363 561 437 624 dam
459 579 520 620 non
534 560 652 622 astatis
667 579 720 620 nec
733 558 840 622 biemis
862 560 1022 622 discrimen
1042 581 1113 638 esse,
1129 581 1166 622 nc
1179 561 1241 622 ullo
1255 559 1333 642 quies
1350 579 1405 620 un·

364 665 453 728 quam
468 645 587 708 misere
595 643 683 726 plebi
696 645 757 708 sit:
781 665 848 728 qua
862 667 941 708 nuru
955 648 1046 708 etiam
1062 645 1218 730 uectigalis
1230 647 1273 709 ad
1284 645 1405 708 ultimum

349 731 448 816 facta
458 731 500 794 sit
506 764 518 802 ‚·
542 739 587 810 ut,
603 751 691 814 quum
702 730 837 813 confecta
852 731 965 806 labore,
976 731 1160 808 mineribus,
1169 740 1315 812 postrema
1327 737 1408 792 atate

362 837 492 898 corpora
513 818 684 892 retulerint,
701 817 875 900 incultaque
888 819 990 880 omnia
1006 819 1124 880 diutina
1146 818 1324 880 daminoncm
1337 815 1407 878 desi·

363 905 450 966 derio
464 904 547 966 domi
561 904 743 978 inuenerint,
760 903 904 966 tributum
919 925 956 966 ea
970 903 1093 986 adficta
1116 925 1150 966 rc
1159 903 1321 987 familiari
1337 920 1407 982 pen·

362 991 455 1061 dant,·
475 1009 602 1078 ¹aeraque
616 989 778 1064 militaria,
794 989 1003 1072 uelcdfoenore
1017 999 1150 1070 accepta,
1167 988 1341 1070 multiplicia
1355 985 1407 1048 rci-

357 1074 491 1156 publicce
504 1077 648 1138 reddant.
692 1073 782 1138 Inter
795 1073 950 1138 delectum
967 1073 1193 1159 tributumque,
1208 1087 1239 1138 ct
1253 1083 1407 1157 occupatos

363 1160 486 1225 animos
509 1162 662 1246 majorum
691 1181 796 1223 rerum
821 1161 913 1235 curis,
940 1161 1076 1225 comitiis
1102 1159 1297 1226 tribunorum
1320 1155 1407 1240 plebis

363 1269 512 1311 numerus
527 1246 649 1330 expleri
673 1246 823 1334 nequiit⁰.
869 1246 1049 1335 Pugnatum
1073 1246 1157 1322 inde,
1180 1247 1212 1310 in
1235 1245 1302 1309 loca
1321 1265 1407 1307 vacua

364 1345 399 1397 ut
428 1333 550 1418 patricii
576 1344 811 1416 cooptarentur.
840 1345 1007 1418 postquam
1031 1331 1166 1396 obtineri
1197 1353 1258 1396 non
1286 1343 1407 1414 poterat,

364 1431 468 1482 tamen
492 1417 720 1483 labefactandae
741 1417 853 1504 &legis
869 1418 1039 1483 Treboniae
1062 1441 1174 1484 caussa
1199 1417 1338 1480 effectum
1359 1427 1426 1488 est„

367 1520 400 1570 ut
422 1517 647 1588 cooptarentur
672 1505 791 1570 tribuni
814 1503 913 1588 plebis
937 1503 976 1570 C.
994 1505 1145 1570 Lacerius
1169 1519 1200 1570 et
1216 1503 1265 1570 M.
1281 1501 1407 1574 Acutius,

364 1591 449 1655 haud
465 1591 563 1656 dubie
576 1591 782 1676 patriciorum
798 1590 923 1674 opibus.

408 1676 472 1742 XI.
499 1678 578 1740 Fors
592 1678 637 1742 ita
651 1677 732 1755 tulit,
744 1691 780 1741 ut
800 1699 838 1740 eo
860 1697 945 1740 anno
963 1677 1109 1741 tribunus
1131 1677 1232 1762 plebis
1248 1678 1324 1742 Cn.¹
1338 1673 1407 1738 Tre·

365 1763 478 1826 bonius
499 1777 589 1840 esset,
606 1765 659 1848 qui
683 1764 805 1828 nomini
819 1785 855 1826 ac
870 1762 998 1828 familiar
1017 1763 1158 1828 debitum
1176 1777 1323 1850 praestare
1336 1759 1408 1823 vide·

363 1863 451 1914 retur
466 1849 638 1914 Treboniae
657 1849 734 1936 logis
755 1851 977 1934 patrocinium.
1000 1850 1035 1926 is,
1052 1855 1133 1934 quod
1146 1855 1296 1934 petissent
1312 1849 1409 1913 Patres

363 1937 499 2020 quidam,
518 1938 624 2019 primo
650 1938 768 2018 incepto
788 1939 916 2019 repulsi,
939 1947 1039 2000 tamen
1063 1938 1202 2002 tribunos
1222 1940 1346 2001 militum
1364 1953 1408 1994 ec·

360 2043 522 2106 pugnasse,
548 2019 729 2098 vociferans,
752 2024 845 2107 legun
865 2023 1047 2088 Treboniam
1070 2024 1230 2101 subiectam,
1251 2034 1280 2086 et
1300 2027 1409 2102 coapta·

362 2119 409 2172 tos
430 2109 567 2172 tribunos
584 2109 684 2192 plebis
705 2131 765 2171 aon
787 2109 948 2196 suffragiis
969 2111 1089 2192 popuii,
1104 2113 1158 2174 sed
1173 2112 1300 2194 imperio
1315 2104 1409 2189 patri-

362 2197 496 2270 ciorum3
519 2205 549 2259 et
564 2217 598 2258 ea
612 2197 748 2259 reuoluit
770 2217 842 2271 rem,
861 2205 895 2260 ut
917 2206 971 2259 aut
983 2197 1130 2278 patricii,
1150 2207 1208 2260 aut
1222 2194 1407 2279 patriciam

362 2283 491 2346 adseclee
504 2282 638 2346 tatami
651 2281 769 2345 tribuni
784 2282 884 2364 plebis
899 2284 981 2345 sint:
1005 2284 1088 2364 eripi
1106 2293 1248 2347 sacratas
1265 2285 1352 2365 leges,
1364 2297 1408 2339 ea

363 2371 501 2453 torqueri
534 2369 730 2434 tribuniciam
764 2377 962 2448 potestatem.-
995 2370 1031 2430 id
1050 2369 1176 2452 fraude
1205 2369 1407 2452 patriciarum,

362 2457 472 2519 scelere
486 2478 523 2518 ac
532 2457 711 2538 proditione
720 2457 900 2540 collegarum
910 2455 1033 2538 factum
1047 2476 1191 2536 arguere.
1213 2453 1240 2494 ⁸⁴
1250 2453 1352 2529 Quum
1367 2469 1408 2512 ar·

363 2539 475 2604 decent
498 2542 624 2617 insidia,
642 2563 706 2604 non
724 2541 834 2606 Patres
861 2539 968 2620 modo,
982 2537 1037 2604 sed
1051 2542 1147 2604 etium
1171 2540 1290 2606 tribuni
1310 2534 1407 2622 plebis,

363 2629 500 2712 cooptati
525 2627 653 2712 pariter,
670 2639 701 2692 et
738 2628 770 2690 ui
785 2638 1027 2710 cooptaverant3
1050 2637 1116 2690 tum
1134 2649 1174 2690 cx
1191 2626 1324 2708 collegio
1344 2635 1408 2698 tres,

201 2729 258 2774 Duo
269 2729 310 2776 Tr.
365 2712 403 2778 P.
421 2713 581 2777 Curiatius
590 2725 609 2790 ¹,
628 2711 677 2776 M.
735 2711 847 2786 atilius,
870 2727 902 2776 et
918 2711 966 2776 M.
985 2711 1158 2790 Minucius,
1181 2713 1296 2798 trepidi
1317 2726 1409 2773 rerum

201 2793 255 2839 ΜΗ·
266 2796 324 2870 4¹¹⁰}
363 2821 500 2875 suarum,
517 2800 548 2862 in
564 2799 709 2884 Sergium
725 2798 976 2885 Virgiaiamque,
988 2798 1104 2882 prioris
1119 2800 1196 2864 anui
1207 2799 1349 2864 tribunos
1359 2790 1409 2856 mi·

199 2870 328 2969 iffi?
363 2885 480 2960 litares,
491 2885 673 2948 incurrunt:
697 2885 728 2946 io
746 2907 798 2948 eos
813 2883 853 2948 ub
868 2906 901 2948 se
916 2885 995 2948 iram
1009 2883 1109 2970 plebis
1129 2885 1351 2968 invidiamque,
1365 2877 1410 2942 die

363 2972 457 3046 dicta,
487 2984 644 3036 avertunt.
691 2969 808 3045 Quibrcs
833 2972 972 3047 delectus,
998 2971 1104 3054 quibus
1132 2973 1289 3046 tributum,
1315 2966 1408 3054 quibus

362 3059 485 3120 diutina
507 3059 622 3120 militia
644 3059 910 3140 longinquitasque
924 3057 996 3120 belli
1009 3059 1051 3120 sit
1060 3061 1178 3140 grauis,
1194 3060 1250 3142 qui
1271 3058 1354 3121 clade
1366 3071 1408 3114 ac·

360 3153 448 3225 cepta
463 3146 506 3207 ad
524 3144 613 3207 Veios
627 3145 759 3219 doleant,
776 3145 830 3227 qui
843 3144 963 3206 amissis
982 3143 1096 3219 liberis,
1104 3144 1279 3227 fratribus,
1288 3139 1409 3225 propiu-

359 3231 437 3312 quis,
454 3229 614 3312 acipinibus,
635 3228 774 3314 lugubres
796 3231 896 3292 domos
920 3229 1069 3301 babeant·
1095 3231 1135 3293 iis
1153 3231 1271 3313 publici
1284 3224 1409 3312 priuati·

359 3337 416 3400 que
441 3317 556 3380 doloris
577 3318 759 3400 exsequendi
773 3314 829 3399 jus
849 3325 1087 3399 potestatemque
1115 3337 1153 3378 ee
1178 3317 1291 3380 duobus
1319 3309 1409 3376 noxiis

358 3401 509 3486 capitibus
532 3405 636 3466 datam
658 3402 697 3465 ab
718 3424 759 3478 se,
775 3415 960 3465 memorant.
1007 3403 1145 3464 Omnium
1168 3423 1299 3486 namque
1325 3397 1409 3462 mala·

358 3511 423 3552 rum
440 3491 474 3552 in
489 3491 597 3574 Sergio
615 3489 814 3574 Virginioque
835 3509 956 3552 caussas
978 3509 1058 3550 esse:
1089 3509 1142 3550 nec
1164 3491 1200 3552 id
1220 3495 1409 3552 damnatorem

358 3578 456 3660 magis
477 3598 615 3660 aspicere,
640 3597 730 3659 quum
740 3575 849 3660 satori
862 3595 948 3637 reos.-
971 3575 1034 3657 qui,
1056 3575 1145 3637 narii
1165 3576 1264 3650 ambo,
1286 3574 1362 3636 alter
1382 3567 1410 3628 in

358 3665 487 3726 alterum
509 3685 643 3726 caussam
666 3661 837 3745 coeperant,
846 3661 965 3744 ficgam
987 3660 1092 3744 Sergii
1113 3661 1283 3746 Virginius,
1298 3655 1412 3738 Sergius

351 3751 560 3831 proditionem
587 3751 751 3830 increpans
767 3748 914 3830 Virginii.
962 3744 1096 3820 Quarum
1115 3750 1192 3810 adeo
1214 3742 1410 3810 incredibilem

358 3837 522 3900 amentiam
531 3835 646 3920 finisse,
663 3843 696 3897 ut
717 3835 810 3896 multo
832 3833 1028 3896 uerisimilius
1042 3835 1094 3913 sit,
1109 3844 1264 3917 compacto
1278 3851 1342 3896 eam
1355 3844 1411 3890 rem

311 3943 328 3978 ι
374 3991 500 4052 ”nequiuit
512 3991 586 4038 Gran.
599 3991 668 4038 Creu.
734 3989 865 4038 muna.
930 3988 1041 4036 tdeuatvi
1054 3991 1121 4038 Eaed.
1187 3995 1200 4022 2
1213 3983 1396 4039 earartmssad

389 4121 422 4166 33
438 4121 511 4182 Legis
525 4123 653 4186 Tritonia]
671 4119 729 4168 Vid.
748 4122 764 4167 1.
782 4121 830 4168 111.
848 4135 869 4167 c.
901 4125 962 4166 sant·
994 4121 1090 4166 invidia
1099 4119 1353 4182 plcmmqucauminu
1362 4124 1410 4174 pus·

357 4182 396 4230 65.
429 4185 509 4232 Proba
525 4185 605 4246 Pighii
624 4187 770 4244 emendatio,
792 4199 868 4246 quum
902 4185 963 4241 aiva,
974 4191 1002 4230 ut
1010 4185 1143 4246 loquuntur
1154 4184 1325 4240 Grammatici,
1336 4191 1411 4228 cantu,

357 4249 476 4308 tegeretur
485 4251 544 4312 teg-ts
554 4251 689 4298 tribunitia.
902 4263 950 4294 non
962 4262 1006 4308 pro
1013 4251 1069 4296 odia
1081 4251 1146 4311 quod
1156 4251 1274 4312 gerimus,
1286 4248 1412 4306 acptum

388 4311 441 4358 st·
452 4313 529 4368 mam
545 4317 651 4387 prterunt
666 4314 767 4377 inuidia]
786 4315 870 4366 Quum
903 4314 1002 4373 quodin
1014 4317 1123 4376 nmquis
1134 4315 1213 4364 habet.
1270 4309 1275 4314 ’

356 4377 427 4422 invisi
447 4384 472 4424 at
491 4380 594 4427 infames
613 4381 677 4440 apud
700 4380 817 4439 populum
834 4391 872 4424 es·
