3008 4908
461 271 486 330 L
498 273 510 330 l
521 271 553 331 B.
576 273 627 330 lV.
653 271 714 332 CA
725 273 755 330 P.
776 269 874 331 XXX.
1122 271 1176 334 261

115 431 241 509 Cossus,
261 433 305 498 T.
323 433 493 511 Quinctius
518 436 644 500 Pennus
665 436 788 500 iterum.
834 431 982 524 Veientes
1008 437 1040 498 in
1066 459 1176 524 agrum
1189 456 1218 505 υ.
1229 457 1257 504 e.
1268 455 1324 506 ssa

117 519 303 585 Romanurn
328 522 526 586 excursiones
552 521 701 587 iecemnt.
747 521 845 586 Fama
870 521 938 598 luit,
964 522 1115 607 quosdam
1140 521 1323 600 orM-,⁴²⁵5

116 604 322 672 Fidenatium
348 608 514 693 juventute
543 608 710 694 participes
740 609 805 695 ejus
829 607 1042 692 populationis
1067 587 1345 706 tuissezssffflg

116 693 321 780 cognitioque
350 695 416 778 ejus
445 695 489 758 rei
521 695 560 759 L.
583 696 702 777 Sergio,
730 711 761 760 et
787 695 831 770 Q.
857 694 998 771 Servilio,
1022 707 1054 760 et
1077 695 1178 762 Mam.
1189 716 1222 763 11.
1235 715 1302 762 eoa.

116 777 250 842 AEmilio
266 781 429 865 permissa.
475 781 615 857 Quidam
633 781 756 848 Ostiam
779 781 921 866 relegati,
938 781 1180 868 quotl‚curper
1252 859 1254 864 ,

12 855 14 918 Ϊ
117 888 167 928 eos
192 865 295 930 diesa
317 867 441 930 Fidenis
466 869 624 945 aluissent,
649 888 760 953 parum
789 867 961 931 constabat.
992 867 1178 934 colonorum

15 2139 144 2224 lin

116 950 241 1016 additus
263 975 426 1029 numerus,
449 975 586 1042 agerque
608 955 644 1018 iis
665 953 747 1018 bello
770 953 1009 1018 interemtorum
1032 954 1179 1044 adsigna·

115 1049 171 1101 tus.
219 1039 371 1104 Siccitate
392 1061 429 1103 eo
451 1063 535 1104 anno
559 1040 731 1127 plurimum
755 1039 930 1104 laboratum
949 1053 1012 1104 est:
1036 1063 1094 1106 nec
1115 1063 1296 1113 cte-steens.

114 1123 205 1188 lestes
221 1126 319 1189 modo
334 1123 502 1190 defuerunt
516 1149 615 1214 aquae,
637 1127 690 1191 sed
712 1141 797 1191 terra
812 1149 947 1213 qnoque,
963 1128 1105 1213 ingenito
1119 1129 1179 1192 hu-

114 1231 200 1275 more
223 1233 329 1298 egens,
347 1213 400 1275 vix
415 1212 454 1276 ad
473 1235 623 1295 perennes
649 1212 779 1277 subiecit
802 1233 919 1277 amnes.
941 1212 1082 1277 defectus
1105 1214 1180 1279 alibi
1251 1251 1254 1262 =

114 1317 268 1384 aquarum
285 1300 371 1362 cirea
383 1298 521 1362 torridos
536 1298 638 1364 fontes
651 1299 796 1385 rivosque
807 1312 943 1387 stragem
959 1298 1011 1363 siti
1026 1321 1179 1384 pecorum

117 1385 321 1448 morientium
348 1384 452 1448 dedit:
480 1385 583 1450 scabie
609 1387 670 1450 alia
696 1385 858 1449 absumta:
884 1385 1082 1472 vulgatiquer
1102 1409 1179 1451 con-

114 1483 198 1534 tactu
216 1471 248 1534 in
266 1471 409 1535 homines
424 1473 537 1548 morbi,
549 1485 579 1536 et
595 1474 699 1556 primo
714 1472 746 1534 in
762 1487 899 1558 agrestes
914 1471 1099 1558 ingruerant
1114 1497 1179 1538 ser·

113 1556 262 1644 vitiaque.
286 1557 362 1620 urbs
377 1557 491 1622 deinde
506 1557 653 1642 inpletur.
698 1558 767 1638 Nec
782 1579 916 1642 corpora
933 1557 1034 1621 modo
1056 1559 1179 1625 adiecta

115 1644 197 1721 tabo,
214 1644 269 1707 sed
293 1643 416 1706 animos
439 1665 565 1730 quoque
585 1643 750 1726 multiplex
774 1643 896 1730 religio,
911 1657 942 1709 et
957 1645 1109 1731 pleraque
1123 1668 1344 1716 ennaremus.

114 1742 213 1808 terna,
230 1730 343 1793 invasit
351 1753 360 1806 3
382 1729 516 1794 ⁶⁰notros
539 1731 617 1794 ritus
637 1731 662 1770 ⁶¹
673 1730 888 1794 sacrificandi·
907 1732 1108 1796 vaticinando
1131 1735 1306 1796 jn.per=ttrto.

114 1813 285 1881 serentibus
301 1817 331 1878 in
348 1815 469 1893 domos,
486 1816 599 1903 quibus
622 1817 756 1904 quaestui
770 1830 843 1882 sunt
859 1818 941 1903 capti
958 1819 1180 1902 superstitione

115 1904 229 1966 animi:
259 1902 397 1966 ⁶²donec
421 1902 566 1986 publicus
585 1903 652 1989 ja'ru
676 1903 781 1990 pudor
806 1903 847 1968 ad
872 1906 1023 1986 primores
1047 1905 1180 1970 civitatis

113 1989 266 2073 pervenit,
288 2001 453 2052 cernentes
475 1991 506 2052 iu
530 1990 677 2054 omnibus
706 1989 781 2054 vicis
807 1989 988 2076 sacellisque
1012 1994 1181 2079 peregrina

115 2091 143 2138 at
167 2098 207 2139 ue
234 2075 360 2138 insolita
386 2076 510 2159 piacula
533 2077 621 2161 pacis
643 2077 752 2141 Dedin
779 2077 1003 2159 exposcendae.
1057 2078 1179 2143 Datum

146 2098 187 2226 de
208 2162 373 2246 negotium
398 2161 553 2239 aedilibus,
578 2179 613 2226 ut
636 2162 935 2238 animadverterent,
963 2165 1091 2249 nequi,
1120 2166 1178 2229 nisi

16 2275 17 2280 ¹
119 2247 255 2312 Romani
277 2248 345 2324 Dii,
363 2269 423 2311 neu
445 2271 509 2334 quo
530 2247 592 2312 alio
616 2271 714 2326 more,
731 2271 825 2334 quam
853 2249 966 2332 patrio,
990 2249 1179 2314 colerentur.

117 2333 175 2398 lrte
191 2335 342 2398 adsersus
358 2333 505 2398 Veientes
521 2335 551 2397 in
568 2335 784 2482 insequentem
807 2355 937 2411 annum,
955 2334 993 2398 C.
1011 2334 1178 2399 Servilium
1190 2363 1218 2409 υ,
1231 2364 1258 2411 c,
1269 2363 1325 2413 32⁸,

115 2503 208 2571 Tune
231 2528 369 2593 quoque,
386 2528 426 2570 ne
447 2507 608 2571 confestim
633 2505 748 2570 bellurn
773 2506 974 2583 indiceretur,
990 2527 1069 2570 neve
1089 2529 1179 2571 exer-

116 2420 260 2497 dhdnm,
286 2420 325 2484 L.
351 2419 512 2505 Papirium
539 2420 751 2508 Mugilanum
781 2419 935 2496 consules,
961 2419 1068 2484 dilatae
1094 2427 1324 2543 ⁵⁰¹¹t·ss“s⁰0'w⁴i²1ss

115 2593 191 2656 citus
218 2595 432 2671 mitterentur,
455 2593 565 2682 religio
590 2592 721 2658 obstitit.
747 2591 870 2656 ieciales
895 2593 980 2676 prius
1008 2556 1325 2668 nuttendosli'fc'iffim

115 2683 152 2742 ati
178 2701 228 2744 res
254 2679 441 2764 repetendas
464 2701 623 2743 censuere.
670 2679 752 2742 Cum
777 2677 959 2742 Veientibus
983 2699 1085 2764 nuper
1111 2681 1178 2745 acie

114 2765 298 2830 dimicatum
322 2765 362 2829 ad
386 2765 579 2830 Nomentum
611 2781 641 2829 et
667 2765 803 2830 Fidenas
827 2762 946 2828 fuerat:
979 2765 1178 2854 induciaeque

115 2851 195 2930 inde,
212 2873 279 2915 non
295 2872 358 2936 pax
374 2849 472 2915 iacta:
495 2873 629 2939 quarum
652 2865 683 2916 et
702 2851 771 2915 dies
795 2851 925 2929 exierat,
949 2867 980 2915 ct
1005 2853 1177 2917 antediem

9 2994 10 3003 ,
116 2938 352 3003 rebellaverant.
405 2937 495 3002 Missi
526 2950 631 3002 tamen
660 2936 799 3002 feciales:
837 2959 896 3002 nec
925 2959 1047 3017 eorum,
1078 2961 1177 3025 quum

115 3045 200 3090 more
214 3039 342 3110 patrum
354 3025 452 3110 jurati
465 3038 642 3109 repeterent
658 3045 716 3102 res,
734 3025 829 3088 verba
841 3037 914 3088 sunt
925 3023 1043 3089 audita.
1090 3027 1177 3092 Con·

114 3112 265 3175 troversia
286 3110 444 3186 indetur,
462 3125 566 3175 utrum
588 3110 697 3196 populi
718 3111 809 3196 jussu
832 3111 1023 3175 indiceretur
1045 3105 1329 3192 belluravsenan.

112 3218 149 3260 an
166 3198 240 3262 satis
263 3211 345 3261 esset
367 3199 682 3261 senatusconsultum.
729 3196 894 3261 Pervicere
906 3198 1036 3274 tribuni,
1053 3199 1325 3280 denuit-bfllumln·

112 3282 225 3349 eiando
247 3282 446 3368 inpedituros
469 3305 502 3348 se
523 3283 689 3360 delectum,
706 3295 742 3346 ut
762 3283 939 3348 ⁵³consules
963 3285 1003 3349 de
1028 3284 1112 3349 bello
1134 3268 1286 3351 adactum.

240 3425 252 3454 ‘
262 3421 563 3484 valesdqaaeGronAErer.
793 3421 961 3484 ’maenada
971 3423 1045 3472 Gran.

141 3534 175 3582 50
190 3533 275 3582 Navae
296 3533 358 3580 runs
384 3531 527 3596 aalma
546 3533 627 3579 notici-
660 3529 731 3594 eujus
747 3533 851 3580 dedecus
869 3528 923 3596 jam
942 3535 973 3581 ad
990 3536 1175 3597 rempublicam,

111 3597 185 3646 undo
196 3598 348 3661 inserentibus
360 3611 403 3657 ptr
413 3595 500 3662 doator]
519 3597 628 3646 Circum·
661 3609 709 3643 non
720 3597 827 3657 privtuos
837 3598 919 3651 modo,
931 3600 1074 3658 pertinebat,
1086 3603 1117 3648 ad
1128 3603 1178 3663 pri.

111 3665 225 3711 euntibus
243 3661 629 3720 domos,etineasinierentibua
661 3673 741 3708 mores
759 3661 864 3708 civitatis
879 3663 996 3720 pervenit.
1036 3665 1074 3712 Sic
1096 3665 1122 3712 ln
1149 3680 1177 3714 re

111 3739 152 3786 per
173 3727 382 3780 ratieirrationem,
402 3733 518 3786 tanquam
542 3725 629 3772 diviui-
662 3725 732 3784 plane
749 3725 832 3781 simili,
847 3725 929 3774 XXV.
942 3725 963 3772 1.
982 3728 1072 3775 Deinde
1085 3729 1116 3774 od
1127 3729 1176 3776 Pa·

111 3793 150 3837 ius
160 3799 245 3842 mute
262 3792 366 3848 monita,
386 3803 460 3854 novos
479 3789 629 3836 sacrificandi
661 3791 787 3836 trcretr'om
798 3790 860 3836 etad
872 3789 989 3852 publicum
1007 3793 1175 3852 quatrionem

11 3885 12 3914 q
110 3855 178 3904 ritus.
660 3854 806 3902 creceium.

142 3921 172 3969 sl
201 3919 368 3982 dammandi]
404 3919 462 3966 linc
491 3919 628 3966 emendatio
694 3909 726 3965 58
743 3915 863 3979 Consules]
890 3917 959 3964 MSS.
987 3925 1011 3964 et
1033 3925 1093 3968 vett.
1116 3923 1176 3970 editi

112 3985 197 4034 nititur
217 3984 362 4032 audofitate
385 3985 502 4030 lr‘nrorum
520 3983 628 4043 Sigoniu-
661 3995 750 4043 magno
766 3996 884 4029 consensu
901 3981 1001 4041 habent,
1012 3988 1072 4030 teste
1084 3986 1177 4033 Grono-

112 4061 208 4106 nonrm,
230 4051 338 4096 duorum
358 4047 429 4096 MSS.
447 4047 558 4105 Hearnii,
574 4060 630 4092 ηοε-
662 4047 711 4104 vio,
732 4045 765 4092 Ui
786 4044 896 4101 Qat'atr'ru
920 4047 1000 4092 masal
1089 4049 1175 4111 serrat.

112 4117 204 4162 hanna
230 4115 354 4169 omnium,
375 4113 479 4173 denique
494 4112 629 4158 editionum
663 4111 709 4157 Cui
730 4111 827 4157 lectioni
846 4117 961 4157 consonat
977 4110 1003 4159 ld
1024 4113 1089 4172 quod
1105 4113 1176 4162 initio

113 4175 410 4238 emmerentianae
442 4176 522 4237 Vulgo
541 4175 628 4238 saevist-
661 4173 744 4221 statim
764 4188 785 4222 c.
804 4188 854 4234 seq.
875 4174 972 4234 legitur,
987 4175 1117 4229 Quintium
1134 4181 1176 4226 tri.

113 4242 187 4289 mado.
661 4240 754 4286 bunum
766 4238 872 4284 militum
884 4253 914 4284 ex
925 4241 1051 4288 consulatu
1067 4251 1176 4290 creatum

143 4305 173 4354 32
189 4306 391 4368 antepartum
403 4308 456 4369 jum
472 4301 561 4370 pudor]
578 4305 627 4352 Do-
660 4317 720 4350 esse.
752 4303 852 4350 atvero
864 4316 937 4364 supra
951 4307 1062 4352 consules
1073 4307 1098 4352 in
1110 4307 1176 4354 hunc

113 4369 627 4496 adamassem-..r
659 4367 1084 4495 sitra.²⁶¹ttut.aiitr
1091 4370 1174 4494 at·

618 4464 626 4490 ,
1163 4459 1173 4473 .
