3008 4908
343 122 401 182 272
658 153 660 160 ,
759 111 870 176 TlTI
899 111 1042 174 LIVII-

187 299 256 347 ttc.
266 296 322 348 ssu
346 279 403 344 bro
414 281 598 344 cmuuiorem
609 277 707 342 ciram
717 279 881 342 delicatiore.
897 275 1045 342 modoad
1057 276 1211 364 collegas,¹
1225 276 1392 352 Vosoatem,

186 364 217 412 Β
229 364 257 412 ⁰·
267 362 322 412 ⁴¹⁹·
347 367 409 431 ⁸tst
418 387 501 429 retem
511 387 639 450 perago,
656 366 732 450 quid
741 367 843 428 octo'ri
853 367 951 429 estis?
973 385 1016 426 on
1031 361 1226 446 erepturijus
1234 363 1354 445 popttlo,
1366 371 1392 425 ct

346 453 480 518 masura·
493 451 686 515 tribuniciam
697 455 905 534 potestatem?
929 448 1040 526 Quum
1056 450 1112 526 illi,
1129 452 1210 514 etde
1226 449 1394 531 Sempronio

347 546 378 602 et
390 541 429 603 de
441 538 577 600 omnibus
597 559 737 602 mmmcm
753 537 866 620 populi
878 537 1016 600 Ευηιαηί
1031 545 1211 620 potestatem
1233 556 1301 616 esse,
1316 533 1393 596 dice·

347 635 426 701 rent,
443 645 497 686 nec
506 645 538 688 se
549 623 703 708 judicium
714 625 825 707 pupuli
839 625 943 686 tollere
953 634 1008 688 cat
1019 625 1102 698 uelle,
1119 631 1174 685 out
1182 643 1283 704 posse·
1298 621 1357 695 scd,
1372 619 1395 681 si

341 731 450 793 preces
460 729 523 774 sttae
530 731 593 792 pro
603 712 795 794 imperatore,
810 712 865 793 qui
874 709 935 772 sibi
943 711 1088 791 pareatis
1097 719 1173 773 esset
1186 711 1261 782 loco,
1276 727 1333 769 noa
1347 725 1396 768 uo·

183 815 299 864 Donatus
347 797 484 875 luissent,
498 807 649 862 semstem
671 814 735 859 mm
757 817 791 860 eo
809 804 994 859 mutaturos:
1018 809 1085 859 tum
1103 793 1306 868 Hortensius,
1328 791 1395 854 Noa

176 880 304 958 ’ΜΨ
348 883 472 958 videbit,
493 881 606 969 inquit,
626 883 712 965 plebs
732 883 875 946 Romano
896 884 1070 946 sordidatos
1090 882 1228 945 ttibmtos
1247 900 1321 943 suos.
1363 877 1395 940 C.

185 943 321 1034 uempsmr.
348 970 555 1052 Smprmctum
570 970 652 1032 nihil
661 991 770 1044 moror,
787 969 909 1052 quoodo
920 968 975 1030 icc
986 979 1029 1032 est
1041 971 1074 1032 in
1087 969 1217 1050 imperio
1227 975 1394 1036 consectus,

348 1065 453 1120 attam
464 1065 638 1120 coruscaret
652 1055 809 1120 militibus.
854 1051 924 1117 Nec
934 1053 1034 1138 pietas
1046 1067 1182 1140 quatuor
1194 1051 1395 1123 tribunorum,

347 1163 442 1229 quum
459 1140 626 1206 Hortensii
651 1154 716 1204 tem
739 1138 893 1226 placabile
916 1139 956 1203 od
976 1140 1080 1225 justas
1101 1159 1210 1225 preces
1232 1137 1393 1226 ingenium,

347 1228 466 1313 pariter
479 1227 564 1312 plebi
584 1227 793 1312 Patribusque
807 1225 927 1328 gratior
940 1223 1010 1291 tuit.
1055 1226 1129 1290 Non
1145 1225 1265 1291 diutius
1281 1223 1396 1287 fortuna

348 1313 466 1401 AEquis
489 1313 628 1390 indulsit,
655 1315 710 1400 qui
735 1315 917 1400 ambiguam
943 1311 1105 1378 victoriam
1131 1311 1319 1377 Volscorum
1344 1329 1396 1392 pro

349 1423 407 1466 sua
420 1400 557 1483 amplexi
573 1400 706 1466 inerant.

188 1499 217 1548 tt.
229 1499 257 1548 c·
268 1495 324 1544 stt
392 1485 522 1551 XLIII.
547 1487 700 1550 Proximo
714 1507 800 1549 anno
822 1485 865 1550 N.
882 1486 982 1552 Fabio
993 1485 1166 1567 Vibulano,
1184 1486 1225 1551 T.
1243 1481 1394 1560 Quinctio,

186 1559 325 1674 ΜΨ·
351 1573 524 1657 Capitolini
546 1572 629 1650 lilio,
656 1571 839 1656 Capitolino
867 1574 1058 1650 oonsulibus,
1087 1572 1187 1636 ductu
1225 1570 1324 1645 Fabii,
1352 1567 1395 1629 cul

187 1629 276 1749 {iffi
298 1643 324 1676 ‘²'
350 1671 434 1722 sorte
448 1682 485 1724 ea
500 1659 663 1741 provincio
678 1673 833 1734 evenerat,
852 1659 930 1724 nibil
946 1660 1078 1748 dignum
1099 1671 1276 1723 memoratu
1292 1667 1394 1719 actum.

188 1757 303 1813 Quinctio
350 1767 448 1832 quum
464 1745 621 1830 trepidam
644 1760 765 1810 tantum
786 1747 994 1812 ostendissent
1015 1746 1114 1810 aciem
1130 1744 1244 1832 AEqui,
1261 1740 1340 1826 turpi
1355 1739 1395 1802 iu·

189 1823 255 1872 ⁰⁰⁵²
349 1829 591 1918 gesunduntur.
616 1830 700 1895 baud
724 1832 991 1918 magnoconsuiis
1017 1832 1141 1896 decore.
1166 1833 1273 1918 itaque
1296 1829 1395 1892 trium·

348 1917 431 2002 phus
454 1931 596 2004 negatur.
642 1917 792 1982 Ceterum
817 1917 860 1982 ob
887 1919 1126 2003 Sempronianae
1150 1918 1249 1982 cladis
1277 1915 1395 1978 levatam

349 2005 359 2068 i
385 2003 567 2081 nominiam,
607 2017 642 2068 ut
677 2025 773 2068 ovans
808 2005 919 2069 urbem
956 2006 1097 2079 intraret,
1133 2023 1314 2068 concessum
1347 2009 1395 2060 est

350 2027 629 2166 duemsdmodum
655 2089 771 2155 bellum
795 2091 928 2168 minore,
954 2113 1048 2178 quam
1076 2090 1258 2166 timuerant,
1278 2086 1395 2151 dimica-

350 2177 436 2240 tione
452 2190 520 2240 erat
539 2175 723 2261 perfectum,
739 2177 783 2240 sic
807 2177 840 2240 in
862 2178 942 2242 urbe
963 2199 1004 2242 ex
1028 2177 1200 2262 tranquillo
1222 2174 1396 2256 necopinata

353 2261 452 2328 moles
480 2262 709 2327 discordiarum
740 2265 822 2328 inter
850 2264 973 2348 plebem
1003 2285 1040 2328 ac
1071 2263 1182 2328 Patres
1214 2271 1321 2326 exorta
1347 2267 1395 2328 ests

190 2361 335 2423 nuptiator
354 2365 459 2434 coeptu
473 2349 514 2414 ab
528 2349 721 2433 duplicando
745 2362 937 2436 questurum
962 2371 1104 2415 numero.
1128 2371 1222 2434 quam
1247 2367 1320 2421 rem,
1346 2345 1394 2422 (ut,

189 2434 339 2488 ‘Imm
355 2450 473 2521 praeter
487 2436 567 2502 duos
582 2436 720 2500 urbanos
742 2449 924 2522 quaestores,
940 2436 1007 2501 duo
1031 2435 1214 2504 consulibus
1237 2433 1274 2498 ad
1302 2427 1396 2494 minis·

191 2505 314 2554 ”mm
357 2523 435 2588 teria
459 2523 531 2587 belli
556 2537 673 2608 praesto
698 2524 814 2604 essent)
837 2547 857 2587 a
875 2523 1056 2590 consulibus
1082 2523 1226 2598 relatam,
1253 2537 1344 2605 quum
1371 2523 1398 2572 et

194 2683 201 2696 ,
357 2609 467 2674 Patres
481 2631 604 2672 summa
623 2631 684 2692 ope
708 2609 944 2693 adprobassent,
967 2608 1149 2674 consulibus
1171 2606 1290 2672 tribuni
1308 2597 1397 2688 plebls

235 2743 240 2750 ·
354 2711 512 2760 certamen
527 2695 714 2771 intulerunt,
730 2709 849 2780 ntpars
863 2709 1055 2782 quoestorum
1073 2700 1160 2779 (nam
1184 2692 1271 2759 adid
1288 2703 1397 2770 tempus

353 2779 589 2866 patricii‘creati
603 2785 705 2859 erant)
723 2803 762 2844 cx
777 2781 868 2865 plebe
887 2781 985 2847 fieret.
1030 2781 1192 2846 Adversus
1207 2799 1298 2866 quum
1313 2770 1397 2839 aetio-

301 2945 304 2952 Ι
353 2888 427 2932 uem
449 2866 553 2953 primo
574 2879 606 2930 et
628 2866 771 2932 consules
793 2881 824 2932 ct
851 2867 961 2932 Patres
977 2890 1099 2932 summa
1113 2890 1175 2952 ope
1197 2865 1295 2932 adnisi
1315 2867 1395 2923 sunt:

354 2951 560 3018 concedendo
576 2950 701 3029 deinde,
719 2966 763 3026 ut,
779 2955 1046 3039 quemadmodum
1070 2955 1125 3020 in,
1146 2949 1312 3018 ⁸⁹tribunis
1332 2961 1397 3006 con-

299 3109 302 3116 ,
355 3037 451 3104 suluri
471 3049 627 3123 potestate
649 3039 792 3104 creandis
815 3040 861 3104 usi
887 3055 971 3120 sunt,
987 3040 1119 3126 adaque
1144 3041 1177 3104 in
1204 3028 1396 3125 quaestoribus

354 3123 491 3188 liberum
518 3138 597 3188 esset
622 3124 786 3190 arbitrium
810 3126 930 3211 populi,
952 3149 1049 3214 quum
1073 3147 1186 3210 parum
1211 3122 1395 3210 proficerent,

354 3221 452 3280 totam
476 3231 541 3274 rem
557 3210 598 3275 de
611 3212 759 3300 augendo
774 3228 966 3312 quaestorum
987 3234 1119 3277 numero
1138 3213 1297 3276 omittunt.
1340 3199 1396 3264 Ex·

355 3296 478 3382 cipiunt
503 3298 647 3362 omissam
673 3299 803 3376 tribunt,
828 3300 961 3387 aliaeque
984 3299 1128 3372 subinde,
1155 3299 1240 3364 inter
1266 3311 1338 3380 quas
1370 3295 1396 3344 et

355 3383 489 3472 agraria
519 3383 607 3472 legis,
637 3384 792 3450 seditiosae
819 3387 957 3452 actiones
982 3387 1155 3450 exsistunt:
1178 3395 1306 3470 propter
1321 3387 1397 3522 ‘3⁰⁰³

356 3479 460 3536 motus
480 3493 578 3556 quum
594 3475 718 3536 senatus
732 3467 884 3550 consules,
897 3495 991 3558 quum
1008 3464 1161 3551 tribunos,
1177 3468 1274 3536 creari
1291 3485 1318 3527 m
1350 3457 1395 3528 leb

355 3579 458 3644 neque
481 3568 586 3642 posset
608 3579 667 3642 per
689 3559 927 3624 intercessiones
949 3558 1133 3624 tribunicias
1162 3537 1397 3641 senatusconsul-

356 3655 425 3708 tum
441 3643 527 3721 fieri3
551 3643 727 3728 respublica
742 3669 761 3708 a
776 3645 957 3710 consulibus
972 3645 1012 3710 ad
1027 3645 1254 3728 interregnum,
1266 3652 1359 3720 neque
1369 3621 1397 3687 ¹d

356 3731 458 3816 ipsum
481 3735 568 3814 (uam
584 3731 668 3796 coire
682 3731 834 3817 patricios
854 3731 973 3797 tribuni
991 3729 1216 3817 prohibebant)
1231 3727 1295 3792 sine
1309 3724 1396 3783 terit·

744 3855 758 3894 t
774 3851 799 3896 lo
810 3851 858 3899 del.
869 3851 943 3899 Grbn.
956 3852 1025 3900 cmv.

390 3947 422 3995 tt
438 3945 468 4008 δι
478 3961 543 3995 ream
556 3950 658 4013 perago]
676 3949 743 3998 stad
754 3949 870 3996 ultimum
903 3953 992 3998 timum
1003 3955 1129 4011 morteto.

357 4017 438 4072 persto
459 4012 485 4057 in
506 4015 641 4060 accusando
663 4013 822 4074 Semproni03
851 4015 872 4061 si
935 4015 967 4062 89
987 3987 1395 4063 Tribuntocrcottdltunfliiw'il

357 4088 428 4122 reum
445 4084 624 4134 mutuantes
639 4079 762 4138 tuaquom
774 4092 818 4126 nec
829 4080 871 4126 ab·
906 4079 951 4126 Ha
968 4087 1097 4140 posueram
1115 4091 1186 4126 voces
1203 4079 1238 4125 ori
1256 4069 1348 4138 Misi}
1361 4067 1395 4100 ω’

359 4139 418 4216 sisto
439 4141 649 4204 ubluceusattone.
689 4141 811 4190 Particrda
827 4157 872 4204 pcc
904 4157 1057 4204 pervacanere
1077 4150 1143 4200 sunt,
1165 4156 1210 4191 nec
1230 4146 1308 4200 mpero
1326 4123 1398 4174 ΜΨ

358 4217 386 4253 ιιι
400 4205 573 4264 compositione
588 4207 680 4254 tndtoat
696 4209 872 4259 ιιιιοιιιιιοιιιιιι
905 4209 1084 4256 ιιιι.1.ίιίιιιιιιι
1095 4208 1247 4270 elegantium·

358 4269 491 4328 quomdam
502 4269 722 4332 pomationemque
735 4272 769 4318 rci
785 4273 816 4320 ud
833 4273 871 4320 ul·
913 4300 916 4306 ·
1255 4295 1260 4306 ·
1277 4293 1282 4302 ·
1300 4284 1320 4294 ·’
