3032 4924
474 166 568 230 arn
587 167 660 228 vn.
687 151 790 230 one.
810 169 874 230 1v.-
1136 177 1194 238 sss

137 325 213 401 ⁸'ex
230 355 293 422 qua
306 341 417 420 parte⁸
432 333 591 398 Minervae
603 323 756 420 ternplum
767 346 823 400 est.
868 329 953 399 llum
967 333 1102 414 clavum,
1118 339 1270 426 quisue,
1279 359 1344 415 aaa.

136 441 221 486 sarae
240 441 298 508 per
319 441 356 484 ea
378 432 521 505 tempora
535 418 634 486 literae
650 431 748 497 erant,
771 434 878 484 nutam
894 417 1021 488 nmneri'
1033 439 1189 490 annorum
1200 423 1232 476 A'.
1244 423 1335 478 0³⁶⁰·

137 505 228 571 luisse
254 507 378 570 ferunt:
408 527 509 592 eoque
539 505 695 570 Minervae
724 505 844 595 templo
864 505 1041 574 ”dicatam
1079 509 1190 598 legem,
1201 493 1290 539 ⁰¹¹'¹¹'
1301 507 1344 570 3¹¹·

137 593 210 741 quia
238 611 389 656 numerus
418 591 575 656 Minervas
607 593 769 657 inventum
799 591 847 657 sit.
892 589 1042 658 Volsiniis
1067 570 1288 698 quoqueili'i.um
1299 571 1336 604 ω’

135 700 247 754 caros,
269 677 391 742 indicas
414 677 537 742 numeri
562 699 728 757 annorum,
750 678 831 742 llxos
855 681 888 742 in
913 681 1032 768 templo
1057 682 1191 764 Nortiae,

135 763 279 829 Emuscoe
304 764 395 842 D'eae,
416 785 609 848 comparere,
633 763 767 852 diligens
789 763 899 830 tullum
923 767 1191 834 monimentorum

133 863 242 916 auctor
255 848 423 916 ”Cincius
444 849 602 915 adfirmat.
646 849 696 914 M.
720 849 876 916 Horatius
897 851 1191 944 consu1¹⁸¹exlege

132 936 284 1024 tempium
311 935 398 1000 Jovis
422 937 534 1084 optimi
558 935 691 1000 maximi
722 935 877 1004 dedicavit
902 959 988 1002 anno
1006 952 1082 1024 post·
1100 957 1190 1030 reges

132 1033 277 1088 exactos:
301 1043 321 1086 a
343 1042 439 1086 consu
454 1022 522 1086 ibus
537 1033 646 1106 postea
665 1021 705 1087 ad
725 1021 904 1100 dictatores,
920 1025 997 1110 quia
1009 1027 1109 1112 majus
1128 1029 1193 1091 im·

130 1109 253 1193 perium
268 1119 346 1184 erat,
363 1108 514 1172 sollemne
536 1107 617 1172 clavi
641 1108 757 1194 ligendi
780 1109 967 1174 translatum
984 1123 1038 1175 eet.
1084 1111 1188 1177 luter·-

130 1195 226 1259 misso
248 1194 365 1258 deinde
387 1215 484 1272 more,
507 1193 606 1281 digna
628 1195 722 1259 etiam
748 1215 805 1280 per
828 1217 860 1258 se
883 1194 1078 1346 visareslqp

130 1301 222 1368 quam
239 1279 377 1344 dictator
391 1293 560 1344 crearetur.
582 1302 644 1366 qua
659 1281 699 1346 de
713 1301 821 1344 caussa
835 1295 959 1345 creatus
975 1279 1014 1346 l..
1074 1211 1188 1364 ppptht:
1196 1306 1350 1358 nnuma·

129 1365 259 1452 perinde
281 1387 318 1430 ac
337 1365 519 1450 reipublicae
597 1366 698 1442 endae,
720 1387 757 1430 ac
771 1387 837 1430 non
851 1365 1009 1433 solvendae
1023 1367 1285 1458 religione,¹⁸ctum
1296 1374 1341 1421 ¹¹¹·

126 1453 226 1540 gratis
249 1463 374 1517 creatus
399 1464 487 1530 esset,
514 1452 630 1516 belum
660 1451 836 1517 Hernicum
863 1449 1032 1532 adunans,
1061 1435 1352 1557 delecruffiffig„

128 1539 241 1603 acerbo
264 1540 463 1624 juventutem
490 1535 638 1626 agitavit3
660 1537 859 1624 tandemque,
885 1538 1030 1603 omnibus
1054 1541 1088 1606 in
1114 1561 1186 1605 eum

127 1623 265 1776 uihunpp
284 1623 382 1706 plebis
396 1625 523 1706 coortis,
539 1647 593 1688 seu
607 1625 649 1702 vi,
666 1647 720 1690 seu
742 1623 931 1688 verecundia
954 1625 1065 1704 victus,
1086 1623 1187 1692 dicta·

129 1723 230 1776 nsraa
257 1711 300 1774 'it
1121 1713 1124 1720 '

167 1791 227 1862 IV.
253 1797 366 1883 Neque
381 1817 419 1860 eo
435 1795 538 1858 minus
552 1795 709 1881 principio
724 1795 915 1884 insequentis
936 1798 1021 1875 anni,
1047 1797 1091 1874 Q.
1113 1798 1187 1864 Ser·
1196 1810 1225 1858 11.
1238 1813 1265 1860 c.
1275 1810 1332 1862 aaa

127 1882 202 1947 vilio
212 1881 331 1959 Ahala,
356 1881 395 1946 L.
416 1881 755 1947 Genucioconsnlibus
763 1893 785 1963 ⁸,
805 1881 873 1946 dies
893 1881 1018 1948 Manlio
1037 1883 1154 1949 dicitur
1167 1875 1225 1949 aA
1237 1875 1332 1988 Q·

128 1967 175 2035 li.
194 1968 377 2053 Pomponio
397 1966 527 2031 tribuno
549 1966 660 2053 piebis.
702 1967 731 2008 Β
742 1968 907 2034 Acerbitas
922 1971 954 2032 in
969 1969 1104 2050 delectu,
1121 1940 1230 2051 nonis
1243 2005 1272 2052 1.
1283 1942 1339 2054 οἵ

126 2053 243 2120 damno
257 2053 355 2119 modo
375 2053 502 2130 cisium,
518 2054 572 2119 sed
594 2054 688 2118 etiam
710 2052 899 2119 laceratione
920 2075 1089 2139 corporum
1111 2056 1185 2134 lata,
1197 2071 1268 2117 nuceo
1279 2069 1315 2119 11.

127 2143 237 2226 partim
273 2139 369 2226 virgis
400 2139 497 2215 caesis,
525 2141 579 2224 qui
605 2137 645 2203 ad
676 2141 804 2203 nomina
840 2161 904 2202 non
942 2133 1291 2245 retp⁰¹¹dl⁵⁵⁰¹¹lffi

125 2229 238 2312 partim
255 2228 290 2289 in
304 2224 429 2292 vincula
443 2224 556 2301 ductis,
569 2225 667 2288 inrisa
679 2238 764 2289 erat:
781 2238 812 2288 et
826 2238 900 2290 ante
919 2247 1027 2289 omma
1051 2227 1186 2292 invisum
1196 2261 1268 2309 dm,

127 2313 226 2396 ipsam
271 2312 434 2400 ingenium
472 2325 573 2388 atrox,
611 2332 851 2398 cognomenque
889 2311 1054 2395 imperiosi
1090 2335 1187 2400 grave

126 2398 231 2465 liberae
265 2397 395 2474 civitati,
426 2397 467 2460 ab
497 2397 707 2462 ostentatione
735 2396 863 2460 saevitioe
893 2396 1067 2472 adscitum3
1090 2419 1187 2484 quam

126 2505 187 2549 uon
210 2485 313 2572 magis
339 2485 370 2547 iu
398 2482 517 2560 alienis,
533 2503 626 2568 quam
653 2483 685 2546 i'n
701 2481 864 2568 proximis,
881 2503 917 2546 ac
940 2484 1094 2570 sanguine
1119 2483 1188 2568 ipse

127 2593 184 2635 suo
202 2581 375 2647 exerceret,
401 2569 588 2653 criminique
611 2567 640 2633 ei
665 2568 811 2633 tribunus
835 2569 916 2632 inter
944 2581 1047 2632 cetera
1077 2567 1185 2650 dabat,

126 2655 472 2744 qrtodfittumyavenm,
488 2656 602 2718 nullius
609 2655 721 2738 probri
735 2665 923 2740 conpertum,
940 2664 1086 2719 extorrem
1101 2657 1183 2733 urbe,
1193 2671 1318 2721 ambitu

126 2747 216 2823 domo,
227 2741 497 2829 penatibus,soro,
513 2742 588 2820 lucc,
599 2761 757 2826 congressu
767 2743 928 2826 aeqtmlium
938 2739 1139 2824 prohibitam,
1151 2745 1184 2806 in
1192 2733 1247 2848 liu.
1259 2737 1285 2782 ⁵¹¹
1297 2737 1324 2784 ⁶·

126 2851 196 2914 apua
209 2831 330 2906 seruile,
341 2849 442 2914 prope
456 2828 489 2890 in
512 2849 660 2890 carcerem
676 2835 768 2912 atque
782 2829 815 2890 in
835 2829 1028 2912 ergastulum,
1045 2829 1184 2893 diderit.-
1211 2813 1261 2849 ¹¹¹²

1298 2198 1349 2246 dies

155 3001 544 3065 ‘anputaqwtzroncrsn
578 2998 758 3048 sennense.
791 2997 1150 3049 ‘mammillam

127 3168 202 3225 ueris,
225 3169 329 3216 altman
347 3167 473 3214 Minervae.
506 3167 572 3212 ilinc
590 3167 638 3219 lex,
670 3165 937 3223 meurorsturaLivio,
951 3163 1052 3211 xxvt.
1069 3161 1187 3212 anano

126 3229 543 3290 cunhoclooodiciturflxaiuisse
554 3231 639 3276 dextro
669 3226 780 3291 ejusdem
804 3231 861 3276 belli
886 3242 958 3278 nono.
990 3229 1076 3274 Graes
1102 3231 1187 3290 lingua

125 3295 190 3341 lateri
202 3299 262 3344 redis
272 3295 342 3342 iovis
356 3295 443 3357 optimi
453 3295 564 3351 maximi,
574 3293 639 3342 inira
670 3295 792 3354 scripsisse
808 3307 866 3340 eum
881 3292 1008 3339 historiam
1023 3305 1038 3338 s
1053 3291 1185 3352 prlmmdio

125 3357 210 3408 ffitnr
221 3361 344 3407 Minervae
353 3359 445 3419 templo
454 3359 542 3405 dicata.
668 3359 736 3404 urbis
746 3357 815 3404 docet
828 3357 930 3417 Dionys.
939 3357 956 3401 1.
969 3355 988 3401 1.

155 3423 187 3473 28
201 3425 241 3472 Eo
257 3439 288 3472 ce
301 3429 371 3483 paru
380 3421 437 3485 qua]
455 3421 542 3482 Scriptt
552 3433 637 3468 omnes
700 3421 731 3468 ³1
748 3419 791 3466 Ba
807 3421 856 3482 legs
873 3418 993 3481 wem]
1020 3418 1125 3465 Videtur
1144 3417 1184 3465 hic
1242 3451 1245 3456 -

125 3491 206 3544 aaut.
217 3496 283 3536 utet
298 3487 390 3550 aliquot
409 3501 424 3533 s
440 3485 561 3534 Gmnovio
578 3485 638 3532 eila·
669 3487 861 3546 legendumesse
872 3483 964 3543 mpla,
976 3491 1004 3530 ut
1020 3489 1084 3530 recte
1101 3483 1185 3530 admo·

124 3551 180 3610 fati,
206 3567 235 3599 ea
262 3566 307 3613 qua
329 3555 413 3612 porte:
442 3551 506 3596 unde
532 3549 638 3612 proclive
670 3556 712 3596 net
735 3549 880 3596 Gronovius.
913 3547 1002 3594 &usus
1028 3547 1103 3606 igitur
1122 3549 1182 3594 erits

124 3619 159 3660 ast
168 3617 263 3664 efficere
273 3629 303 3663 ea
313 3629 356 3677 qua
363 3619 438 3674 parte.
671 3613 707 3658 Μ.
721 3613 845 3664 Horatius.
854 3612 944 3671 exlege
955 3623 1010 3671 quse
1025 3623 1097 3670 supra
1111 3611 1184 3658 allata

154 3677 341 3742 wilhalm]
358 3677 639 3740 animatamque
670 3683 717 3734 est,
739 3676 868 3732 dedicant,
891 3675 942 3722 sise
964 3687 1021 3721 curn
1046 3673 1184 3721 solennibus

125 3751 295 3794 maetam.
669 3741 814 3788 canmouiis
826 3740 888 3798 ixit,
902 3739 998 3786 clavum
1009 3738 1100 3797 templo
1115 3737 1191 3784 ,111111Δ

154 3807 187 3854 80
204 3808 315 3871 Cincius]
331 3807 360 3856 la.
374 3807 471 3854 Cincius
489 3809 637 3860 Alimentus,
669 3805 757 3864 optimi
770 3805 881 3859 maximi,
893 3815 921 3848 es
931 3816 962 3848 ex
976 3808 1043 3861 parte
1059 3801 1184 3854 nimirum,

123 3870 230 3919 sicenlrn
240 3873 333 3932 integre
341 3885 480 3931 expressum
490 3885 577 3919 nomen
585 3867 639 3934 ejus
671 3879 697 3916 ur
716 3881 788 3928 supra
806 3868 904 3928 legitur,
918 3879 965 3926 qua
986 3865 1104 3912 Minerva
1124 3871 1187 3912 tenu

124 3941 158 3980 α
175 3949 190 3982 ι
206 3937 286 3990 Livio,
304 3936 379 3983 XXl.
398 3935 437 3982 88.
453 3937 552 3996 mquam
570 3935 638 3980 Fabii
671 3934 738 3993 plum
750 3939 794 3978 est.

125 3997 307 4060 metabolis
324 4000 415 4046 Punico
432 4003 538 4047 mundo
553 4005 638 4058 captus
702 3996 734 4044 32
760 3995 879 4043 Mittas
912 3996 937 4039 in
967 3991 1063 4056 delectu]
1097 3990 1185 4040 Manlii

122 4064 289 4119 summme,
300 4071 361 4112 teste
370 4063 546 4110 bivioibldem.
565 4063 648 4108 Hunen
670 4061 786 4108 acerbitas
804 4061 829 4105 in
849 4059 951 4108 delectu.
967 4071 1040 4118 quam
1062 4063 1186 4104 senserm

124 4130 265 4189 scriptorem
276 4129 430 4176 historiarum
443 4130 511 4174 valde
529 4127 638 4186 probabi·
650 4167 658 4175 ,
670 4127 734 4171 cives
746 4137 793 4169 non
807 4123 905 4169 mulctis
918 4123 990 4168 mendo
1006 4121 1115 4180 irrogatis
1130 4123 1184 4175 sibi,

126 4189 178 4239 liter
193 4191 289 4254 juata
303 4191 416 4250 Vossius,
432 4191 481 4238 11.
498 4193 528 4238 de
546 4191 637 4237 Histoe.
668 4201 726 4249 quse
743 4187 843 4248 proinde
858 4189 985 4239 damnum,
998 4185 1048 4232 rive
1061 4182 1185 4246 jacturam

127 4253 178 4304 ht.
188 4271 211 4305 e.
222 4258 245 4303 4
255 4269 305 4303 nos
321 4257 443 4304 diversum
452 4269 507 4302 esse
515 4257 547 4302 ab
555 4255 598 4300 llio
609 4254 637 4300 1.
670 4255 704 4300 rei
716 4253 843 4298 familiaris
862 4253 1029 4312 importarent,
1047 4251 1088 4297 sed
1108 4259 1132 4296 et
1150 4250 1185 4296 ls-

126 4317 208 4368 cincio
217 4321 342 4367 Alimenta
351 4323 393 4382 qul
400 4327 530 4382 praeturam
538 4319 639 4378 gessisse
670 4317 935 4376 cemuouecorporum.

726 4378 820 4442 ΒΜ
