3032 4924
336 213 393 268 868
728 197 839 266 TlTl
869 199 1004 267 L1v11

177 385 245 434 uc.
258 385 313 434 ssa.
338 371 442 450 vebat,
465 368 601 434 excitata
621 365 791 454 praeseutia
814 370 916 448 ducis,
932 370 987 435 sed
1012 368 1099 456 quod
1114 367 1301 434 Volscorum
1324 361 1393 430 aui·

177 449 313 501 stiffi·
340 459 399 522 mis
421 455 499 519 nihil
519 455 691 520 terribilius
713 471 792 536 erat,
811 478 906 543 qoam
929 458 1027 541 ipsius
1051 453 1176 520 Camilli
1191 453 1273 519 forte
1286 452 1394 519 oblata

340 543 466 628 species.
527 541 588 620 lta,
613 563 812 630 quocumque
841 566 875 608 se
902 543 1067 620 intulisset,
1097 541 1258 606 victoriam
1285 560 1394 604 secum

339 629 426 694 haud
449 627 577 692 dubiam
602 629 755 692 trahebat.
780 631 920 693 inaxime
942 629 975 692 id
993 631 1120 693 evidens
1144 627 1213 704 fuit,
1236 645 1345 714 quum,
1360 625 1395 688 iu

340 715 456 779 laevum
472 735 582 786 corno,
594 737 695 800 prope
704 716 770 799 jam
784 717 919 800 pulsum,
936 717 1068 801 adrepto
1083 729 1211 800 repente
1224 735 1306 800 equo
1321 733 1396 777 cum

341 815 431 866 scuto
451 801 598 885 pedestri,
619 801 776 878 obtectus,
800 817 968 886 conspectu
991 825 1049 866 suo
1097 799 1220 864 rtelium
1247 797 1396 873 restituit,

341 900 501 952 ostentans
525 888 702 951 vincentem
735 901 871 951 ceteram
900 893 1011 953 aciem.
1058 823 1134 951 siim
1165 884 1316 949 inclinata
1348 905 1400 948 res

342 974 486 1054 erat,sed
506 975 600 1037 turba
621 975 758 1037 bostium
779 989 811 1038 et
829 974 905 1060 luga
923 974 1154 1057 inpediebatur,
1173 987 1206 1036 et
1224 971 1321 1060 longa
1337 991 1400 1034 cte·

342 1061 383 1125 de
397 1059 594 1126 conficienda
612 1059 783 1124 multitudo
802 1073 890 1124 tanta
911 1060 993 1124 fesso
1013 1059 1106 1124 militi
1120 1073 1205 1122 erat:
1228 1079 1327 1144 quum
1349 1079 1401 1121 re·

342 1163 438 1233 pente
460 1146 639 1233 ingentibus
661 1146 807 1232 procellis
826 1145 914 1211 fusus
936 1146 1037 1210 imber
1051 1159 1169 1210 certam
1184 1145 1284 1230 magis
1298 1144 1401 1207 victo-

343 1235 434 1308 riam,
451 1253 545 1320 quam
559 1232 720 1317 proelium,
732 1231 870 1297 diremit.
916 1233 1017 1320 Signo
1028 1231 1144 1296 deinde
1157 1231 1298 1316 receptui
1310 1229 1402 1306 dato,

343 1341 409 1383 uox
433 1321 582 1394 insecuta,
609 1319 722 1404 quietis
756 1319 917 1394 Romanis,
947 1317 1078 1405 perfecit
1110 1316 1236 1382 bellum.
1290 1315 1403 1380 Latini

343 1427 480 1491 namque
505 1421 537 1468 et
566 1404 707 1481 Hernici,
733 1405 846 1469 relictis
861 1405 993 1482 Volscis,
1018 1405 1130 1469 domos
1154 1400 1288 1488 profecti
1315 1416 1404 1479 sunt,

345 1491 434 1556 mulis
459 1491 597 1555 consiliis
625 1513 713 1575 pares
735 1491 842 1576 adepti
861 1505 1000 1556 eventus.
1044 1489 1162 1564 Volsci,
1177 1489 1232 1554 ubi
1247 1511 1281 1551 se
1294 1487 1404 1553 deser-

345 1591 395 1643 tos
411 1575 452 1641 ab
466 1579 510 1640 eis
525 1576 641 1654 videre,
657 1599 792 1662 quornm
814 1577 932 1641 fiducia
947 1578 1184 1650 rebellaverant,
1195 1576 1314 1640 relictis
1337 1598 1406 1639 cas-

346 1663 412 1740 tris,
438 1664 594 1726 moenibus
618 1663 733 1726 Satrici
753 1685 786 1726 se
807 1663 982 1729 includunt.
1012 1687 1092 1750 quos
1117 1663 1220 1748 primo
1246 1660 1408 1725 Camillus

345 1749 428 1813 vallo
450 1748 657 1824 circumdare,
679 1761 711 1811 et
731 1771 845 1836 aggere
867 1763 960 1836 atque
981 1750 1129 1834 operibus
1150 1749 1339 1848 obpugnare
1359 1761 1408 1813 est

345 1836 485 1899 adortus.
539 1832 624 1910 Qnae
648 1847 813 1920 postquam
840 1836 928 1900 nulla
949 1837 1114 1921 eruptione
1138 1835 1274 1918 inpediri
1300 1833 1408 1910 videt3

347 1923 451 1983 minus
466 1941 532 1983 esse
546 1920 643 1982 animi
663 1935 749 1984 ratus
776 1922 808 1984 in
833 1921 932 2000 hoste,
947 1945 1042 2008 quam
1060 1937 1099 1986 ut
1119 1921 1153 1984 in
1174 1943 1212 1984 eo
1227 1934 1292 1984 tam
1310 1919 1408 1984 lentae

347 2007 413 2090 spei
429 2006 590 2069 victoriam
610 2019 813 2090 exspectaret,
830 2007 1012 2072 cohortatus
1034 2008 1159 2085 milites,
1174 2029 1225 2082 ne,
1240 2019 1407 2092 tamquam

348 2092 444 2156 Veios
459 2091 687 2178 obpugnantes,
702 2093 735 2156 in
754 2115 849 2178 opere
872 2093 1048 2182 longinquo
1062 2117 1127 2159 sese
1142 2105 1290 2173 tererent,
1306 2094 1409 2156 victo-

349 2178 428 2242 riam
454 2178 485 2241 in
512 2179 656 2242 manibus
678 2201 764 2258 esse;
789 2181 908 2262 ingenti
933 2182 1068 2245 militum
1097 2180 1259 2243 alacritate
1284 2180 1410 2243 moenia

329 2264 490 2365 ¹undique
513 2263 554 2328 ad
577 2286 690 2346 rossus,
714 2265 806 2330 scalis
828 2265 982 2353 oppidum
1006 2267 1098 2351 cepit.
1143 2263 1252 2330 Volsci
1278 2264 1409 2350 abjectis

347 2373 525 2416 armtssese
562 2350 738 2415 ediderunt.

389 2437 457 2503 IX.
481 2438 630 2503 Ceterum
647 2439 770 2503 animus
784 2439 874 2504 ducis
890 2441 935 2504 rei
956 2441 1078 2524 majori,
1096 2439 1204 2515 Antio,
1219 2439 1410 2514 inminebat.

347 2525 382 2590 id
399 2536 501 2610 ‚caput
523 2525 720 2602 Volscorum,
747 2547 816 2590 eam
842 2523 938 2591 fnisse
968 2527 1123 2612 originem
1154 2524 1298 2610 proximi
1324 2525 1409 2590 belli.

351 2612 416 2677 Sed
431 2612 505 2696 qnia
527 2611 587 2675 nisi
609 2633 728 2697 magno
742 2613 905 2696 adparatu,
921 2614 1085 2677 tormentis
1100 2610 1328 2698 machinisque,
1343 2624 1413 2675 tam

349 2698 455 2762 valida
470 2697 546 2759 urbs
560 2696 631 2781 capi
645 2717 710 2760 non
725 2710 851 2781 poterat
860 2722 869 2776 ;
893 2697 1004 2764 relicto
1022 2697 1063 2764 ad
1086 2698 1257 2763 exercitum
1273 2696 1409 2784 collega,

352 2784 489 2848 Romam
511 2795 559 2845 est
580 2781 750 2866 profectos,
765 2794 802 2846 ut
815 2797 958 2848 senatum
980 2784 1021 2848 ad
1043 2783 1252 2848 excidendum
1274 2785 1410 2848 Antium

190 2895 287 2942 nattam
352 2869 543 2934 hortaretur.
588 2867 676 2931 luter·
702 2889 877 2934 sermonem
908 2873 973 2956 ejas
1003 2869 1122 2954 (credo,
1151 2891 1218 2933 rem
1247 2871 1411 2934 Antiatem

189 2971 245 3005 sam
259 2956 582 3018 arm-diuturniorem
606 2975 743 3032 manere,
763 2955 838 3020 Diis
861 2957 950 3022 cordi
972 2956 1077 3037 fuisse)
1101 2955 1194 3044 legati
1221 2955 1263 3020 ab
1288 2955 1413 3039 Nepete

189 3021 392 3133 statimne
423 3041 446 3104 s

189 3149 243 3205 ura

447 3040 540 3114 utrio,
567 3039 719 3103 auxilium
745 3040 892 3106 adversus
920 3043 1070 3108 Etruscos
1092 3057 1244 3126 petentes,
1267 3043 1410 3118 veniunt,

354 3127 483 3191 brevem
512 3127 707 3189 occasionem
733 3147 800 3191 esse
827 3127 949 3193 ferendi
977 3128 1090 3194 auxilii
1119 3141 1341 3193 memorantes.
1374 3150 1413 3192 eo

355 3213 419 3276 vim
436 3211 562 3276 Camilli
584 3211 625 3275 ab
644 3211 742 3275 Antio
762 3212 891 3279 fortuna
912 3215 1033 3279 avertit.
1078 3213 1225 3300 Namque
1251 3237 1350 3298 quum
1374 3237 1413 3278 ea

256 3361 260 3368 .
355 3299 426 3363 loca
440 3298 585 3384 obposita
601 3297 748 3377 Etruriae,
765 3313 798 3364 et
818 3301 903 3365 velut
920 3301 1055 3366 claustra
1077 3301 1151 3364 inde
1174 3314 1342 3386 portaeque
1364 3321 1412 3364 es·

355 3399 439 3462 sent3
463 3396 495 3448 et
517 3385 579 3448 illis
600 3385 778 3469 occupandi
802 3409 851 3467 en,
866 3409 962 3474 qaum
979 3386 1055 3472 quid
1071 3387 1145 3450 novi
1167 3386 1368 3465 molirentur,
1382 3401 1414 3450 et

358 3472 512 3537 Romanis
533 3473 741 3556 recuperandi
761 3473 932 3559 tuendique
954 3495 1029 3536 cura
1051 3485 1128 3536 erat.
1173 3472 1277 3558 igitur
1292 3475 1413 3537 senatui

357 3580 428 3623 cum
455 3556 591 3622 Camillo
615 3559 667 3644 agi
691 3555 820 3642 placuit,
836 3573 881 3636 ut,
897 3559 1013 3622 omisso
1035 3560 1144 3634 Antio,
1160 3557 1279 3624 bellum
1301 3559 1413 3624 Etrus·

312 3715 316 3722 ,
356 3665 429 3712 cum
444 3643 624 3730 susciperet.
643 3639 673 3682 '⁸⁹
684 3643 839 3734 Legiones
856 3648 998 3723 urbanae,
1014 3643 1127 3731 quibus
1143 3643 1317 3721 Quinctius
1331 3667 1413 3731 prar-

389 3855 422 3906 89
437 3852 549 3917 &aaa
571 3853 671 3908 urbana.
693 3853 773 3914 qrttbra
796 3852 870 3910 Qatn-
894 3855 987 3919 sacrat.
1013 3853 1106 3900 'lamen
1122 3853 1195 3912 paulo
1211 3852 1275 3898 inira
1290 3851 1413 3906 Quintius,

356 3923 404 3972 aa
419 3916 558 3984 prasumat]
573 3919 687 3974 Quintius
710 3925 811 3978 praerat
829 3933 871 3966 ex·
903 3934 950 3966 non
969 3917 1094 3976 Servilius,
1110 3917 1217 3963 mittitur
1233 3917 1265 3962 ad
1281 3929 1340 3964 eam
1351 3927 1415 3961 exer·

357 3987 442 4034 ercitui
474 3999 506 4032 ex
538 3983 653 4031 macariis
690 3983 871 4044 senioribusque
902 3986 988 4036 citum.
1015 3995 1088 4043 quem
1122 3983 1240 4028 &miliat
1268 3982 1296 4026 la
1324 3979 1415 4026 Volscis

289 4085 293 4094 .
357 4051 499 4110 conscripto.
533 4047 591 4094 Vid.
613 4059 686 4108 sopra
706 4061 727 4095 c.
749 4047 772 4092 6.
805 4049 869 4096 Eum
902 4049 1058 4107 relinquebat.
1104 4047 1189 4105 ltaque
1213 4051 1239 4092 at
1265 4045 1339 4092 atium
1364 4057 1415 4104 per·

357 4115 474 4160 traditum
496 4126 548 4160 etse
573 4111 685 4170 Camillo,
708 4125 784 4172 quum
812 4114 872 4160 riter
904 4113 1064 4160 mutationem
1083 4111 1232 4158 erereituum
1254 4108 1345 4156 famam
1366 4119 1417 4153 ease

357 4178 477 4226 auertitur
500 4191 514 4223 a
534 4173 671 4238 junioribus
698 4177 831 4237 validisque
856 4191 872 4224 a
904 4189 1000 4223 neeesse
1026 4181 1072 4229 eat,
1099 4175 1133 4221 ita
1159 4181 1188 4220 ut
1215 4173 1331 4220 Servilius
1357 4183 1417 4232 prte-

356 4239 386 4296 Q.
399 4240 499 4290 Seruilio
514 4243 617 4302 scriptus
634 4247 722 4300 prato
738 4249 810 4298 emet,
823 4255 871 4287 non
903 4240 977 4287 merit
992 4240 1107 4286 exercitui
1118 4237 1260 4296 Quintiano,
1269 4237 1313 4296 qui
1329 4237 1360 4283 ud
1378 4247 1414 4282 ar·

357 4312 395 4352 att
412 4306 550 4354 versimile.
583 4305 667 4366 ltaque
687 4305 726 4351 bic
743 4305 871 4352 rescriben-
905 4306 959 4352 bem
982 4312 1090 4352 retentus
1109 4305 1149 4350 tit.
1182 4303 1221 4350 Sic
1244 4303 1336 4350 amum
1353 4301 1416 4348 butte

357 4369 417 4418 dnm
424 4371 533 4426 videtur,
545 4369 625 4431 quibu
638 4367 666 4424 Q.
680 4367 795 4416 Seruilius
807 4381 870 4430 pre·
905 4369 1011 4416 sorvita.
1024 4367 1063 4416 Fr.
1076 4367 1217 4415 Gronovius
