3008 4908
347 205 408 260 280
746 199 856 258 TlTl
890 200 1025 259 Ltvtt

187 377 217 426 υ.
228 375 324 426 αἐιι.
350 355 531 420 Postumius
545 356 708 438 asperiora
721 357 831 421 omnia·
849 358 923 422 fecit
944 357 1065 422 acerbis
1081 357 1313 441 questionibus,
1329 383 1396 426 crue

187 442 217 490 Α·
229 443 256 490 C·
268 441 324 490 ⁴11.
349 441 472 508 delibus
486 439 658 526 suppliciis.
684 453 847 527 postremo
861 465 959 528 quum
974 443 1107 508 modurn
1122 444 1177 506 iroe
1192 447 1309 512 nullum
1321 447 1398 512 isse

350 543 407 606 ret,
423 528 465 594 ad
480 525 734 596 vociferationem
750 550 871 604 eorum,
888 551 966 613 quos
981 529 1006 566 ¹⁴
1016 530 1121 594 necari
1135 531 1195 598 sub
1210 535 1397 618 crstejussa·

350 632 412 697 rat,
427 635 582 679 concursu
597 613 690 692 facto,
705 615 716 678 i
739 638 773 678 se
787 617 824 679 ad
840 615 1076 700 interpellantes
1097 637 1225 700 poenarn
1242 641 1345 684 vecors
1362 621 1400 682 de

350 701 502 768 tribunali
525 699 673 765 decurrit.
717 636 879 788 iniquum
901 703 1123 766 submoventes
1149 707 1260 788 passim
1282 705 1400 770 lictores

351 787 614 872 centurionesque
638 804 788 852 vexarent
812 787 949 865 turbam,
972 810 1011 852 eo
1037 787 1213 874 indignatio
1238 793 1348 875 erupit,
1368 803 1400 854 ut

188 875 499 956 Abpwdutdbunus
525 873 661 938 militum
686 875 725 938 ab
747 873 889 938 exercitu
915 896 973 936 suo
1002 874 1158 960 lapidibus
1186 879 1401 962 cooperiretur.

188 945 310 1055 ffiffi'
353 961 451 1037 Quod
472 974 537 1022 tam
560 973 653 1024 atrox
679 959 799 1024 facinus
819 975 984 1046 postquam
1001 975 1049 1024 est
1065 961 1201 1028 Romaiu
1216 965 1401 1037 nunciatum,

188 1071 336 1120 Pmtumtua
352 1046 487 1112 tribunis
503 1046 638 1111 militum
653 1045 693 1110 tle
708 1061 810 1110 morte
834 1045 965 1134 collegae
986 1069 1042 1131 per
1063 1065 1207 1114 senatum
1221 1050 1402 1134 quaestiones

353 1133 602 1209 decernentibus,
618 1133 738 1198 tribuni
754 1131 854 1217 plebis
869 1132 1114 1198 intercedebant.
1128 1136 1182 1200 sed
1198 1157 1234 1200 ea
1249 1135 1402 1200 contentio

353 1243 393 1284 ex
416 1219 587 1284 certamine
608 1219 671 1282 alin
692 1219 868 1304 pendebat;
897 1219 982 1318 quod
1005 1241 1081 1284 cura
1107 1221 1275 1286 incesserat
1292 1221 1400 1296 Patres,

353 1305 378 1345 ¹⁵
388 1329 427 1370 ne
449 1321 535 1371 metu
561 1306 770 1390 quaestionum
796 1307 885 1389 plebs
911 1313 1045 1390 traque‘.
1060 1307 1204 1374 tribunos
1219 1307 1349 1372 militum
1363 1327 1399 1368 ex

353 1393 445 1478 plebe
460 1406 595 1457 crearet:
621 1391 854 1474 tendebantque
875 1413 998 1456 summa
1019 1413 1089 1476 ope,
1108 1408 1141 1458 ut
1163 1393 1305 1458 consules
1325 1415 1402 1458 crea-

354 1493 473 1546 rentur.
520 1477 631 1554 Quum
655 1477 961 1542 senatusconsultum
985 1477 1053 1542 fieri
1076 1479 1321 1565 tribuniplebis
1344 1499 1400 1544 uon

352 1579 546 1666 paterentur,
562 1565 656 1628 iidem
674 1563 902 1628 intercederent
916 1563 1136 1631 consularibus
1151 1567 1298 1644 comitiis,
1314 1562 1402 1630 ressd

354 1667 570 1736 interregnum
587 1650 689 1714 rediit.
707 1650 837 1714 victoria
850 1649 966 1714 deinde
981 1673 1076 1735 penes
1096 1652 1205 1718 Patres
1217 1652 1286 1718 fnit.

192 1749 260 1797 uc.
272 1747 328 1796 aar.
399 1737 455 1802 LI.
480 1735 523 1812 Q.
541 1735 640 1801 Fabio
657 1735 817 1800 Vibulano
839 1737 995 1824 interrege
1020 1738 1149 1802 comitia
1170 1737 1315 1816 habente,
1335 1758 1403 1802 con·

191 1812 329 1926 ᾖξοξὲἓ
355 1823 436 1888 sulas
455 1823 553 1888 creati
573 1835 647 1887 sunt
663 1825 718 1887 A!
734 1821 901 1886 Cornelius
926 1822 1052 1900 Cossus,
1068 1823 1109 1888 L.
1127 1824 1243 1891 Furius
1264 1822 1404 1892 Medulli·

189 1910 268 1998 uolt.
281 1941 328 1990 pu,
355 1932 425 1974 nus.
470 1908 533 1974 His
549 1908 732 1974 consulibus
747 1908 904 1993 principio
925 1910 1000 1974 anni
1022 1913 1327 1978 senatusconsultum
1348 1909 1403 1972 fac·

190 2008 304 2075 socan
355 2009 496 2072 tumeat,
513 1994 786 2082 utdeqnoestione
810 1995 1022 2060 Postumianae
1047 1996 1142 2061 caedis
1168 1999 1288 2064 tribuni
1311 1998 1424 2084 prirno'

246 2137 250 2154 ,
355 2105 481 2170 quoque
503 2096 647 2166 temporo
670 2080 710 2146 ad
735 2080 859 2166 plebem
885 2082 1016 2156 terraram
1049 2083 1219 2172 plebesque
1242 2085 1404 2170 praeficeret

355 2168 534 2254 quaestioni,
551 2189 644 2254 quern
662 2167 763 2232 vellet.
787 2167 847 2232 16Α
865 2167 956 2253 plebe
979 2189 1132 2239 eumenen
1156 2171 1267 2256 populi
1281 2165 1404 2236 consuli·

344 2257 414 2322 *bus
435 2254 597 2338 rregotium
623 2255 802 2320 insudatur.
825 2255 889 2340 qui,
913 2277 1034 2318 summa
1058 2253 1404 2324 moderationeacleni·

190 2361 336 2418 comrade
355 2356 419 2409 tate
442 2365 498 2425 per
518 2363 692 2426 paucorum
712 2339 914 2425 supplicium,
931 2363 1010 2426 quos
1025 2341 1150 2408 sibimet
1164 2345 1249 2428 ipsos
1263 2341 1405 2408 conscisse

192 2426 311 2474 immi
357 2443 490 2494 mortem
512 2429 590 2493 ¹eatis
615 2427 770 2492 creditum
793 2440 851 2505 est,
874 2440 1030 2492 transacta
1053 2450 1096 2504 re,
1120 2435 1290 2516 nequivere
1311 2445 1404 2494 tamen

191 2491 266 2539 ‘'d‘'
354 2517 513 2600 consequi,
542 2531 577 2580 ut
604 2537 667 2578 raon
689 2515 854 2601 aegerrime
876 2512 910 2576 id
934 2512 1022 2597 plebs
1047 2514 1152 2582 ferret.
1164 2517 1275 2600 jacere
1298 2513 1404 2580 tandiu

354 2605 465 2668 irritos
475 2603 655 2678 sanctiones,
666 2621 734 2684 quc
748 2601 785 2663 de
797 2603 860 2663 nris
873 2603 1216 2686 commodisserrentur:
1240 2625 1324 2688 quarm
1337 2603 1405 2665 inte·

352 2693 413 2754 rim
423 2689 618 2772 desangnine
628 2697 657 2750 ct
671 2687 822 2768 supplicio
831 2707 884 2750 nco
894 2687 990 2750 latam
1001 2689 1094 2772 legem
1106 2689 1263 2772 corfidim
1273 2685 1404 2756 exerceris

352 2785 383 2840 ct
403 2784 522 2838 tantam
537 2775 596 2836 vim
611 2772 731 2836 dobere.
779 2771 987 2855 Aptissimum
1013 2787 1136 2857 tempus
1158 2789 1238 2853 erat,
1253 2769 1406 2840 vindicatis

245 2888 248 2896 ·
354 2859 569 2934 seditionibus,
585 2857 852 2922 delenimentum⁸
873 2857 986 2921 animis
1010 2858 1124 2924 Bolani
1145 2862 1216 2948 agri
1233 2861 1405 2926 divisionem

354 2945 466 3032 objici:
491 2965 554 3031 quo
570 2943 652 3006 facto
670 2943 853 3007 minuissent
877 2941 1066 3008 desiderium
1093 2949 1228 3033 agrariae
1242 2947 1328 3035 legis,
1342 2961 1404 3030 quoe

379 3054 498 3096 assesso
512 3028 731 3115 perinjuriam
746 3049 825 3113 agro
839 3030 967 3114 publico
983 3030 1095 3096 Patres
1117 3031 1263 3116 pellebat.
1290 3026 1408 3096 ·Tunc‘

355 3056 426 3184 liaec
437 3117 505 3201 ipsa
520 3115 691 3200 indignitas
706 3115 842 3200 angebat
855 3116 987 3194 animos,
1004 3139 1068 3181 non
1085 3119 1116 3182 in
1133 3120 1306 3186 retinendis
1321 3111 1405 3182 modo

356 3203 491 3290 publicis
506 3205 601 3289 agris,
613 3224 693 3288 quos
707 3201 736 3264 vi
754 3215 883 3278 teneret,
899 3202 1092 3287 pertinacem
1113 3207 1311 3272 nobilitatem
1332 3220 1403 3273 sues

357 3290 413 3356 sed
432 3312 470 3354 ne
486 3309 619 3354 vacuum
641 3288 768 3373 quidem
786 3311 910 3374 agrurn,
926 3311 1028 3373 nuper
1048 3313 1089 3354 err
1114 3291 1258 3358 hostibus
1278 3302 1403 3375 captum,

357 3377 443 3464 plebi
472 3375 626 3452 disidere;
667 3397 741 3444 risos
771 3376 888 3459 paucis,
914 3389 949 3441 ut
976 3389 1089 3454 cetera,
1117 3377 1260 3444 futurum
1288 3371 1404 3462 proedoe·

358 3605 369 3645 f
381 3549 518 3661 qbffiffl
532 3549 675 3597 trstaGrnn.
789 3546 935 3602 th.Gron.
950 3549 1020 3596 Creu.
1146 3547 1338 3598 ‘deliramentum
1346 3539 1405 3590 ssd·

391 3780 422 3827 14
438 3779 529 3828 Ναυῆ
547 3781 588 3827 aab
606 3781 680 3842 nate]
708 3781 761 3830 Hoc
781 3785 872 3844 suppli·
906 3789 1029 3844 utcunque
1047 3786 1148 3845 exponis
1177 3783 1300 3844 plebiscito
1321 3771 1405 3824 trtltuffl

356 3847 388 3894 cii
409 3859 487 3906 genus
509 3847 597 3892 cladus
618 3847 761 3894 describitur
776 3849 791 3893 1.
812 3850 831 3894 1.
849 3863 871 3896 c.
905 3849 1009 3896 comitiis
1032 3851 1089 3903 lato,
1110 3850 1175 3908 quod
1191 3849 1316 3894 subsecuta
1331 3837 1406 3888 &¹⁶¹

357 3909 397 3956 sl.
904 3914 1045 3960 centuriatis
1060 3913 1164 3960 comitiis
1173 3913 1205 3959 ab
1217 3911 1325 3958 universo
1340 3913 1406 3964 popu·

391 3973 421 4020 15
438 3974 481 4020 Ns
499 3979 561 4019 melu
577 3976 727 4034 patrationum
743 3976 804 4036 plebs
824 3979 871 4022 ira·
905 3978 929 4023 lo
950 3979 1111 4038 comprobata.
1158 3979 1190 4024 At
1210 3975 1288 4036 magi!
1304 3969 1405 4034 Pldffl‘b

357 4037 411 4099 puel
433 4039 494 4086 iioec
510 4038 581 4084 lectio
599 4051 657 4085 sane
676 4041 775 4100 elegans
787 4041 873 4087 nititur
905 4041 985 4088 deleta
1009 4057 1066 4089 vocs
1086 4041 1177 4102 papati,
1198 4037 1289 4101 tegeret
1313 4027 1406 4092 ΜΨ

356 4102 521 4160 compluribus
540 4103 611 4150 MSS.
627 4105 797 4160 Gronorisnis,
814 4119 874 4164 qus·
905 4119 1023 4159 mensu,
1040 4107 1056 4152 i.
1076 4121 1097 4153 e.
1118 4103 1319 4152 consentientibus
1332 4093 1406 4143 πῖθ’·

357 4174 412 4213 tuar
434 4167 532 4223 nostris,
550 4176 575 4212 et
596 4168 709 4214 omnibus
728 4169 874 4216 editionibus
901 4163 961 4230 giis,
988 4171 1106 4230 negotians
1131 4170 1255 4216 mandans
1285 4159 1405 4212 maulim·

356 4236 412 4276 ante
430 4229 594 4290 Sigonianam.
630 4231 692 4280 lisso
713 4232 780 4278 dedit
797 4236 873 4280 tratas
909 4233 965 4281 Vox
985 4248 1092 4282 comm
1113 4237 1200 4283 eodem
1220 4231 1292 4282 ruodo
1309 4225 1405 4274 &⁰¹¹¹oe

356 4297 421 4355 quod
432 4296 553 4354 amplexae
564 4303 622 4342 aunt
633 4303 728 4344 osterse.
907 4299 1005 4358 ponitur
1024 4313 1097 4360 supra
1113 4301 1129 4345 l.
1149 4299 1194 4346 111.
1207 4313 1229 4345 c.
1244 4295 1282 4344 38·
1301 4293 1405 4341 Comi*

390 4358 420 4406 ld
437 4359 460 4405 A
469 4359 531 4420 pleds
552 4373 659 4407 cannara
674 4361 768 4425 populi]
789 4361 873 4410 Posset
907 4364 1151 4426 isrisamimperiasr.
