2978 4918
440 206 532 266 LlB.
553 204 595 264 11.
622 205 726 266 CAP.
746 205 781 265 L.
1082 213 1137 272 137

74 369 169 450 nentis,
197 391 353 457 quornm
385 371 544 435 neminem
569 368 683 444 ducem
713 382 875 456 sperneret
898 370 1043 460 egreglus
1068 371 1285 458 qui-unere

74 457 193 523 buslibet
216 455 433 542 temporibus
452 456 478 498 ⁷⁶
488 469 625 534 senatus,
644 456 744 532 ibant,
761 455 853 521 unius
872 455 1000 522 familiae
1019 447 1286 522 viribusffim·

76 543 187 610 Veienti
201 545 341 629 populo
356 555 479 628 pestem
495 543 686 622 minitantes.
732 543 931 629 Sequebatur
944 543 1049 621 turba,
1064 565 1140 630 pro-

78 631 136 715 pria
162 630 230 696 alia
267 627 751 730 cognatorumnsodaliumquq
779 629 860 694 nibil
895 631 1065 731 medium&
1081 653 1141 697 nec

30 763 32 822 r
79 739 173 870 {llll
182 715 1142 888 3321tltblnl.lll²bttt¹j'tltlil‘llntllts

82 906 219 976 stupens3
244 893 297 954 ire
298 890 422 973 fortes,
438 891 485 952 ire
490 889 604 974 felices
625 887 750 972 jubent,
767 890 896 972 inceptis
910 900 1031 956 euentus
1046 913 1143 974 pares

81 979 218 1042 reddere.-
243 977 426 1040 consulatus
444 977 516 1039 inde
529 999 566 1038 nc
585 975 763 1058 triumphos,
779 979 882 1040 omniu
897 978 1032 1060 premio
1046 977 1086 1040 ab
1099 1000 1142 1054 se,

81 1085 169 1128 annes
182 1065 319 1128 bonores
337 1083 475 1145 sperare.
521 1061 790 1126 Praetereuntrbus
807 1061 1001 1147 Capitolium
1022 1085 1144 1128 arcem·

26 1142 28 1176 ‘¹
81 1173 135 1235 qne
147 1163 179 1214 et
190 1151 258 1214 alia
272 1145 405 1234 templa,
415 1146 569 1234 quidquid
583 1147 726 1212 Deorum
742 1149 852 1226 oculis,
865 1148 1021 1236 quidquid
1036 1150 1144 1213 animo

80 1237 228 1312 obcurrit,
244 1244 433 1320 precantur,
450 1247 485 1299 ut
499 1233 578 1298 illud
592 1255 705 1320 agmen
720 1231 856 1299 faustum
874 1247 967 1321 atque
980 1234 1055 1300 felix
1070 1236 1144 1300 mit-

79 1335 151 1401 tant,
167 1321 307 1407 sospites
328 1319 420 1384 brevi
436 1321 467 1384 in
489 1321 622 1406 patriam
637 1319 678 1384 ad
699 1333 845 1406 parentes
866 1322 1043 1386 restituant.
1088 1320 1145 1386 ln·

80 1431 197 1474 cassum
228 1408 338 1472 missae
367 1427 488 1490 preces.
533 1404 656 1470 Infelici
682 1407 732 1471 via
756 1405 905 1472 7⁸dextro
928 1407 1012 1472 Jano
1041 1421 1145 1493 portae

80 1493 292 1560 Carmentalis
318 1491 462 1578 profecti,
480 1490 521 1555 ad
544 1493 728 1558 Cremeram
749 1492 870 1558 flumen
896 1493 1096 1578 perveniunt.
1117 1495 1144 1558 is

78 1596 282 1668 opportunus
299 1579 385 1644 visus
405 1578 494 1644 locus
508 1577 755 1644 communiendo
779 1580 935 1665 praesidio.
964 1623 966 1630 ·
981 1581 1021 1646 L.
1037 1579 1144 1648 AEmi·
1153 1601 1184 1650 u.
1195 1599 1222 1650 c.
1233 1601 1290 1650 tta.

78 1667 136 1734 lins
149 1669 230 1734 inde
245 1678 279 1732 et
296 1664 334 1731 C.
352 1665 504 1732 Servilius
517 1664 660 1730 consules
678 1667 764 1730 laeti.
785 1679 828 1742 et,
844 1666 947 1732 donec
961 1666 1042 1732 nihil
1056 1667 1144 1734 aliud
1152 1667 1184 1716 Α·
1195 1666 1221 1714 ⁰·
1233 1666 1291 1744 ⁴7⁶·

80 1777 172 1841 quarn
193 1755 228 1818 in
252 1751 512 1840 populationibus
534 1774 584 1816 res
605 1750 675 1831 fuit,
690 1773 756 1817 non
777 1751 818 1818 ad
843 1754 1028 1856 praesidium
1050 1731 1293 1845 modostfflgfl’

80 1841 255 1906 tutandum
279 1838 373 1904 Fabii
398 1837 474 1904 satis
496 1851 596 1914 erant,
614 1837 670 1904 sed
691 1851 760 1904 tota
784 1861 915 1923 regione
933 1863 998 1928 qua
1019 1841 1147 1908 Tuscus
1155 1861 1213 1909 suto
1223 1861 1289 1912 cese

80 1951 153 2018 ager
169 1928 327 1994 Romano
348 1924 482 2010 adjacet,
498 1948 555 1990 sua
576 1937 644 1988 tuta
665 1925 783 2004 omnia,
799 1925 912 1994 infesta
925 1927 1078 2007 hostium,
1093 1953 1147 1995 ue·

80 2029 191 2100 pantes
222 2034 283 2099 per
308 2023 478 2098 utrumque
507 2011 614 2088 finem,
640 2009 751 2078 fecere.
796 2012 1002 2080 Intervallum
1032 2015 1149 2082 deinde

82 2102 163 2166 baud
181 2121 340 2200 magnum
355 2096 614 2184 populationibus
627 2095 707 2164 fuit:
730 2097 806 2164 dum
821 2113 854 2164 et
869 2101 1027 2180 Veientes,
1042 2102 1149 2170 adcito

82 2211 117 2253 ex
144 2187 283 2254 urruns
311 2183 675 2336 exercitu‚n1›paesidium
702 2185 861 2250 Cremerae
886 2187 1095 2277 obpugnant3
1117 2201 1151 2255 et
1238 2263 1241 2271 ¹

83 2274 245 2340 Romanae
266 2271 418 2360 legiones,
435 2274 475 2335 ab
528 2269 688 2336 .AEmilio
711 2271 852 2338 Consule
874 2273 1031 2350 adducta,
1047 2277 1150 2340 comi·

82 2382 141 2426 nus
159 2381 239 2428 cum
257 2357 404 2424 Etruscis
425 2356 578 2422 dimicant
599 2360 677 2423 acie.
698 2380 891 2444 quamquam
914 2360 967 2425 vix
989 2361 1151 2448 dirigendi

82 2449 182 2514 eciem
198 2447 340 2534 spatium
355 2443 543 2509 Veientibus
556 2443 625 2510 fuit.
647 2444 727 2510 adeo
746 2444 830 2509 inter
850 2446 987 2530 primam
1008 2445 1150 2546 trepide·

83 2535 215 2612 tionem
231 2531 346 2596 ”dum
375 2544 450 2616 post
476 2531 501 2595 si
527 2553 568 2594 na
590 2529 719 2596 ordines
748 2531 920 2608 introeunt,
947 2531 1151 2618 subsidraque

83 2620 200 2699 locam,
217 2621 346 2685 invecta
368 2617 475 2682 subito
496 2641 513 2682 a
558 2616 654 2682 latere
670 2617 818 2682 Romans
838 2617 980 2704 equitum
1003 2617 1063 2696 ala,
1083 2640 1151 2684 non

83 2729 204 2797 pugnae
230 2704 332 2772 modo
356 2703 558 2788 incipienda,
580 2703 637 2768 sed
662 2703 866 2781 consistendi,
888 2704 1008 2770 ademit
1032 2704 1150 2772 locum.

86 2793 144 2872 Ita,
159 2794 224 2860 fusi
246 2805 334 2858 retro
349 2790 392 2856 ad
413 2813 488 2856 saxa
505 2789 628 2868 Rubra,
643 2789 703 2876 (ibi
725 2802 829 2856 castra
849 2790 1024 2874 habebant)
1039 2813 1152 2878 pacem

85 2880 246 2968 suppliees
262 2889 390 2964 petunt.
406 2877 495 2964 cujus
512 2878 698 2962 inpetrata,
712 2877 755 2942 ab
775 2877 872 2943 insita
886 2877 999 2944 animis
1012 2878 1151 2957 levitate,

86 2981 158 3034 ente
170 2965 350 3032 deductum
362 2963 516 3029 Cremera
532 2963 715 3030 Romanum
726 2964 922 3050 praesidium,
937 2965 1098 3050 poenituit.

128 3055 169 3120 L.
195 3054 325 3118 Rursus
340 3071 414 3116 eum
431 3049 538 3115 Fabiis
552 3061 620 3115 erat
634 3049 762 3115 Veienti
775 3050 908 3138 populo,
923 3052 990 3117 sine
1004 3051 1070 3118 ullo
1084 3075 1152 3118 ma·
1161 3073 1230 3122 saun
1240 3074 1301 3122 vet·

82 3140 159 3225 jerit
172 3138 253 3206 belli
266 3137 435 3225 adparatu,
450 3153 627 3202 certamenr
650 3157 709 3202 nec
726 3149 817 3203 erant
837 3138 1034 3204 incursiones
1055 3140 1254 3206 modoentium
1265 3141 1314 3187 '¹⁰-

87 3227 119 3290 in
133 3249 241 3316 agros,
258 3237 314 3291 aut
330 3223 428 3289 subiti
449 3223 575 3309 inpetus
595 3223 834 3302 incursantium,
851 3225 905 3289 sed
926 3225 1093 3312 aliquoties
1107 3211 1231 3292 &taes

87 3335 149 3398 quo
163 3335 283 3400 campo
298 3309 495 3398 conlatisque
509 3309 606 3398 signis
620 3324 787 3376 certatum.
809 3332 949 3400 gensque
963 3334 1027 3377 una
1039 3312 1154 3398 populi

90 3399 230 3468 Romani
252 3421 341 3486 soepe
357 3419 400 3464 ex
421 3395 669 3482 opulentissima,
684 3409 721 3462 ut
734 3409 803 3463 tum
826 3419 877 3464 res
897 3413 998 3480 erant,
1017 3399 1154 3466 Etrusca

119 3605 150 3652 76
165 3604 281 3668 Mur]
303 3603 385 3652 Multo
404 3602 483 3663 magis
501 3604 607 3663 placeret
639 3603 679 3650 ula
705 3608 795 3664 pateat.
840 3603 924 3652 Cicero
944 3607 962 3653 l.
984 3605 1019 3652 11.
1043 3607 1074 3652 de
1094 3605 1154 3656 Nat.

88 3671 215 3718 marr
233 3671 300 3732 quod
316 3667 379 3715 Teu.
391 3666 471 3714 Fabro
486 3673 511 3713 et
530 3664 607 3730 Duja·
639 3667 705 3716 decr·
723 3681 747 3714 n.
764 3667 803 3714 st.
827 3667 984 3717 Treesltleaes
994 3670 1155 3730 moneat

92 3732 123 3778 tin
138 3735 228 3782 rursm.
261 3733 332 3781 Ouid.
345 3731 379 3781 11.
395 3730 463 3778 aas
474 3745 497 3778 v.
509 3731 566 3780 200.
577 3734 608 3780 de
639 3733 761 3780 dicuntur.
802 3731 962 3782 Carmentalis
985 3735 1060 3795 igitur
1084 3741 1156 3795 porta

93 3795 128 3842 tis
142 3797 225 3848 ressa
239 3801 357 3860 loquente
376 3797 401 3842 E
413 3797 477 3858 queit
489 3795 538 3842 ducx
548 3797 606 3858 Μ
638 3799 699 3844 duos
715 3803 794 3844 tresve
810 3798 871 3844 tales
880 3799 956 3846 Jarrnr
970 3800 1022 3849 sive
1038 3800 1155 3847 tundunt

93 3861 327 3926 &Memorem
639 3861 740 3908 babuitr
767 3874 809 3920 per
833 3863 947 3910 dextrum
972 3863 1074 3924 protecti
1096 3869 1155 3911 sunt

124 3925 282 3977 tt’Petllee
309 3923 466 3974 meumes
495 3923 607 3990 eaelum]
640 3923 718 3972 Fabii.
751 3925 790 3972 Sic
804 3933 886 3973 censet
901 3927 953 3974 Jac.
965 3929 1040 3975 Grau.
1056 3928 1084 3974 in
1098 3927 1155 3974 Dle-

98 3983 203 4039 Rueltete
216 3995 248 4040 ad
257 3991 441 4054 prosequendos
453 3984 548 4045 Fabtoe,
560 4003 609 4036 non
641 3996 722 4038 sertat.
742 3989 812 4050 epist.
830 3991 868 4038 2⁸.
884 3993 916 4038 ad
935 3993 1027 4040 calcem
1044 3993 1107 4040 tonui
1119 3992 1154 4040 11.

99 4055 189 4108 pinta
207 4055 438 4109 muninime.
458 4055 500 4101 sed
522 4053 609 4102 subici·
641 4054 745 4102 Liviani.
779 4053 843 4102 Vide
856 4062 882 4104 et
893 4056 1037 4104 Mantiniam
1055 4057 1082 4103 la
1096 4071 1155 4106 roee

101 4119 406 4184 budirueedrempublicam
417 4125 550 4180 spectante.
639 4119 726 4168 Janur.

128 4183 156 4230 te
170 4186 347 4250 Damoeta]
375 4183 424 4231 Per
439 4184 550 4230 dextrum
567 4185 609 4231 Ja-
674 4184 706 4242 ⁷19
721 4183 791 4230 vam
805 4189 860 4244 poet
881 4185 950 4246 εἰμι
969 4184 1061 4233 ordiner
1081 4187 1156 4234 tara

102 4253 377 4308 remunerantem
397 4254 476 4308 porte
494 4248 610 4296 comeu-
640 4247 708 4310 euat]
724 4251 793 4296 Dum
809 4249 914 4306 ordines,
930 4257 1057 4311 sequentes
1074 4251 1155 4312 elgae,

101 4313 152 4364 blus.
180 4317 257 4368 tenue
273 4319 344 4366 ann
362 4313 610 4365 interdumeumitur
641 4313 808 4375 prodeuntia
833 4313 915 4362 locutu
938 4329 1029 4378 puugna
1050 4315 1155 4364 detine·

97 4386 246 4446 proquodam
262 4382 338 4449 quael
357 4376 455 4429 fornice
473 4391 516 4440 per
534 4391 610 4442 quem
641 4385 704 4428 mm.
