2978 4918
344 204 400 267 194
759 197 1038 260 T1T1Ltv11

70 405 72 410 -
181 385 212 434 u,
223 385 317 436 asoa
342 359 568 446 ditcst'injustn
582 362 905 438 commitstuntur.
929 364 981 428 De
995 361 1071 428 bello
1084 363 1191 430 Sumo
1203 361 1369 446 meresarm

86 521 90 528 ,
180 451 317 500 ΔΑΜ·
343 455 497 534 tamquam
512 445 611 532 majus
624 449 719 513 nilum
740 448 848 534 populo
865 450 1001 514 Romano
1022 449 1131 514 bellum
1150 452 1197 527 sit,
1212 473 1295 535 quem
1314 473 1369 516 mm

341 536 389 612 iis,
405 535 466 620 qui,
484 535 584 621 legum
597 532 798 614 serertdnrnm
819 556 922 600 caussa
938 536 1039 612 creati,
1055 537 1130 600 nibil
1140 535 1217 621 jrtris
1231 539 1260 600 in
1273 539 1374 602 riuitute

341 621 535 705 reliquerint,-
551 623 601 705 qtti
611 622 741 698 eomitiu,
754 621 806 706 qui
817 642 930 684 miratos
939 622 1146 706 magistratus,
1158 625 1206 707 qui
1217 622 1373 690 uicissitudi-

342 729 411 772 nem
422 708 614 788 imperitandi
629 710 724 792 (quod
738 730 828 774 unum
839 712 1030 793 encqnunttn
1043 709 1084 771 sit
1099 709 1252 790 libertatis)
1265 709 1374 774 sustule-

341 795 400 858 rint
405 818 418 870 ‚·
440 794 492 878 qni
508 794 622 877 privati
637 793 743 875 suares
757 805 785 858 et
799 794 914 880 regium
928 795 1085 876 imperinm
1100 796 1234 859 habeant.
1276 797 1374 872 Fuisse,

340 877 1377 966 regibusenuctis,putricicemngistrutnscreutoe‘,·posteo,postsecus·

263 977 269 984 '
343 963 454 1032 sionem
464 967 566 1049 plebis,
581 967 720 1048 plebeius.
767 964 861 1052 Cujus
872 968 919 1031 illi
931 967 1027 1049 pertis
1037 979 1141 1040 essent,
1159 966 1312 1051 rogitare?
1326 969 1378 1032 Pc-

338 1053 488 1136 putores?
511 1054 584 1137 quiri
597 1054 674 1116 enim
690 1075 741 1117 eos
753 1075 807 1136 per
819 1053 957 1135 pupulum
978 1052 1102 1138 egisse?
1128 1053 1316 1135 optimates?
1336 1053 1380 1138 qui

342 1159 423 1204 enno
435 1137 508 1224 jum
528 1160 621 1222 prope
640 1151 775 1204 insutum
789 1161 847 1204 non
862 1139 1018 1204 habuerint
1027 1171 1039 1212 ,·
1064 1149 1134 1204 tnnc
1148 1141 1192 1204 itu
1208 1141 1341 1221 luteam,
1354 1149 1382 1202 nt

342 1227 381 1289 de
394 1227 545 1309 republica
561 1226 641 1309 toqui
657 1227 857 1307 prohibeant?
882 1225 933 1290 Ne
947 1226 1068 1288 nimium
1082 1226 1114 1290 in
1128 1235 1211 1290 metu
1225 1227 1316 1292 aliem
1328 1225 1383 1308 spei

338 1323 492 1394 ponerent.
507 1313 660 1398 gronium,
676 1335 739 1397 qun
749 1312 919 1396 potiuntur,
934 1309 1108 1396 uiuenjam
1123 1313 1295 1390 hominibus,
1304 1331 1384 1398 quun

382 1420 408 1462 te
422 1409 565 1462 metuent.

341 1420 459 1550 iuXL.
484 1483 567 1549 Haec
591 1483 781 1550 vociferante
807 1481 958 1560 Horatio,
985 1504 1084 1568 quum
1111 1482 1280 1548 decemuiri
1296 1481 1323 1528 ’Π
1338 1503 1387 1548 nec

341 1570 399 1634 iroe
413 1591 470 1636 nec
489 1570 672 1654 ignoscendi
694 1569 824 1634 modum
840 1571 1024 1654 reperirent,
1040 1589 1109 1648 nec,
1125 1592 1192 1655 quo
1207 1591 1333 1635 evasura
1346 1591 1386 1632 rer

341 1669 432 1733 esset,
458 1671 642 1732 cernerent;
667 1655 705 1720 C.
719 1655 855 1731 Claudii,
881 1658 935 1741 qui
958 1673 1086 1740 patruus
1109 1655 1213 1741 Appii
1233 1654 1390 1722 decemviri

340 1755 418 1820 erat,
435 1743 538 1807 orutio
558 1740 618 1806 fuit
640 1742 793 1826 precibus,
809 1763 904 1827 quum
923 1741 1042 1828 jurgio,
1065 1742 1187 1818 similis,
1204 1743 1323 1808 orantis
1342 1762 1391 1826 per

341 1827 389 1893 sui
404 1827 508 1894 fratris
529 1832 729 1914 parentisque
743 1829 808 1914 ejus
822 1847 947 1901 msnest
977 1829 1018 1894 Ut
1040 1829 1136 1893 ciuilis
1157 1831 1261 1910 potius
1279 1830 1390 1894 socinu-

341 1915 389 1994 tir,
406 1916 437 1980 in
450 1938 511 2000 quta
526 1925 613 1980 tintus
627 1925 714 1995 esset,
728 1936 818 2000 quam
832 1913 969 1995 fuderis,
986 1912 1100 1994 nefarie
1113 1915 1166 1980 iuti
1181 1939 1251 1980 cum
1267 1915 1391 2000 collegit,

341 2003 531 2066 meminisset.
547 2001 637 2066 muto
652 2003 684 2065 tu
699 2002 799 2086 mugit
812 2020 845 2063 se
859 2001 938 2064 illius
949 2021 1058 2066 cnttssu
1069 2023 1168 2079 urere,
1181 2023 1277 2086 quum
1287 2001 1392 2084 repub·

342 2087 415 2152 lieu.
463 2087 579 2170 Qrtippe
598 2087 819 2168 rempublicam,
834 2087 861 2150 si
876 2109 896 2150 a
909 2087 1073 2151 uolentibus
1088 2099 1231 2172 rtequeut,
1249 2091 1290 2154 ub
1304 2087 1394 2152 irruitis

330 2172 387 2258 jus
406 2176 614 2256 expetiturum.
657 2175 718 2239 seu
742 2195 780 2236 en
804 2195 916 2256 magno
936 2175 1098 2255 certamine
1118 2196 1257 2260 mugnus
1279 2171 1396 2238 exciturt'

330 2260 433 2342 ferme
446 2261 510 2324 irus
518 2285 530 2335 ,·
553 2282 656 2324 eonem
666 2270 799 2324 euentum
814 2279 846 2322 ee
860 2257 987 2324 berrue.
1032 2257 1140 2334 Quum
1154 2261 1259 2343 aliud,
1275 2277 1399 2345 prester·

299 2365 301 2380 ¹
361 2369 434 2412 uam
449 2345 489 2412 de
504 2368 568 2432 quo
579 2345 946 2426 retulissent,rlecemviri
959 2345 1063 2410 dicere
1073 2345 1297 2430 prohiberent,
1309 2346 1397 2412 Clau·

338 2369 427 2498 ilum
442 2431 665 2518 interpellandi
678 2431 864 2496 verecundis
876 2431 944 2496 fuit.
990 2432 1186 2498 Sententiam
1205 2435 1307 2522 igitur
1318 2451 1400 2519 pera·

337 2520 396 2608 git,
413 2519 534 2586 nullum
549 2519 674 2604 placere
696 2519 998 2586 senatusconsultum
1023 2515 1101 2582 fieri.
1147 2519 1343 2607 Omnesque
1363 2519 1400 2582 in

337 2605 545 2690 accipiebant,
560 2605 700 2691 privatos
718 2627 771 2670 eos
792 2627 811 2668 a
834 2604 970 2669 Claudio
988 2604 1164 2689 judicatos:
1193 2607 1353 2696 multique
1366 2621 1401 2667 en

337 2691 554 2756 consularibus
574 2691 671 2755 verbo
694 2691 816 2756 adsensi
839 2701 924 2754 sunt.
970 2689 1044 2754 Alia
1067 2694 1241 2773 sententia,
1268 2691 1404 2779 asperior

337 2777 371 2840 in
394 2778 541 2862 speciem,
560 2777 621 2840 vim
648 2775 802 2840 minorem
826 2775 987 2860 aliquanto
1009 2775 1130 2853 habuit,
1154 2801 1235 2864 quae
1260 2778 1403 2866 patricios

337 2864 423 2927 coire
437 2864 477 2927 ad
496 2861 691 2946 prodendum
712 2862 899 2944 interregem
914 2861 1058 2948 jubebat.
1079 2863 1293 2932 7⁸censendo
1315 2865 1406 2939 enim,

338 2969 553 3034 quoscumque
573 2948 773 3034 magistratus
796 2970 870 3024 esse,
889 2949 943 3034 qui
967 2964 1108 3013 senatum
1132 2948 1405 3039 haberenajuut-

338 3033 447 3110 cabut3
470 3057 549 3122 quos
571 3033 710 3118 privatos
730 3033 844 3098 fecerat
866 3051 976 3100 auctor
997 3034 1112 3099 nullius
1135 3033 1410 3106 senatusconsulti

177 3141 207 3190 L.
219 3142 309 3190 come·
337 3118 485 3184 faciendi.
531 3121 580 3186 Itu
594 3119 720 3185 labante
732 3122 797 3205 jam
818 3143 925 3184 caussa
939 3120 1209 3201 decemvirorum,
1232 3125 1276 3190 L.
1290 3127 1409 3190 Corne·

175 3206 398 3272 lluulecem·lius
423 3206 663 3294 Maluginensis,
690 3205 737 3270 M.
759 3205 896 3270 Cornelii
921 3208 1088 3270 decemviri
1108 3207 1227 3286 trater,
1251 3232 1357 3300 quum
1375 3227 1413 3271 ex

176 3271 305 3382 {ffuw'
336 3293 555 3359 consularibus
577 3293 618 3358 ad
641 3291 787 3358 ultimum
807 3291 934 3364 dicendi
957 3291 1060 3358 locum
1086 3296 1245 3362 consulto
1272 3313 1412 3362 servatus

336 3393 427 3460 esset,
443 3378 619 3446 simulando
633 3401 742 3446 curum
767 3377 850 3456 belli,
867 3377 994 3444 tratrem
1017 3379 1227 3468 collegasque
1252 3387 1327 3472 ejus
1351 3396 1414 3448 tue·

337 3469 445 3532 batur:
470 3489 600 3560 mortum
612 3465 687 3548 suto
701 3466 861 3544 incidisset,
878 3467 982 3532 mirem
1002 3487 1035 3530 se
1055 3466 1225 3546 dictitans,
1245 3484 1284 3537 ut
1300 3473 1415 3535 elecem

369 3625 497 3674 dintentu
506 3627 580 3674 Gron.
589 3627 657 3673 Creu.
691 3626 770 3672 ‘aret
780 3625 797 3672 l.
809 3625 927 3672 numm
938 3630 994 3672 erret
1006 3625 1074 3672 Eaed.
1106 3615 1185 3686 futag
1191 3627 1305 3678 istratus
1317 3632 1419 3680 creature

285 3753 286 3758 ¹
336 3693 353 3741 l.
364 3692 630 3754 nagistrum-Gran.
642 3690 912 3751 magistratum—Creu.

335 3853 409 3912 primi
420 3853 613 3914 praepositionem
632 3853 668 3908 trr,
686 3857 712 3898 et
730 3850 757 3899 el
773 3851 847 3898 madl-
879 3849 953 3918 hrrjm
963 3853 1062 3900 utemur
1076 3853 1215 3901 metenti·
1228 3861 1357 3903 auem
1368 3863 1422 3898 cert·

336 3915 410 3963 uarie
426 3917 451 3963 in
469 3917 545 3964 altero
564 3917 848 3963 canonieus-brom-
877 3925 959 3964 aerent
980 3917 1081 3978 aliquid,
1101 3917 1202 3976 utquid
1234 3921 1423 3966 decernerentt

334 3981 418 4042 telttgt.
453 3981 521 4027 Fecit
532 3987 613 4028 umen
628 3993 759 4027 conamus
774 3979 846 4026 MSS.
876 3978 1019 4044 judicabunt
1041 3995 1090 4035 ecs,
1113 3982 1155 4042 qui
1183 3991 1322 4032 cenatum
1350 3981 1426 4029 habe·

262 4099 268 4104 ,
335 4051 364 4092 ut
382 4057 434 4098 reru
452 4045 548 4092 silentio
569 4045 703 4092 tramittere
718 4043 848 4091 musurtl-
879 4052 943 4097 reum
965 4059 1017 4092 esse
1038 4057 1217 4105 quoscunque,
1247 4062 1298 4096 ceu
1331 4047 1430 4109 quntu-

335 4121 455 4155 nutemus.
879 4123 976 4169 cunque
986 4111 1147 4171 magistratus.
1177 4109 1255 4159 Vult
1270 4113 1428 4164 Livium,

367 4172 399 4219 'tt
415 4172 522 4228 Nectre.
538 4187 579 4221 trec
594 4173 726 4236 tgnmceam
741 4170 845 4238 medum]
879 4175 922 4234 qui
939 4175 1034 4220 nullum
1052 4179 1322 4226 senatusconsultum
1338 4175 1433 4226 facien·

334 4235 517 4297 Nscquatenus
536 4251 646 4286 exercere
664 4239 847 4296 trun-necque·
877 4239 937 4286 dum
959 4253 1011 4286 csse
1032 4239 1151 4292 dicebant,
1181 4241 1258 4290 nihil
1292 4243 1432 4290 censuisse·

334 4301 532 4359 renurpauemie
543 4301 578 4348 urt
589 4305 710 4349 debemur.
880 4302 913 4349 Et
931 4315 989 4350 sans
1008 4303 1068 4350 nihtl
1085 4315 1189 4350 censen
1207 4307 1269 4354 dict
1290 4313 1381 4367 potest
1402 4303 1431 4354 ia

368 4364 398 4412 7ss
426 4365 541 4412 Crnrcnrio
567 4366 640 4428 cutm]
670 4365 753 4419 Quum
781 4365 845 4412 enim
878 4367 992 4426 quinibil
1005 4369 1054 4414 lieri
1062 4374 1153 4415 cenam.
