2986 4930
305 287 344 342 tt
696 279 971 343 rlrl'trvn

142 461 273 522 tantuma
306 445 422 510 ciatum
449 467 483 509 re
507 444 516 509 i
544 445 754 534 Patribusque
779 461 835 524 est,
863 448 894 510 iu
922 455 1031 512 monte
1052 445 1179 514 Albano
1204 449 1232 511 la
1258 439 1365 514 idibus

142 525 289 586 nutriunt·
306 532 433 620 pluisse.
479 469 578 609 &nod
601 555 698 619 quum
714 531 801 597 credi
817 533 867 596 vix
885 545 1009 658 posset,
1027 533 1126 598 missis
1147 533 1221 599 adi
1259 535 1364 600 viseu-

139 591 281 701 ffimm'
305 618 382 682 dum
407 619 600 720 prodigium,
622 621 654 683 iu
679 632 861 705 conspectu,
923 619 1007 684 haud
1030 619 1121 685 aliter
1168 643 1238 685 uam
1263 645 1364 708 quum

303 703 493 792 grandinem
508 706 592 770 renti
606 705 812 806 glomeratam
827 706 970 771 interrae
985 718 1095 794 agunt,
1107 643 1210 772 cribri
1224 709 1365 774 cecidere

303 791 385 855 coelo
400 791 531 877 lapides.
576 792 645 856 Vrsi
666 793 760 856 etiam
783 791 895 856 audire
916 813 1022 858 rocem
1037 793 1197 880 ingentem
1212 815 1253 858 ex
1274 805 1364 860 tum-

302 878 347 941 mi
376 879 549 943 cacuminis
571 880 655 960 luco,
684 891 719 944 ut
744 880 848 962 patrio
873 878 935 943 ritu
961 899 1049 943 sacra
1070 879 1187 945 Albani
1208 879 1361 958 iacerent,

302 985 385 1114 goe,
401 964 486 1030 velut
501 965 574 1030 Diis
590 987 716 1052 quoqne
729 965 821 1029 simul
844 985 917 1029 curn
941 965 1044 1050 patria
1063 965 1191 1045 relictis,
1206 967 1362 1050 oblivioni

324 1050 474 1117 ederant:
498 1064 531 1117 et
548 1065 604 1116 aut
621 1051 772 1116 Romana
790 1073 878 1115 sacra
900 1063 1111 1137 susceperant,
1134 1066 1189 1118 ant
1210 1052 1360 1133 fortune,

302 1152 338 1202 ut
350 1138 396 1216 iit,
411 1138 537 1216 obirati,
554 1137 675 1202 cultum
692 1137 886 1224 reliquerant
900 1137 1019 1202 Deirm.
1064 1139 1218 1204 Romanis
1232 1161 1363 1228 quoque

300 1222 468 1290 abeodem
492 1224 642 1311 prodigio
663 1223 862 1288 novemdiale
885 1245 1009 1288 sacrum
1030 1225 1157 1310 publice
1177 1239 1361 1312 susceptum

300 1322 365 1375 est:
400 1334 454 1376 seu
480 1333 559 1376 voce
580 1311 700 1376 ooelesti
723 1332 763 1374 ex
790 1309 917 1374 Albano
943 1326 1050 1375 moute
1080 1313 1181 1390 missa,
1209 1317 1296 1397 (nam
1325 1313 1362 1378 id

299 1419 425 1485 quoque
441 1397 590 1478 traditur)
616 1419 670 1462 seu
695 1399 875 1481 aruspicum
891 1398 1025 1462 monitu.
1049 1399 1164 1463 mansit
1188 1413 1273 1463 certe
1296 1401 1362 1462 sol-

298 1482 412 1561 lemne,
438 1498 482 1564 ut,
509 1483 700 1570 quandoque
724 1482 809 1547 idem
835 1483 1013 1572 prodigium
1040 1487 1254 1563 nunciaretur,
1270 1486 1361 1574 ferite

239 1639 242 1646 ,
298 1591 356 1654 per
369 1592 483 1635 norem
498 1569 565 1634 dies
590 1581 770 1657 agerentur.
834 1571 932 1634 Haud
949 1571 993 1634 ita
1008 1570 1108 1635 multo
1123 1584 1195 1656 post
1208 1573 1360 1658 pestilen-

298 1656 343 1720 tia
366 1656 545 1722 laboratum
571 1672 628 1721 est.
650 1654 735 1720 unde
759 1675 858 1742 quum
884 1655 1012 1742 pigritia
1037 1656 1195 1722 militandi
1208 1659 1359 1738 oriretur,

296 1742 384 1807 nulla
398 1757 505 1808 tamen
519 1745 560 1808 ab
575 1741 671 1808 armis
694 1743 781 1827 quies
795 1741 931 1807 dabatur
953 1743 993 1806 ab
1016 1742 1166 1809 bellicoso
1191 1767 1283 1832 rege;
1307 1769 1360 1812 sa-

295 1827 439 1894 lubriora
474 1831 569 1894 etiam
604 1827 752 1893 credente
785 1829 908 1892 militioe
940 1850 1035 1914 quam
1068 1829 1167 1908 domi,
1199 1833 1359 1918 juvenum

295 1937 434 2001 corpora
458 1937 541 1980 esse:
564 1915 666 1979 donec
685 1915 754 1999 ipse
768 1937 894 2002 quoque
916 1914 1094 2002 longinquo
1111 1918 1224 1983 morbo
1239 1929 1286 1983 est
1307 1920 1360 1983 iu·

132 2021 201 2068 'rum
211 2035 275 2069 mor·
298 2001 434 2088 plicitus.
477 2001 510 2068 T
512 2023 573 2068 unc
587 2001 668 2066 adeo
682 1999 773 2066 fracti
788 2001 880 2065 simul
895 2023 967 2066 cum
983 2024 1117 2088 corpore
1138 2020 1211 2068 suut
1226 2003 1359 2089 spiritns

132 2087 344 2152 smstmoreffli
369 2089 499 2166 feroces,
526 2101 570 2167 ut,
597 2087 650 2175 qui
675 2087 754 2151 nihil
778 2101 852 2152 ante
877 2101 963 2152 ratus
988 2102 1067 2153 esset
1094 2089 1199 2155 minus
1219 2092 1359 2180 regium,

297 2198 393 2263 quarn
408 2177 505 2242 sacris
520 2175 637 2240 dedere
651 2175 801 2252 animum,
816 2187 946 2258 repente
965 2175 1112 2240 omnibus
1137 2177 1259 2263 maguis
1280 2200 1359 2263 par-

295 2264 404 2349 sisque
432 2261 706 2350 superstitionibus
735 2261 893 2325 obnoxius
920 2260 1059 2349 degeret,
1086 2259 1359 2352 religionibusque

293 2349 388 2414 etism
403 2349 558 2437 populum
574 2347 718 2432 inpleret.
737 2347 833 2435 vulgo
843 2349 910 2433 jam
927 2347 1070 2414 homines
1084 2371 1157 2413 euru
1174 2363 1288 2416 statum
1305 2373 1358 2415 re-

293 2457 376 2514 rnm,
393 2435 448 2524 qui
463 2435 522 2502 sub
539 2435 646 2500 Numa
660 2457 733 2522 rege
748 2433 859 2510 iuerat,
873 2435 1076 2520 requirentes,
1092 2457 1188 2500 unam
1204 2458 1298 2522 opem
1309 2461 1357 2502 ae-

292 2524 358 2611 gris
373 2522 560 2609 corporibus
576 2521 726 2597 relictam,
750 2521 775 2583 si
794 2543 859 2608 pax
876 2521 1031 2608 veniaque
1045 2522 1086 2586 ab
1100 2522 1171 2587 Diis
1185 2524 1358 2608 impetrata

292 2623 384 2688 esset,
400 2610 581 2675 credebaut.
606 2609 714 2692 lpsum
727 2628 834 2692 regem
850 2608 990 2686 tradunt,
999 2611 1176 2674 volventem
1191 2631 1358 2675 commen·

293 2698 390 2761 tarios
406 2699 535 2772 Numae,
551 2717 649 2781 quum
664 2694 708 2757 ibi
722 2693 868 2778 quiedam
883 2694 1007 2758 occulta
1021 2695 1186 2760 sollemnia
1199 2695 1358 2764 sacrificia

292 2783 366 2848 Jovi
376 2781 480 2848 Elicio
489 2777 963 2864 factainvenisset,⁶¹operatum
973 2779 1022 2844 his
1031 2781 1127 2846 sacris
1136 2783 1355 2851 seabdidiso:

292 2868 347 2934 sed
364 2889 428 2932 nou
441 2868 503 2931 rite
516 2867 630 2932 initum
645 2879 700 2931 aut
716 2877 861 2929 curatum
876 2864 909 2929 id
923 2888 1047 2932 sacrum
1062 2891 1144 2944 esse;
1167 2891 1225 2936 uec
1246 2869 1353 2936 solum

292 2953 414 3020 nullam
429 2953 458 3018 ei
477 2953 616 3018 oblatam
630 2951 808 3017 coelestium
827 2951 973 3034 speciem,
988 2955 1041 3018 sed
1067 2956 1113 3018 ira
1125 2955 1215 3020 Jovis
1236 2955 1356 3022 sollici-

292 3041 350 3106 tati
364 3062 464 3126 prava
473 3039 637 3128 religione,
647 3037 779 3103 fulmine
794 3037 891 3101 ictum
903 3061 974 3104 oum
985 3040 1081 3106 domo
1094 3040 1121 3079 ³¹
1131 3043 1355 3143 conflagrasse.

293 3127 409 3193 Tullus
425 3150 454 3191 m
499 3149 540 3191 na
560 3125 663 3213 gloria
677 3123 752 3188 belli
768 3125 910 3212 regnavit
923 3148 1023 3193 annos
1038 3130 1117 3192 duos
1133 3141 1164 3194 et
1177 3131 1320 3218 trigrnta.

132 3233 267 3281 11.c.1rt.
337 3212 459 3279 XXXI
481 3261 490 3279 .
507 3213 641 3278 Mortuo
656 3210 765 3288 Tullo,
781 3233 842 3290 res,
864 3225 901 3276 ut
920 3213 1101 3278 institutum
1123 3213 1191 3301 jam
1215 3215 1288 3280 inde
1309 3217 1354 3284 ab

130 3297 268 3346 “iffi
291 3300 384 3366 initio
397 3313 475 3378 erut,
498 3299 540 3364 ad
567 3299 673 3364 Patres
699 3298 852 3362 redierat:
874 3297 972 3385 bique
997 3301 1184 3389 interregem
1204 3303 1355 3368 nomina-

130 3399 414 3455 secururs-verant.
430 3410 494 3474 quo
508 3384 636 3450 comitia
646 3383 794 3464 habente,
810 3387 935 3449 Ancum
950 3385 1111 3451 Marcium
1127 3409 1233 3476 regem
1248 3411 1355 3476 popu-

129 3463 271 3576 ffi't'm
292 3476 342 3540 lus
357 3475 493 3540 creavit:
519 3471 629 3536 Patres
646 3469 733 3536 inere
752 3482 907 3536 suctores.
954 3473 1070 3538 Numae
1093 3475 1243 3559 Pompilii
1266 3478 1354 3564 regis

178 3543 213 3576 ¹¹²
293 3583 403 3648 nepos,
426 3559 492 3624 iilia
519 3571 619 3635 ortus,
644 3560 752 3622 Ancus
783 3555 925 3622 Marcius
954 3572 1031 3624 crat.
1061 3561 1126 3648 qui,
1156 3575 1192 3626 ut
1217 3582 1355 3648 regnare

292 3649 401 3734 coepit,
415 3658 448 3714 et
472 3643 564 3710 avitae
577 3645 688 3734 glorias
701 3666 834 3726 memor,
860 3645 982 3732 etquis
1002 3647 1188 3731 proximum
1203 3670 1352 3736 regnum,

325 3813 465 3868 scurrae
477 3817 546 3864 aliter
562 3831 631 3879 quam
646 3831 717 3878 qaum
728 3833 803 3880 grea-
836 3820 906 3866 Anco
924 3819 1016 3866 Marcio
1037 3819 1167 3866 rumori
1188 3820 1241 3880 ejus
1262 3823 1355 3870 adseri-

291 3883 381 3947 dtnerrr]
411 3883 444 3930 lit
462 3895 518 3929 reru
539 3882 592 3929 baec
610 3883 663 3941 ipss
678 3895 717 3929 res
734 3889 802 3932 erat:
836 3884 913 3930 bunte
931 3884 974 3945 qui
992 3889 1088 3944 captato
1105 3889 1223 3944 tempore,
1233 3899 1281 3947 quo
1301 3893 1356 3935 tur-

291 3962 336 3997 nec
345 3949 437 4010 lapides
446 3947 482 3994 iiii
498 3947 631 4007 quidquam
642 3947 719 4005 aliud,
729 3961 804 4008 qusru
837 3948 893 3995 bida
902 3961 931 3994 ac
948 3948 1078 4008 procellosa
1095 3953 1226 4008 tempestus
1241 3951 1354 3998 adradi.

290 4015 383 4074 grando
403 4013 429 4058 in
449 4013 550 4058 modum
569 4018 594 4059 et
610 4012 804 4073 magnitudinem
837 4027 894 4060 nem
905 4013 969 4060 eirca
983 4011 1075 4071 regiam
1091 4011 1191 4071 iecerat,
1203 4027 1261 4061 cum
1279 4015 1353 4076 globo

290 4077 516 4138 lepidumiormsts.
838 4078 972 4125 amicorum
1002 4075 1123 4136 irruperit,
1154 4079 1353 4142 obmrncsusqus

322 4137 525 4204 31⁸0peraram]
545 4141 672 4189 Sacrorum
696 4143 805 4188 verbum.
838 4155 894 4202 rege
912 4154 940 4188 ac
954 4135 1057 4201 conjuge
1074 4141 1175 4201 illisque
1194 4139 1256 4204 ejus,
1267 4145 1352 4205 igna-

290 4205 419 4268 Virgliius‚
430 4207 517 4268 Georg.
530 4205 549 4254 i.
561 4205 617 4254 339.
631 4206 691 4252 letis
700 4209 806 4268 operam
837 4206 929 4266 aliquot
945 4203 1004 4250 locis
1019 4205 1113 4252 edibus
1122 4203 1259 4268 subjecerit.
1269 4223 1298 4256 ac
1309 4211 1352 4256 de-

290 4270 408 4318 tsloerdis.
836 4271 892 4316 inde
910 4269 935 4316 in
953 4268 1040 4330 vulgus
1054 4283 1176 4318 rumorem
1195 4273 1226 4319 ds
1245 4274 1350 4324 fulmine

322 4335 355 4384 st
374 4337 543 4401 Corrfflrgrnsrc]
573 4335 684 4397 Plerique
705 4334 805 4394 scripto·
836 4335 957 4394 sparserit.

290 4409 337 4459 tes,
358 4407 419 4450 teate
429 4401 502 4450 Dion.
517 4402 534 4448 i.
553 4401 601 4450 tu.
618 4401 683 4448 Tulli
700 4405 803 4446 monum
