3034 4916
360 175 416 232 568
711 205 714 213 ·
753 163 864 224 ΤΙΤΙ
896 161 1030 222 LIVil

201 353 231 409 α’
242 357 271 410 0,
282 357 337 407 431,
361 329 463 407 emtis,
489 328 617 414 inpetus
637 325 755 404 semum
775 327 939 414 territique
959 337 1068 391 mutu
1091 337 1248 416 ocgrrntur
1268 343 1366 389 naves
1385 323 1417 388 in

201 424 338 475 oti-8⁰1·
360 416 491 482 alterurn
511 415 614 500 ripam
640 413 741 479 amnis
762 414 953 500 transjicere.
976 427 1007 478 at
1023 414 1055 477 in
1071 425 1155 477 terra
1192 433 1361 497 rospernnr
1376 433 1419 474 re·

361 525 424 654 ppe
438 503 471 566 in
487 502 607 602 palatos
617 500 814 652 fimdiwff
827 499 977 652 proelppn
987 498 1115 650 fueret:1
1129 435 1420 650 reiigionetp‘lbusque

362 599 921 759 ...dirimerit
945 598 1420 758 atisstslsntlss

361 783 499 862 gensque
526 761 736 863 Cleonymum
772 761 834 824 trin
864 758 963 824 millia
996 759 1111 824 abesse.
1164 757 1254 832 Inde,
1286 758 1420 842 captivis

361 869 510 934 proximo
526 867 597 912 rrco
617 849 649 910 in
672 845 846 912 custodiam
862 845 953 922 datis,
976 865 1048 930 pars
1072 843 1240 909 fluviatiles
1257 867 1364 922 navoe,
1380 844 1420 908 ed

361 932 628 1020 superandarada
641 945 824 1019 stagnorum
839 944 912 1018 apte
926 931 1027 1016 planis
1042 930 1139 995 alveis
1153 930 1334 1008 fabricatus,
1347 953 1420 1018 pers

360 1021 488 1106 captiva
500 1018 626 1108 navigia
651 1019 780 1084 armatis
803 1017 976 1102 complent.
997 1017 1191 1105 profectique
1211 1017 1252 1081 ad
1277 1017 1419 1096 classem,

362 1107 527 1172 inmobiles
553 1129 656 1183 naves,
673 1118 704 1170 et
720 1105 790 1170 loca
812 1105 922 1192 ignota
942 1104 1024 1189 plus,
1039 1125 1135 1190 quam
1156 1103 1290 1180 hostem,
1308 1105 1421 1170 timen-

360 1207 420 1271 tes,
435 1192 694 1257 circumvadunt:
717 1191 936 1292 fugientesque
957 1193 992 1292 in
1012 1189 1109 1256 ultum
1128 1193 1241 1292 acrius,
1257 1213 1357 1293 quam
1373 1213 1420 1294 re·

362 1279 1015 1451 ltut²t3stzltf..⁰l.tttt.tltl,
1037 1291 1421 1448 tt‘tttnisstltrtt

358 1453 405 1517 da
425 1450 584 1527 intulerat,
599 1451 736 1516 victores
757 1461 967 1515 revertuntur.
1013 1385 1216 1537 Cleonymus,
1232 1449 1289 1514 rix
1336 1451 1422 1516 uinta

361 1551 453 1624 parte
467 1537 596 1601 narium
615 1537 776 1613 incolumi,
792 1535 879 1600 nulla
893 1537 1022 1624 regione
1037 1537 1132 1601 maris
1148 1473 1335 1602 Hadriatici
1347 1559 1421 1625 pro·

360 1646 454 1711 spere
467 1623 564 1702 adite,
580 1622 731 1688 discessit.
775 1622 893 1686 Rostra
914 1623 1041 1688 narium
1062 1621 1228 1708 spoliaque
1243 1623 1420 1702 Laconum,

360 1713 395 1776 in
415 1710 484 1776 rede
504 1709 639 1774 Jnuonis
654 1709 752 1774 reteri
773 1709 848 1786 fixo,
870 1707 964 1772 multi
986 1721 1165 1794 supersunt,
1185 1709 1240 1795 qui
1263 1710 1421 1776 viderunt.

363 1796 486 1862 Paterii
501 1795 525 1834 ¹¹
533 1807 774 1862 monumentum
785 1794 904 1859 navalis
915 1795 1155 1884 pugnaeeodie,
1192 1809 1420 1886 repugnatum

359 1882 604 2032 eepdquctannip
617 1881 763 1948 sollemni
784 1881 956 1946 nutamine
970 1882 1098 1947 navium
1118 1881 1151 1944 in
1165 1817 1298 1947 dumine
1313 1883 1422 1970 oppidi

360 1989 392 2032 m
437 1989 468 2031 ro
476 1987 587 2032 exerce
603 1989 651 2032 ur.

405 2053 470 2121 111.
495 2053 618 2118 Eodem
638 2073 724 2120 anno
748 2053 862 2117 Romu
882 2073 955 2118 cum
971 2052 1120 2130 Vestinis,
1135 2055 1320 2139 petentibus
1345 2055 1421 2120 sesi-

358 2140 478 2218 citiam,
494 2139 593 2205 ictum
608 2153 657 2205 est
669 2137 787 2204 foedus.
833 2138 1007 2225 Multiplex
1028 2139 1144 2204 deinde
1165 2153 1296 2206 exortus
1310 2155 1421 2208 terror.

361 2226 525 2294 Eucriam
538 2225 702 2302 rebellare,
718 2225 760 2290 ab
771 2225 990 2290 Arretinorum
1005 2225 1212 2291 seditionibus
1232 2241 1325 2293 motu
1339 2243 1418 2308 orto,

358 2313 590 2380 nunciabatur:
614 2311 670 2376 ubi
690 2311 831 2376 Cilnium
853 2335 954 2400 genus
968 2324 1158 2396 prespeteris,
1174 2313 1359 2379 divitiarum
1375 2315 1421 2378 in-

360 2399 444 2464 sidia
464 2399 541 2486 pelli
566 2403 661 2463 armis
681 2409 838 2484 creptum:
861 2397 954 2462 simul
969 2397 1132 2464 ¹¹Morsus
1151 2421 1265 2488 agrum
1281 2401 1313 2464 ri
1328 2401 1419 2480 tueri,

358 2487 526 2637 {titt
542 2485 675 2657 iili.
692 2483 834 2657 ⁰333}
853 2485 1422 2658 ,tistittttt‘rlllll

200 2658 507 2724 mvusrtusVsierius
524 2657 690 2724 Maximus
712 2658 859 2736 dictator,
883 2659 1071 2746 magistrum
1097 2659 1239 2745 equitum
1262 2660 1324 2724 sibi
1347 2660 1422 2749 legit

197 2741 307 2788 istm·
364 2745 414 2810 M.
430 2743 597 2810 AEmilinm
615 2743 771 2810 Paullum.
793 2744 825 2808 id
841 2744 943 2832 magis
956 2743 1061 2822 credo,
1073 2765 1170 2831 quam
1181 2745 1224 2821 Q.
1238 2745 1376 2812 Fabium
1388 2771 1423 2811 es

359 2844 455 2894 estate
472 2843 569 2916 atque
584 2830 628 2894 eis
643 2830 819 2895 bonoribus
834 2829 963 2894 Valerio
984 2829 1171 2916 subjectum.
1193 2831 1371 2898 ”ceterum
1387 2855 1424 2898 ex

361 2915 498 2982 Maximi
513 2918 705 3002 cognomine
723 2929 830 2981 ortum
851 2937 991 2980 errorem
1015 2917 1100 2982 baud
1122 2916 1300 2984 abnuerim.
1348 2919 1424 2985 Pro-

358 3001 461 3067 iectus
487 3003 625 3068 dictator
652 3015 726 3068 cum
752 3002 895 3067 exercitu
912 3002 1038 3088 proelio
1064 3024 1129 3067 uno
1152 3005 1279 3070 Marsos
1305 3005 1422 3074 fundit.

357 3086 532 3174 compulsis
553 3087 670 3154 deinde
692 3091 724 3152 in
745 3088 842 3153 urbes
855 3091 1007 3167 munitas,
1025 3087 1216 3168 Milioniam,
1235 3091 1421 3170 Plestinam,

363 3174 539 3252 Fresiliam,
563 3176 646 3239 intra
670 3175 738 3240 dies
762 3197 881 3262 paucos
904 3176 1004 3262 cepit:
1027 3187 1059 3244 et
1079 3191 1170 3262 parte
1191 3179 1260 3265 agri
1283 3178 1424 3244 multatis

200 3283 329 3332 nmmum
363 3259 483 3326 Marsis
496 3259 602 3326 ioedus
623 3262 769 3327 restituit.
814 3261 900 3325 Tum
919 3264 950 3325 in
967 3261 1117 3327 Etruscos
1138 3285 1266 3328 versum
1289 3263 1422 3332 bellum.

198 3348 298 3396 serrum.
361 3359 404 3424 et,
442 3367 518 3412 uum
533 3347 669 3413 dictstor
683 3348 894 3434 auspiciorum
914 3347 1159 3434 repetendorum
1175 3369 1286 3415 cuusss
1300 3351 1424 3436 profec-

360 3369 574 3500 tusisomsm
596 3447 687 3514 esset,
702 3434 853 3522 magister
874 3434 1028 3521 equitum,
1054 3433 1241 3520 pabulatum
1265 3460 1421 3525 egressus,

394 3685 421 3732 ΙΙ
440 3684 872 3752 Manbaestsmuavsllspagnoe...
905 3687 1120 3754 auersum

358 3749 445 3796 salem
466 3752 591 3798 arrasum
612 3754 708 3802 navium
723 3765 873 3802 ...eruco
937 3755 970 3804 18
987 3757 1095 3804 Ceteram
1105 3769 1134 3804 ar
1145 3755 1267 3822 Massa]
1283 3755 1337 3804 fltc
1352 3771 1421 3822 mag·

359 3813 413 3877 rer]
431 3813 512 3875 Msgls
523 3816 628 3876 placeret
644 3817 732 3863 mmm
749 3822 872 3872 ammes,
905 3821 930 3866 nl
947 3833 1038 3868 errores
1055 3820 1183 3882 implicent
1199 3829 1224 3870 et
1245 3823 1421 3882 nominum,et

355 3883 387 3926 ut
402 3879 568 3926 mosenum
586 3881 875 3943 intelliguturperappc-
905 3891 1060 3946 tempurumr
1080 3888 1144 3933 unde
1162 3893 1187 3932 et
1202 3887 1285 3948 aliqua
1300 3889 1367 3948 errud
1384 3889 1422 3935 1³-

352 3943 470 3990 sidonem
485 3943 586 3992 dictum.
621 3945 686 3994 Nam
702 3959 746 3993 nec
761 3951 826 3994 recte
837 3947 873 3996 di·
906 3949 975 3996 vium
992 3949 1133 3998 obscuritas.
1151 3949 1208 3997 vid.
1221 3951 1345 4012 sigonis
1358 3951 1421 4000 Fast-

357 4007 422 4053 citur
438 4009 604 4056 mmmmm
620 4013 736 4058 eremis
753 4018 778 4056 et
788 4025 873 4071 quen·
907 4013 986 4075 capte
1005 4022 1031 4062 et
1050 4013 1129 4076 l'igbii
1146 4014 1270 4062 Annalem
1288 4016 1332 4076 qui
1349 4019 1420 4064 ambo

357 4071 490 4118 admodum
501 4071 547 4118 boe
557 4073 611 4120 loco
621 4077 744 4134 volumus,
755 4076 790 4123 sle
800 4089 874 4136 supro
905 4091 935 4126 ex
950 4080 1078 4126 raetorum
1102 4080 1247 4141 fragmentis
1267 4081 1422 4128 inserendum

358 4132 452 4190 lelns,
469 4134 488 4180 1.
507 4135 544 4184 18.
556 4143 729 4186 momentum
743 4143 793 4203 ejus
808 4153 873 4202 ,nugs
904 4143 944 4190 hic
955 4157 1047 4190 annum
1060 4157 1137 4191 unum
1152 4151 1263 4202 canunt,
1280 4158 1331 4204 quo
1348 4147 1422 4192 dicta·

355 4201 393 4244 tra
404 4226 411 4241 ·
424 4227 450 4245 ..
463 4199 575 4246 Curetum
585 4201 660 4249 heum
672 4203 825 4264 appellarem.
903 4215 966 4254 toras
989 4208 1040 4256 sine
1062 4209 1202 4256 consulibus
1226 4209 1318 4255 marist
1339 4211 1374 4257 1⁰.
1389 4209 1418 4264 Q.

391 4259 421 4307 12
438 4261 535 4310 Marsos
546 4279 633 4325 ogram
647 4269 671 4312 vt
683 4269 754 4326 tuest,
768 4269 794 4314 tn
804 4283 871 4330 quem
898 4271 993 4319 Fabius
1011 4273 1145 4330 Maximus,
1162 4273 1249 4321 deinde
1262 4273 1301 4322 Μ.
1311 4275 1419 4322 Valerius

358 4327 446 4372 soma
458 4326 562 4374 Carseoli
571 4329 740 4396 mulctasset]
753 4333 807 4379 Vid.
820 4341 870 4381 not.
901 4335 1003 4384 corvus.
