3056 4928
395 195 489 256 aru.
509 197 579 254 vn.
608 149 712 256 c'ae.
733 193 867 274 xxxn.
1060 191 1066 202 ·
1115 198 1172 254 os
1205 153 1209 164 ⁸

116 354 256 424 Romani
274 369 452 444 senatusque
473 361 580 438 cerdis,
595 372 628 426 ut
644 363 752 444 Capua
774 361 847 424 rode
862 359 1078 440 Campanoque
1097 366 1210 442 agrou-
1222 365 1248 412 (ὲ
1260 365 1316 414 ⁴12·

115 445 315 509 abstinerent.
360 447 442 510 Haec
457 445 567 534 legatis
582 447 747 536 agentibus
770 447 803 510 in
830 445 965 510 concilio
981 442 1170 509 Samnitium
1181 434 1211 478 Α·
1223 431 1251 478 ⁰·
1261 429 1317 478 ³⁴⁰·

116 528 196 594 adeo
211 547 258 594 est
272 531 417 596 ferociter
433 555 628 619 responsum,
648 547 684 598 ut
702 555 767 597 non
788 531 888 596 solum
903 543 1045 616 gesturos
1059 549 1091 592 se
1106 551 1173 592 esse

116 614 259 682 dicerent
273 616 305 680 id
321 616 449 695 bellum,
465 619 519 684 sed
540 621 740 707 magistratus
761 639 870 684 eorum
892 641 909 680 e
931 617 1020 681 curia
1044 615 1173 701 egressi,

17 701 20 710 ’
116 701 272 766 nantibus
291 701 411 791 legatis,
426 705 591 789 praelectos
614 705 790 770 cohortium
800 716 972 780 ,vocarent3
996 701 1096 786 iisqne
1109 699 1173 764 cla-

117 809 151 849 ra
168 809 247 853 voce
262 789 463 874 imperarent,
479 803 514 856 nt
529 792 705 876 praedatum
723 792 754 854 in·
770 812 881 878 agrum
904 789 1102 872 Campanum
1118 808 1174 852 ex·

116 887 177 938 tem
201 873 235 938 lo
276 875 533 942 roliciscerentur.

160 895 320 1026 lXmill.
346 961 421 1028 Hac
441 965 596 1052 legatione
621 964 756 1029 Romam
779 963 886 1040 relata,
907 963 1015 1048 positis
1029 963 1172 1026 omnium

116 1045 249 1111 aliarum
279 1069 382 1113 rerum
406 1051 499 1127 euris,
523 1049 643 1124 Patres,
668 1049 826 1116 socialibus
851 1049 892 1115 ad
918 1071 967 1112 res
990 1045 1174 1134 repetendas

117 1133 229 1214 missis,
244 1133 403 1219 belloque,
419 1137 492 1219 qnia
505 1158 569 1199 non
582 1136 797 1212 redderentur,
813 1135 955 1200 sollemni
971 1156 1058 1198 more
1073 1132 1174 1197 indic·

118 1233 161 1295 tn,
176 1219 396 1300 decreverunt,
413 1237 445 1285 nt
461 1222 566 1307 primo
580 1245 706 1309 quoque
725 1237 867 1306 tempore
875 1221 915 1286 de
924 1243 961 1285 ea
970 1244 1004 1284 re
1018 1219 1059 1284 ad
1071 1241 1174 1369 popu·

118 1303 184 1368 lum
207 1305 357 1370 ferretur:
375 1308 527 1395 jussuque
552 1309 662 1393 populi
688 1309 831 1373 crrnsules
854 1309 947 1372 ambo
962 1327 1034 1370 cum
1049 1307 1114 1370 cluo
1138 1325 1174 1370 ns

116 1391 158 1454 ab
172 1394 252 1456 urbe
265 1395 455 1458 exercitibus
474 1393 616 1480 profecti,
634 1394 779 1458 Valerius
802 1394 835 1457 in
857 1393 1076 1478 Campaniam,
1093 1391 1174 1456 Cor-

117 1476 217 1540 nelius
233 1477 264 1540 in
283 1479 459 1560 Samnium,
475 1479 576 1546 illaad
599 1494 737 1544 montem
754 1481 909 1557 Gaurum,
926 1479 977 1542 hic
992 1479 1031 1542 nd
1050 1478 1278 1543 Sation-tenum

117 1563 179 1629 lam
193 1577 297 1628 castra
313 1583 445 1646 ponunt.
493 1565 594 1630 Priori
613 1565 739 1630 Valerio
756 1567 944 1631 Samnitium
963 1565 990 1629 le
1014 1567 1101 1629 iones
1121 1548 1320 1661 (comm

116 1671 254 1736 namque
278 1673 406 1714 omnem
429 1651 501 1716 belli
524 1654 638 1716 molem
664 1652 884 1716 inclinaturam
912 1588 1094 1732 nauseabant)
1116 1627 1208 1714 ob·m

115 1749 260 1801 currunt.
283 1736 376 1800 simul
400 1739 431 1801 in
457 1739 638 1823 Campanos
664 1737 847 1804 stimulabat
872 1739 929 1816 ira,
948 1751 1009 1802 tarn
1033 1751 1176 1822 promtoc

118 1845 203 1888 nunc
228 1822 268 1887 ad
295 1821 433 1900 ferenda,
451 1847 535 1888 nnnc
560 1825 601 1889 ad
623 1826 806 1890 arcessenda
821 1825 969 1889 adversus
991 1847 1024 1888 se
1046 1822 1174 1888 auxilia.

121 1907 166 1975 Ut
183 1931 257 1974 vero
272 1923 373 1974 castra
398 1910 544 1976 Romana
560 1911 714 1989 viderunt,
730 1910 875 1976 ferociter
900 1933 959 1996 pro
984 1933 1016 1976 se
1042 1910 1176 1997 quisque

115 1995 243 2081 signum
259 1996 355 2060 duces
369 2019 507 2080 poscere,
523 1996 702 2075 adfirmare,
718 1997 827 2062 eadem
847 1997 977 2062 fortuna
995 1999 1175 2063 llomnnum

5 2109 6 2112 ¹
119 2081 288 2166 Campano
313 2082 449 2146 laturum
472 2106 576 2166 opem,
592 2107 654 2169 qna
680 2083 862 2168 Campanus
889 2084 1032 2148 Sidicino
1058 2083 1175 2148 tulerit.

119 2168 275 2245 Valerius,
291 2168 410 2233 levibus
425 2169 659 2246 certaminibus
675 2169 817 2233 tentandi
842 2171 939 2232 liostis
959 2191 1077 2245 mussa,
1090 2167 1176 2234 hand

5 2283 6 2292 ¹
119 2255 163 2318 ita
184 2253 301 2319 multos
324 2267 465 2319 moratos
488 2255 564 2332 dies,
580 2257 604 2319 si
630 2277 703 2318 num
726 2277 843 2339 pugnae
869 2257 1044 2339 proposuit,
1069 2255 1177 2336 paucis

117 2363 189 2406 suos
205 2339 406 2405 adhortatus:
436 2341 482 2406 Ne
495 2279 721 2406 novamiellnm
744 2363 794 2404 eos
809 2353 958 2424 nouusque
971 2342 1064 2404 hostis
1079 2350 1173 2404 terre
1184 2357 1274 2405 conen
1291 2357 1340 2415 na-

118 2437 173 2491 ret.
196 2429 349 2512 quidquid
361 2427 401 2490 ab
415 2427 488 2490 urbe
501 2429 619 2512 torigius
639 2427 815 2512 prrffmreat
829 2449 927 2502 arnna,
944 2429 1042 2510 magis
1062 2428 1340 2534 magis-3wffi1W

119 2535 174 2596 qne
189 2515 222 2576 in
235 2513 359 2578 inbelles
368 2522 474 2596 gentes
485 2535 533 2578 eos
544 2516 682 2596 prodire.
722 2513 771 2575 Ne
785 2514 989 2578 Sidicinorum
1002 2514 1175 2595 Campano·
1185 2499 1339 2598 hossmffm

118 2621 241 2684 remque
259 2599 396 2664 cladibus
414 2601 595 2664 Samrritinm
615 2601 801 2664 aestimarent
821 2600 970 2662 uirtutem.
993 2600 1175 2684 paleamn-

119 2708 174 2768 qne
189 2690 271 2748 r'nter·
284 2707 316 2748 se
337 2687 532 2762 certaverint,
548 2707 662 2750 necesse
671 2685 776 2770 finisse
789 2687 919 2748 alterum
937 2695 1060 2767 partem
1085 2685 1175 2748 uinci.

121 2773 294 2854 Campanos
308 2773 426 2854 quidem
440 2772 525 2834 haud
538 2771 627 2835 dabie
641 2773 738 2856 magis
752 2773 848 2834 nimio
859 2769 1108 2860 Iueafluentibus
1128 2793 1176 2833 re-

120 2857 172 2922 bus
185 2859 377 2941 mollitiaque
390 2879 456 2933 nra,
469 2879 558 2941 qnam
573 2860 606 2922 ni
618 2859 759 2936 hostium,
774 2860 867 2922 uictos
881 2878 951 2921 esse.
979 2858 1065 2933 Quia
1077 2867 1176 2920 antem

120 2965 180 3008 esse
204 2945 266 3006 duo
285 2965 439 3026 prospera
454 2945 488 3006 in
501 2953 547 3007 tot
560 2946 667 3007 secedis
682 2944 760 3006 bella
776 2945 960 3010 Samnitium
975 2946 1119 3008 adnerms
1131 2954 1177 3007 tot

120 3031 228 3092 deamo
238 3031 352 3112 populi
363 3029 507 3106 Romam,
524 3032 578 3113 qui
587 3031 755 3113 triumphos
765 3051 845 3112 pene
854 3030 970 3112 plures,
983 3052 1071 3114 quam
1081 3049 1178 3094 arreins

121 3115 159 3178 ab
173 3115 392 3190 asbscondita,
408 3121 569 3179 numeret?
593 3117 647 3198 qni
657 3117 759 3180 omnin
773 3119 856 3179 circa
871 3139 912 3193 se,
925 3117 1064 3192 Sabinos,
1080 3119 1177 3180 Etru-

120 3203 210 3277 riam,
227 3201 371 3277 Latinos,
389 3201 552 3277 Hernicos,
574 3201 703 3285 AEquoS,
723 3201 852 3276 Volscos,
870 3203 1041 3279 Anmncos,
1062 3204 1178 3266 domita

120 3289 215 3352 armis
224 3286 363 3350 habeat?
379 3288 433 3372 qui
446 3285 473 3326 ⁵⁰
484 3287 603 3360 Gallos,
616 3296 660 3350 tot
667 3289 791 3368 praeliis
801 3307 900 3364 caesos,
909 3299 1061 3370 postremo
1071 3289 1103 3350 in
1114 3310 1178 3350 ma·

119 3395 153 3436 re
166 3395 204 3436 ac
219 3373 399 3458 mnesfirge
413 3375 617 3456 compulerit?
644 3373 743 3449 Quum
753 3375 860 3456 glorio
874 3373 947 3436 belli
956 3395 993 3436 ac
1003 3375 1113 3437 uirtute
1122 3396 1178 3436 san

121 3480 263 3544 quemque
272 3459 380 3544 fretos
395 3460 441 3522 ire
456 3460 489 3522 in
504 3461 599 3522 aciem
622 3459 738 3535 ileliae,
754 3469 816 3522 tam
836 3459 929 3521 etiam
956 3461 1080 3535 intueri,
1096 3459 1179 3543 cujas

121 3546 212 3610 ductu
225 3545 419 3629 asapieioqae
433 3546 567 3609 ineunda
576 3565 685 3630 pugna
700 3547 751 3610 sit.
773 3543 908 3608 ⁶1atrum
933 3546 987 3628 qui
1009 3547 1179 3608 andiendus

119 3631 274 3704 dumtaxat
288 3631 464 3716 magnificia
477 3631 660 3696 adhortator
673 3633 724 3709 sit,
741 3630 840 3698 uerbis
854 3639 972 3696 tantum
983 3630 1094 3716 serae,
1108 3651 1179 3715 epe-

152 3849 185 3899 60
201 3849 449 3902 Gallae...lnmarc
466 3871 493 3901 ac
510 3853 633 3928 παυσαίμ-
666 3855 763 3930 qnldem
776 3853 877 3930 exponis
895 3848 1093 3928 nmnniseujns
1104 3853 1179 3924 ductu

118 3915 408 4042 dalllfflld‘ii‘
422 3919 636 4044 initiat:
666 3917 947 4041 llilldilllmi'illlff
963 3930 1044 4041 tlt:
1060 3922 1180 4027 tint·

119 4044 182 4090 dunt
196 4043 290 4092 dietum
306 4047 593 4094 manuducendus
608 4048 634 4093 ln
666 4053 762 4093 tantum
780 4047 852 4092 umba
876 4045 935 4104 sint,
954 4057 1002 4090 non
1024 4043 1099 4090 etiam
1116 4045 1181 4090 tacta

121 4119 187 4154 marc
203 4121 232 4153 ac
249 4121 324 4156 carco
335 4113 474 4170 compulsis.
509 4111 568 4158 ttae
578 4125 635 4158 eon-
667 4112 804 4172 spectanda.
837 4109 1038 4156 Multumtamcn
1058 4108 1181 4155 blanditur

121 4172 232 4217 renuent
248 4173 326 4234 magis
344 4175 369 4221 in
385 4175 493 4234 Graecos,
505 4177 635 4237 dequibus
668 4175 827 4221 Freinshemii
849 4169 1000 4236 conjecturor
1022 4171 1119 4232 Utrum,
1142 4174 1182 4234 qul

122 4245 204 4294 supra,
219 4249 240 4282 c.
257 4236 295 4284 2&
328 4237 636 4302 Omninodiqnldhicect
667 4239 765 4285 audendi
787 4239 900 4284 duataeat
921 4235 1059 4299 magrrlstcur
1074 4236 1182 4284 aduma-

122 4297 185 4355 vini,
195 4305 239 4346 unt
250 4300 314 4348 Livii
325 4303 385 4350 laen
395 4305 495 4352 incuria.
669 4307 705 4350 tor
715 4304 754 4350 sit.

154 4362 183 4407 st
208 4363 304 4424 nim,
325 4367 368 4428 qni
387 4366 525 4431 nauata]
555 4367 637 4416 l’otcct

166 4443 237 4490 rou.
255 4448 280 4494 r.
712 4431 762 4494 rs
