3056 4928
342 179 400 242 416
712 179 841 240 ‘TlTl
872 179 1007 241 LlVll

182 363 212 412 u.
222 362 250 413 c.
260 360 316 412 aar.
343 340 480 408 Romani
550 341 570 420 i,
582 363 676 429 quam
690 339 897 422 Privernates,
910 341 1065 409 Veliterni
1077 339 1202 416 minda,
1214 339 1393 408 incursione

181 427 317 478 ΜΝ·
341 430 506 513 repentina
528 441 668 494 cccrunt.
711 427 835 494 Eodem
845 449 931 495 enno
944 428 1169 504 “duectribua
1184 426 1393 512 ⁸'Pomptina

341 527 373 579 et
385 513 412 552 ⁹⁰
422 513 566 591 Publilia,
582 513 709 580 additae
745 514 770 554 ⁹¹
781 514 865 580 Ludi
876 517 983 592 votivi,
999 537 1078 601 quos
1094 513 1144 579 Μ.
1161 514 1278 580 Furius
1292 514 1392 580 dicte·

180 612 392 664 rexnam-tor
405 611 545 676 voverat,
560 599 650 665 iacti:
673 599 760 666 etde
774 599 893 666 ambitu
908 601 950 667 ab
966 601 1005 666 (l.
1021 600 1153 666 Poetelio
1175 599 1308 665 tribuno
1327 600 1392 684 ple·

179 679 298 726 usuam
340 677 412 762 bis,'
423 686 602 752 auctoribus
624 687 778 765 Patribus,
794 699 862 751 tum
887 690 1026 774 primum
1048 687 1089 751 ad
1114 686 1269 772 populum
1292 685 1393 752 latum

178 755 288 853 pnsum
340 785 402 836 est:
425 793 522 858 eaque
536 793 573 838 ro
614 773 700 838 tione
722 795 874 838 uovorum
897 773 1038 838 maxime
1053 773 1221 838 hominum
1243 772 1391 838 ambitio-

338 879 424 935 nem,
439 859 494 944 qui
507 880 572 923 nun
598 859 665 934 'nas
678 872 710 924 et
723 858 967 924 ”conciliabula
981 859 1070 924 obire
1084 858 1168 924 soliti
1187 871 1291 940 erant,
1305 881 1395 924 eom·

338 965 476 1030 pressam
487 943 668 1010 credebaut.

178 1034 313 1084 U·⁰³⁹⁸-
382 1030 474 1096 XVI.
497 1030 598 1096 Heud
625 1053 715 1116 reque
742 1031 815 1098 lucta
847 1031 991 1098 Patribus
1021 1033 1194 1133 insequenti
1224 1053 1320 1109 auno,
1353 1031 1393 1096 C.

178 1099 313 1212 ssssffiss
340 1115 476 1194 Marcio,
493 1116 554 1182 Cn.
570 1116 695 1182 Manlio
710 1118 899 1197 consulibus,
915 1119 990 1184 ⁹ide
1004 1119 1146 1183 onerario
1166 1117 1292 1182 foenore
1306 1141 1327 1182 a
1342 1116 1393 1182 M.

177 1197 322 1278 cenaui
341 1201 461 1280 Duilio,
485 1203 524 1268 L.
541 1202 665 1270 Moenio
687 1205 821 1269 tribunis
842 1205 942 1291 plebis
964 1205 1087 1291 rogatio
1115 1217 1161 1268 est
1185 1202 1324 1288 perlata:
1359 1215 1393 1269 et

177 1291 212 1339 11.
224 1293 291 1341 ΟΜ·
337 1287 425 1374 plebe
439 1287 600 1376 aliquanto
614 1313 682 1355 eam
703 1290 849 1374 cupidius
863 1291 955 1356 scivit
968 1292 1160 1376 accepitque.
1203 1287 1395 1354 “Aduena

336 1395 428 1453 nova,
444 1375 549 1476 priore
569 1397 653 1441 anno
678 1376 842 1454 destinate,
865 1376 977 1442 Falisci
1000 1398 1126 1463 quoque
1147 1375 1253 1440 hostes
1275 1375 1393 1454 exorti,

335 1459 454 1546 duplici
474 1462 621 1528 criminer
644 1463 730 1550 quod
743 1475 775 1528 et
790 1483 860 1527 cum
878 1463 1161 1550 Tarquiniensibus
1175 1464 1325 1548 juventus
1337 1485 1394 1528 eo·

336 1567 408 1611 rum
431 1546 617 1614 militaverat
624 1572 634 1625 ς
668 1562 699 1613 et
727 1571 791 1626 eos,
815 1550 868 1635 qui
894 1548 1031 1614 Falerios
1052 1549 1141 1634 perfu
1183 1559 1264 1624 rant,
1292 1569 1392 1634 quum

336 1631 417 1697 male
442 1645 616 1720 pugnatum
646 1647 702 1712 est,
727 1634 939 1718 repetentibus
963 1634 1121 1700 socialibus
1200 1632 1303 1698 manis
1328 1657 1394 1700 non

336 1717 547 1786 reddiderant.
592 1719 641 1786 Ea
662 1720 824 1806 provincia
846 1719 907 1785 Cn.
924 1719 1050 1786 Manlio
1071 1719 1217 1786 obvenit:
1248 1719 1394 1787 Marcius

334 1805 503 1870 exercitum
518 1806 552 1870 in
567 1827 679 1892 agrurn
696 1805 918 1884 Privernatem,
934 1809 1091 1895 integrum
1105 1828 1183 1893 pace
1203 1806 1393 1896 longinqua,

174 1895 292 1974 Beuum·
335 1889 481 1955 induxit:
515 1890 708 1978 militemque
732 1891 843 1977 praeda
871 1893 1011 1978 inplevit
1056 1892 1109 1958 Ad
1134 1893 1256 1978 copiam
1283 1913 1391 1958 rerum

173 1959 317 2072 ἓξὲξ
335 1975 459 2042 addidit
472 1977 728 2056 munificentiam,
745 1977 842 2064 quod,
857 1978 936 2044 nibil
956 1979 989 2042 in
1003 1978 1167 2064 publicum
1186 1979 1392 2058 secernendo,

174 2089 321 2136 eumenus
337 2063 465 2150 augenti
479 2085 544 2128 rem
560 2064 714 2150 privatam
728 2065 820 2130 militi
842 2065 926 2129 favit.
974 2063 1175 2130 Privernates
1196 2087 1297 2150 quum
1318 2081 1393 2132 ante

175 2151 329 2228 erremus
337 2149 454 2214 moenia
471 2172 528 2214 sua
549 2152 657 2214 cestris
671 2150 856 2236 permunitis
875 2151 1104 2228 consedissent;
1127 2151 1245 2216 vocatis
1259 2150 1301 2215 ad
1315 2173 1394 2216 con-

175 2216 241 2264 ''ffl'
337 2235 459 2300 cionem
481 2235 642 2314 militibus,
660 2239 772 2303 Castra
793 2259 881 2314 nunc,
897 2236 1009 2324 inquit,
1025 2238 1108 2304 vobis
1121 2239 1259 2315 tadum,
1274 2238 1394 2302 urbem·

336 2343 392 2406 que
400 2325 520 2406 praedae
533 2325 583 2402 do,
597 2325 627 2387 si
640 2325 716 2388 milri
724 2325 923 2406 pollicemini,
938 2325 1126 2408 perfortiter
1139 2324 1172 2387 in
1186 2325 1254 2388 acie
1268 2345 1394 2407 operam

334 2409 510 2486 nauaturos,
522 2431 576 2474 nec
584 2411 703 2492 praedae
716 2411 822 2494 magis,
835 2429 924 2492 quom
933 2431 1058 2494 pugne,
1065 2419 1197 2494 paratos
1207 2431 1280 2475 csse.
1319 2409 1392 2512 sig-

335 2515 412 2560 num
428 2509 564 2579 poscunt
577 2495 698 2582 ingenti
714 2495 867 2560 clamore:
890 2494 1062 2582 ⁰⁶celsique
1076 2507 1108 2560 et
1121 2517 1176 2580 spe
1190 2494 1392 2562 hauddubie

334 2577 453 2647 seroces
466 2581 500 2646 in
515 2581 666 2665 proelium
683 2581 810 2646 vadunt.
855 2579 906 2644 Ibi
920 2594 994 2646 ante
1007 2583 1096 2668 sigua
1110 2581 1184 2646 Sex.
1196 2580 1335 2662 Tullius,
1350 2583 1392 2648 de

335 2688 400 2752 quo
420 2681 494 2732 ante
514 2667 633 2732 dictuur
649 2679 705 2744 eat,
721 2666 894 2732 exclamat:
917 2669 1061 2751 Adspice,
1079 2669 1259 2751 Imperator,
1275 2667 1391 2755 inquit,

334 2755 576 2836 qumadnodrm
591 2757 738 2818 exercite
758 2763 826 2818 bots
847 2753 906 2816 tibi
924 2757 1077 2836 promissa
1093 2763 1239 2836 praeut.-
1262 2753 1393 2841 piloque

334 2837 448 2922 posito,
464 2840 572 2904 stricto
590 2838 695 2926 gladio
716 2839 749 2902 in
771 2839 893 2904 bostem
916 2839 1058 2926 inpetum
1077 2839 1160 2928 iacit.
1205 2840 1391 2928 Sequuntur

365 3043 398 3092 88
414 3045 476 3092 Dec
496 3045 568 3092 trtius
579 3078 587 3094 .
637 3078 645 3094 .
655 3044 751 3109 odditnj
778 3045 844 3094 Tum
875 3045 990 3094 maxime
1005 3045 1072 3094 fuere
1086 3045 1150 3106 apud
1161 3049 1255 3090 veteres
1266 3041 1391 3089 Rcmsoos

333 3117 426 3168 septem
440 3117 465 3158 et
487 3111 573 3172 viginti
591 3112 667 3158 tribus
689 3111 760 3158 iacta
779 3117 843 3158 suut.
875 3125 964 3160 ususc-
996 3111 1102 3158 liinores
1118 3123 1173 3156 eam
1189 3108 1392 3154 hubentadccn·

334 3174 443 3222 mevi.
455 3175 570 3235 ssupn.
876 3177 974 3222 tesimrs
984 3176 1193 3234 rationemquem
1201 3169 1392 3230 habeotportio-

365 3237 398 3286 89
420 3237 558 3302 Pomptino]
592 3239 688 3288 Nomen
725 3240 798 3286 traxit
829 3251 844 3285 a
876 3253 919 3286 nes
930 3241 989 3286 assis
1005 3240 1036 3286 ad
1051 3239 1166 3286 enacmin
1177 3235 1262 3283 uncias
1276 3235 1391 3282 distn'bu-

334 3302 463 3366 l’omptiuo
484 3317 541 3366 agro
563 3319 636 3368 prope
652 3299 736 3354 rirbem
759 3303 845 3350 Pome-
876 3309 938 3350 tum.
972 3303 1110 3364 lliuesrepe
1124 3301 1216 3348 mentio
1233 3301 1299 3360 rpud
1316 3300 1392 3360 scrip·

333 3369 401 3418 tiam.
876 3373 940 3414 tores
955 3368 1058 3416 occurrit
1068 3369 1098 3414 de
1109 3366 1225 3419 bessibus,
1238 3365 1390 3421 semissibus,

364 3434 396 3482 90
413 3434 528 3499 Petere]
545 3435 613 3484 Alias
624 3433 735 3494 Popillia.
763 3429 844 3494 liujus
876 3432 1018 3481 &usuris
1053 3431 1163 3478 Undariu
1177 3430 1252 3489 igitur
1269 3435 1391 3475 usumut

333 3501 514 3564 nominison'go
525 3504 741 3562 pammeertaest.
875 3497 1017 3544 duodecima
1046 3507 1102 3556 pars
1134 3493 1282 3546 centesimee,
1312 3505 1389 3554 quum

365 3565 394 3612 91
414 3565 495 3612 Ludi.
509 3577 601 3625 ..paor
616 3563 658 3610 M.
667 3561 770 3624 Furius]
787 3561 844 3609 vid.
876 3573 953 3608 unum
962 3573 1005 3620 pro
1012 3559 1119 3607 centenis
1129 3558 1153 3604 io
1166 3569 1258 3604 annum
1267 3557 1390 3615 penditur.

333 3635 382 3674 not.
394 3629 433 3676 88.
442 3632 473 3678 ad
485 3644 505 3677 c.
517 3627 556 3678 tr.
568 3629 585 3675 l.
598 3628 642 3675 Vl.
878 3627 936 3672 lice
953 3625 1007 3671 iure
1023 3625 1122 3686 probata
1133 3625 1236 3682 reperies
1247 3621 1313 3680 opud
1330 3620 1390 3666 Gro-

365 3691 397 3740 92
414 3691 581 3765 Concuteret]
606 3693 671 3738 Loca
691 3691 764 3751 paulo
781 3691 843 3738 cele·
875 3687 1222 3744 noviumblll.dei'ec.vet.
1235 3683 1309 3760 cla
1343 3683 1390 3732 οο-

332 3757 456 3816 briomin
467 3759 554 3820 qurlrua
566 3771 609 3818 Jus
620 3757 694 3803 etiam
712 3755 843 3802 dicebatur.
874 3761 954 3801 terum
971 3752 1034 3798 hane
1051 3752 1128 3811 legem
1139 3751 1169 3796 de
1181 3749 1289 3794 nuriano
1300 3748 1391 3794 §miore

332 3823 473 3872 viarum.
485 3824 500 3869 l.
513 3823 533 3870 l.
546 3823 646 3870 Advers.
657 3833 678 3866 c·
691 3819 731 3866 ll.
875 3816 988 3867 muricis
998 3815 1125 3864 duodecim
1136 3813 1224 3860 tubulis
1231 3811 1334 3860 recisus
1346 3811 1390 3858 v1.

365 3887 398 3936 93
413 3889 451 3936 Dc
472 3887 576 3933 andos-io
593 3883 708 3948 funerei,
725 3882 791 3936 Quid
811 3883 844 3928 sit
875 3881 1023 3930 Anno-16.

332 3953 468 3999 unciarium
487 3953 575 4005 frenus,
594 3950 657 3996 clere
678 3955 703 3995 et
724 3948 845 4007 eleganter
907 3938 1182 4006 94⁸Adtetu1tretius
1193 3942 1331 4000 legeretur:
1349 3939 1390 3988 Ar

331 4018 431 4076 exponit
443 4013 556 4078 Dujrtiur
567 4014 661 4062 hisiere
672 4013 759 4059 verbis.
781 4012 843 4058 Uarr·
875 4010 931 4057 della
940 4011 1019 4070 priore
1029 4021 1089 4054 oeno
1098 4007 1221 4064 mm,
1233 4003 1326 4050 Falisci
1334 4019 1392 4066 qao-

330 4095 365 4128 rre
393 4081 541 4138 centesima,
563 4079 651 4139 quibus
677 4079 703 4124 in
728 4082 842 4124 centenos
874 4072 1148 4136 quscvilrortcrerurti.

330 4157 445 4192 nummo·
464 4158 527 4191 unus
546 4157 588 4203 per
609 4142 717 4204 singulos
738 4153 842 4195 menses,
908 4136 1043 4199 evectis]
1062 4136 1139 4184 illatis
1157 4133 1255 4181 animis.
1289 4131 1329 4179 Sic
1340 4133 1390 4180 iere

329 4208 456 4258 duodecim
476 4209 575 4268 proinde
591 4220 633 4266 per
649 4206 843 4266 singulosrnncs
877 4203 963 4252 lieret.
979 4204 1010 4250 A.
1023 4201 1050 4248 P.
1063 4216 1086 4250 v.
1103 4199 1158 4248 842
1175 4198 1228 4246 ruisi
1239 4227 1266 4245 .·
1278 4225 1286 4244 ι
1298 4197 1389 4246 .Rn·

329 4275 478 4337 penduntur,
488 4284 602 4318 mensure
612 4277 670 4317 sunt
685 4271 844 4330 reliquarum,
875 4282 921 4316 ner.

330 4349 354 4388 et
373 4336 492 4390 funebris,
512 4343 539 4382 ut
556 4335 590 4381 ita
609 4336 698 4390 dicam,
718 4336 762 4380 Aa.
795 4333 842 4380 lise
