3032 4924
449 239 542 301 riu
565 239 601 301 v.
630 240 734 302 cnr.
758 235 843 300 xxi.
1117 247 1176 328 sis

122 403 235 492 diguus,
256 405 459 492 inaequalem,
476 403 683 472 inoonsuitam
697 425 843 492 urguens,
856 405 883 467 si
898 403 994 470 semel
1012 404 1099 470 nesus
1118 405 1179 470 du·
1187 421 1218 470 υ.
1230 421 1256 470 c.
1269 419 1339 468 sss.=

121 505 233 570 cenent,
250 505 377 577 captam
394 513 435 558 ex
452 491 592 558 hostibus
613 493 646 557 iu
668 493 781 558 aersrio
795 491 951 557 exhausto
973 490 1062 556 bellis
1082 489 1217 578 pecu·A
1228 489 1255 534 ⁰·
1266 486 1324 534 ³⁹³

121 578 203 642 uiam
228 603 306 660 esse,
330 592 441 644 auctor
455 592 521 644 oret
536 577 685 663 stipendii
701 599 744 644 ex
762 579 948 664 eapecunia
963 577 1054 642 militi
1070 601 1180 644 nume·

120 667 219 741 randi,
235 679 272 730 ut
290 687 331 730 eo
348 667 452 730 minus
465 665 574 730 tributi
595 665 701 751 plebes
722 665 897 730 conferrete
920 664 999 750 Ejus
1013 669 1093 730 enim
1108 669 1182 730 doni

120 753 290 818 swietotern
311 775 453 818 sensuras
470 753 630 836 equaliter
644 754 775 818 omnium
790 755 910 817 domos.-
932 774 993 816 non
1016 755 1127 818 auidos
1148 755 1182 816 in

120 838 308 921 direptiones
322 861 432 905 monio
445 841 606 904 otiosorum
620 839 803 904 inhonorum
822 850 1035 922 praerepturor
1045 840 1183 925 firrtiuns

121 922 297 990 bellatorum
307 926 443 1008 praemia
457 947 539 990 esse:
562 947 650 1010 quum
665 926 820 1010 itafernse
833 929 964 1002 eueniat,
979 925 1048 990 ⁷⁹ut
1061 929 1184 1012 segnior

119 1011 159 1074 'sit
168 1013 345 1093 praedator,
365 1022 400 1076 ut
413 1013 536 1096 unisque
550 1011 666 1076 loboris
674 1014 867 1096 perimdique
875 1013 1065 1095 precipuum
1076 1023 1183 1096 petere

113 1107 234 1180 purtem
250 1099 360 1164 soleat.
405 1097 549 1162 Licinius
568 1115 691 1175 contro,
707 1109 872 1182 suspectam
884 1109 914 1163 et
926 1101 1055 1164 invisam
1066 1121 1184 1182 smper

117 1184 1184 1356 {it-,tititstffltibtitttrtttttititte

701 1315 710 1346 ‚
926 1318 934 1334 .

118 1377 183 1433 esse,
199 1358 408 1422 reconciliari
421 1378 456 1420 eo
470 1359 549 1421 dono
566 1359 668 1440 piebis
680 1359 821 1422 animos.-
844 1359 998 1422 endomtir
1012 1368 1104 1442 atque
1117 1359 1184 1422 eni·

118 1445 241 1508 noritis
255 1443 372 1508 tributo
386 1453 431 1507 tot
445 1465 593 1508 annornm
607 1445 765 1510 usbon-ri.-
789 1453 819 1510 et
831 1446 945 1509 sentire
963 1447 1082 1528 praedoe
1088 1445 1184 1530 fiuc-

118 1537 177 1594 tsns
187 1529 378 1603 exeobeltm
391 1530 494 1614 inquo
502 1551 603 1613 prope
613 1532 833 1596 consenuerint.
844 1533 968 1616 gratius
979 1533 1014 1595 id
1014 1531 1094 1615 fore
1104 1532 1185 1596 iett-

119 1636 223 1701 usqsoe,
240 1617 322 1701 quod
335 1617 461 1700 quoque
472 1637 529 1682 esso
542 1637 634 1680 monn
648 1639 685 1682 es
703 1618 787 1682 horte
800 1627 920 1700 coptum
935 1621 1052 1682 domum
1072 1619 1185 1682 reinle-

120 1705 170 1782 rit,
185 1725 285 1789 quom
305 1703 508 1785 sinultiplee
521 1705 650 1768 alterius
663 1704 798 1768 arbitrio
811 1705 957 1787 accipiat.
999 1705 1106 1788 Ipsum
1120 1706 1187 1768 dio·

119 1797 254 1856 tutorem
265 1788 409 1874 ⁸⁰frigere
422 1791 572 1854 inuidiam
586 1811 625 1854 ee
638 1811 673 1855 eo
692 1791 890 1875 criminaque.
913 1813 951 1856 eo
969 1793 1122 1877 delegasse
1142 1794 1188 1856 ad

119 1887 271 1942 mnodum,
314 1876 458 1942 Senatum
473 1897 588 1960 qnoque
602 1877 709 1942 debere
721 1875 863 1960 rejectum
877 1899 939 1942 rens
953 1881 997 1942 od
1009 1900 1042 1942 se
1054 1879 1187 1962 permit·

120 1971 181 2028 tere
191 1963 295 2046 plebi,
310 1985 348 2026 oc
357 1964 432 2045 pati
445 1963 566 2040 habere,
579 1965 660 2046 quod
668 1964 853 2048 enimsesors
864 1964 936 2030 belli
946 1967 1075 2029 dederit.
1100 1964 1186 2030 Haeo

120 2049 222 2114 tutior
247 2049 315 2112 viss
340 2049 496 2114 sententio
518 2061 575 2127 est,
591 2071 662 2133 quio
683 2049 870 2136 popularem
892 2063 1035 2116 senatum
1057 2049 1185 2116 faceret

121 2134 276 2200 Edictum
292 2135 398 2220 itaque
411 2147 469 2211 est,
486 2133 527 2200 od
541 2134 683 2219 prodam
699 2136 872 2218 Veientem,
888 2137 1003 2223 quibus
1014 2137 1185 2216 videretur,

119 2221 151 2286 in
166 2237 278 2286 castro
291 2219 333 2286 ud
346 2221 533 2287 dictatorem
548 2221 834 2306 proficiscerentur.

162 2305 273 2373 xxi.
286 2307 403 2394 lugens
413 2307 554 2394 profecta
563 2306 735 2374 multitudo
747 2306 879 2393 replevit
887 2319 998 2374 ostro
1023 2307 1108 2373 Tum
1118 2309 1185 2374 dio-
1193 2331 1312 2380 virorum

120 2406 218 2472 tutor,
234 2394 398 2476 auspicato
412 2417 563 2482 egressus,
576 2415 673 2481 quum
686 2395 846 2471 edixisset,
864 2405 899 2459 ut
910 2415 996 2459 arms
1009 2395 1123 2459 milites
1134 2398 1323 2461 ,maxumum-

120 2492 250 2565 perent,
271 2481 336 2546 tto
347 2483 446 2558 ductu,
462 2481 576 2567 inquit,
596 2483 723 2566 Pythice
737 2480 860 2563 Apollo,
877 2491 986 2565 tuoque
1000 2483 1122 2545 nornine
1136 2485 1186 2548 in-

121 2572 253 2634 stinctus
259 2589 358 2652 pergo
368 2570 412 2632 od
419 2570 576 2632 delendum
586 2569 687 2632 urbem
700 2569 802 2633 Veios:
813 2568 929 2651 tibique
938 2569 1011 2631 hine
1021 2569 1187 2632 deminum*

115 2665 244 2740 portem
253 2657 374 2737 praedae
387 2675 485 2720 oooeo.
513 2655 557 2719 Te
566 2657 665 2730 simoi,
679 2656 764 2722 duno
774 2655 909 2738 Regino,
926 2675 994 2738 quae
1004 2676 1083 2718 nunc
1099 2655 1188 2721 Veios

95 2803 99 2811 ,
120 2743 208 2818 sodis,
219 2763 343 2824 precor,
358 2751 392 2804 ut
403 2762 457 2806 noe
467 2744 594 2806 oictorer
604 2743 638 2804 in
648 2751 792 2816 nostrone,
808 2751 949 2824 tuomque
958 2741 1186 2825 norsuturom,

121 2828 227 2894 urbem
241 2849 391 2910 seqssare:
413 2827 466 2891 nbi
482 2838 512 2892 te
526 2830 651 2912 ds'gnum
665 2829 868 2910 amplitudine
881 2838 936 2892 tuo
950 2830 1091 2911 templum
1106 2831 1187 2892 oroi-

29 2991 32 3000 ,
117 2917 204 2998 piot.
251 2911 338 2978 Hoeo
360 2928 517 2998 precatus,
542 2926 710 2998 superante
733 2912 946 2991 multitudiue,
970 2914 1012 2978 ob
1037 2914 1187 2980 omnibus

125 3001 203 3066 iocis
218 2998 331 3064 urbem
354 2999 551 3086 adgreditur,
567 3022 632 3100 quo
654 3002 760 3064 minor
782 3001 824 3064 ab
844 2999 992 3066 cuniculo
1011 3001 1188 3088 ingruentis

147 3085 260 3152 ericuii
277 3107 385 3152 sensus
399 3098 488 3152 esset.
531 3087 689 3164 Veientes,
706 3090 713 3148 i
760 3088 807 3151 ori
829 3109 862 3151 se
878 3089 946 3173 jem
968 3087 1009 3152 ub
1030 3087 1093 3152 suis
1109 3089 1188 3152 vati·

124 3109 198 3252 bus,
209 3174 278 3258 jem
296 3171 338 3236 ab
350 3173 490 3237 externis
503 3172 639 3238 oraculis
652 3108 808 3256 penitius,
818 3175 886 3258 jem
908 3175 940 3238 in
959 3191 1082 3261 purtem
1104 3195 1188 3262 prm·

126 3259 177 3324 die
201 3281 272 3323 suae
289 3274 417 3324 vocatos
435 3259 530 3336 Deos,
555 3258 678 3335 ⁸¹aiios,
696 3259 776 3324 votis
798 3281 839 3325 ex
862 3258 940 3325 urbe
961 3283 1018 3324 sua
1031 3275 1187 3340 evocatos,

127 3345 270 3410 hostium
285 3345 403 3431 templs
418 3367 577 3432 novasque
591 3345 680 3410 sedes
699 3359 850 3430 spectare,
866 3367 961 3432 seque
983 3346 1127 3412 ultimum
1151 3347 1190 3410 ii-

127 3431 193 3498 lum
208 3431 295 3498 diem
309 3454 421 3519 agore3
444 3431 523 3497 nihil
538 3433 643 3497 minus
657 3431 815 3510 timentes,
837 3453 932 3518 quum
948 3433 1085 3498 subrutis
1100 3432 1189 3496 cuni·

506 3571 519 3600 ²
534 3567 644 3616 decimum
656 3571 729 3616 Gron.
743 3569 813 3616 Creu.

160 3699 193 3748 tit
213 3697 247 3746 Ut
258 3700 363 3763 segnior]
387 3699 645 3762 usquequaquam
676 3703 730 3763 capi
746 3715 816 3762 posse
832 3702 988 3757 oonflderent,
1000 3707 1066 3750 certo
1081 3703 1189 3750 carmina

131 3765 238 3812 isborsm
277 3765 451 3826 espessendum
491 3765 645 3826 periculaque
676 3775 804 3814 evocarent
826 3767 941 3814 tutelares
961 3768 1034 3814 deors
1058 3767 1125 3828 quod
1146 3773 1190 3814 sut

13 3839 14 3854 ¹
130 3829 240 3876 meones
267 3829 403 3890 promptior
428 3835 474 3886 est,
499 3843 528 3875 eo
550 3831 646 3891 segnior
677 3833 747 3880 aliter
768 3833 854 3879 urbem
872 3832 927 3890 capi
950 3845 1020 3892 possa
1037 3845 1086 3877 non
1108 3833 1190 3878 credo·

131 3893 275 3953 plerumque
285 3893 318 3939 sit
328 3895 359 3940 sd
370 3895 537 3955 podendum.
677 3903 742 3955 rent,
753 3903 805 3954 sut,
816 3896 838 3942 si
850 3901 937 3956 posset,
955 3896 1023 3942 netas
1041 3896 1191 3944 estimarent

162 3954 449 4018 summensteten
467 3972 496 4006 es
513 3972 547 4018 oo,
566 3959 647 4005 crissi·
677 3961 734 4008 deos
745 3962 831 4008 habers
839 3959 955 4019 captivos.
987 3960 1191 4008 Numinibussu·

131 4022 214 4086 uque]
233 4021 320 4068 Vitare
332 4024 392 4070 velie
407 4037 438 4070 ns
457 4037 486 4070 ex
502 4038 531 4070 eo
547 4022 593 4070 sibi
608 4023 646 4070 in·
677 4031 727 4071 tem
738 4026 853 4083 evocatis,
872 4025 943 4070 urbm
959 4025 1126 4084 exercitusque
1145 4025 1191 4071 ho·

13 4119 14 4134 r
130 4087 564 4148 ridiseriminstionesqusoresntur.
677 4091 752 4136 stium
778 4089 935 4136 deuouebsnt.
977 4089 1112 4150 Utrumque
1138 4102 1190 4136 esr-

162 4151 193 4198 81
222 4149 291 4198 nim
313 4151 389 4210 (deos)
411 4153 469 4198 sotis
485 4184 510 4199 ..
533 4153 646 4216 moratos]
678 4154 811 4211 sarmoise
829 4155 957 4202 evocandis
973 4154 1029 4208 diis,
1050 4154 1101 4200 sive
1118 4153 1191 4200 devo-

13 4221 14 4230 *
132 4215 209 4264 Boset
231 4215 340 4263 itaerob.
362 4215 444 4264 tiit.
468 4217 565 4266 Ssturu.
583 4231 603 4263 o
622 4216 645 4265 9.
679 4219 763 4264 vendis
790 4219 890 4264 urbibus
916 4219 1108 4279 exercitibusque
1135 4219 1193 4264 bos·

132 4293 225 4328 morem
237 4279 405 4328 Romanorum
417 4287 569 4330 manumet
583 4281 647 4330 mui-
678 4283 751 4341 tium,
770 4283 860 4329 ibidem
884 4283 1014 4331 recitaturi
1038 4291 1111 4344 utque
1133 4285 1191 4330 urbs

133 4343 287 4407 tisignotum
305 4343 389 4400 titisse,
403 4352 441 4404 ut,
457 4361 534 4407 quum
552 4345 646 4392 obside·
679 4347 735 4395 Veii
746 4347 891 4394 nominatim
909 4347 955 4396 boc
971 4350 1020 4396 ritu
1034 4348 1191 4395 devotaiuis-

133 4417 186 4456 rant
210 4411 298 4458 urbem
324 4409 441 4470 bostisun,
470 4425 572 4476 estoque
591 4406 645 4472 jun
678 4420 870 4460 rememoratio.
