<?xml version="1.0" encoding="UTF-8"?>
<!DOCTYPE html PUBLIC "-//W3C//DTD XHTML 1.0 Transitional//EN"
    "http://www.w3.org/TR/xhtml1/DTD/xhtml1-transitional.dtd">
<html xmlns="http://www.w3.org/1999/xhtml" xml:lang="en" lang="en">
 <head>
  <title>
</title>
<meta http-equiv="Content-Type" content="text/html;charset=utf-8" />
  <meta name='ocr-system' content='tesseract 3.04.00' />
  <meta name='ocr-capabilities' content='ocr_page ocr_carea ocr_par ocr_line ocrx_word'/>
</head>
<body>
  <div class='ocr_page' id='page_1' title='image "./tliviipatavinih02crevgoog_0024.png"; bbox 0 0 2986 4930; ppageno 0'>
   <div class='ocr_carea' id='block_1_1' title="bbox 455 199 1152 276">
    <p class='ocr_par' dir='ltr' id='par_1_1' title="bbox 455 199 1152 276">
     <span class='ocr_line' id='line_1_1' title="bbox 455 199 1152 276; baseline 0.004 -16"><span class='ocrx_word' id='word_1_1' title='bbox 455 200 559 262; x_wconf 51' lang='lat' dir='ltr'><strong>urar</strong></span> <span class='ocrx_word' id='word_1_2' title='bbox 570 201 594 260; x_wconf 93' lang='lat'><strong>1.</strong></span> <span class='ocrx_word' id='word_1_3' title='bbox 621 199 724 276; x_wconf 71' lang='lat' dir='ltr'><strong>usn</strong></span> <span class='ocrx_word' id='word_1_4' title='bbox 744 199 799 260; x_wconf 86' lang='lat' dir='ltr'><strong>rx.</strong></span> <span class='ocrx_word' id='word_1_5' title='bbox 1117 207 1152 266; x_wconf 83' lang='lat' dir='ltr'><strong>rr</strong></span> 
     </span>
    </p>
   </div>
   <div class='ocr_carea' id='block_1_2' title="bbox 77 357 1155 808">
    <p class='ocr_par' dir='ltr' id='par_1_2' title="bbox 77 357 1155 808">
     <span class='ocr_line' id='line_1_2' title="bbox 77 357 1152 450; baseline -0.005 -19"><span class='ocrx_word' id='word_1_6' title='bbox 77 357 177 444; x_wconf 66' lang='lat' dir='ltr'><strong>pupulo</strong></span> <span class='ocrx_word' id='word_1_7' title='bbox 198 370 393 448; x_wconf 33' lang='lat' dir='ltr'><strong>peterent*</strong></span> <span class='ocrx_word' id='word_1_8' title='bbox 437 365 532 430; x_wconf 82' lang='lat' dir='ltr'><strong>Urbes</strong></span> <span class='ocrx_word' id='word_1_9' title='bbox 549 386 676 450; x_wconf 79' lang='lat' dir='ltr'><strong>quoque,</strong></span> <span class='ocrx_word' id='word_1_10' title='bbox 689 375 731 430; x_wconf 56' lang='lat' dir='ltr'><strong>ut&gt;</strong></span> <span class='ocrx_word' id='word_1_11' title='bbox 742 373 853 442; x_wconf 74' lang='lat' dir='ltr'><strong>ortem,</strong></span> <span class='ocrx_word' id='word_1_12' title='bbox 868 384 906 428; x_wconf 80' lang='lat' dir='ltr'><strong>cr</strong></span> <span class='ocrx_word' id='word_1_13' title='bbox 924 364 1030 448; x_wconf 66' lang='grc' dir='ltr'><strong>ἕψω</strong></span> <span class='ocrx_word' id='word_1_14' title='bbox 1045 365 1152 430; x_wconf 77' lang='lat' dir='ltr'><strong>omri.-</strong></span> 
     </span>
     <span class='ocr_line' id='line_1_3' title="bbox 81 446 1153 536; baseline 0.002 -24"><span class='ocrx_word' id='word_1_15' title='bbox 81 446 172 512; x_wconf 80' lang='lat' dir='ltr'><strong>dtinde</strong></span> <span class='ocrx_word' id='word_1_16' title='bbox 186 471 274 534; x_wconf 77' lang='lat' dir='ltr'><strong>qtros</strong></span> <span class='ocrx_word' id='word_1_17' title='bbox 296 469 364 518; x_wconf 82' lang='lat' dir='ltr'><strong>sua</strong></span> <span class='ocrx_word' id='word_1_18' title='bbox 388 453 488 518; x_wconf 84' lang='lat' dir='ltr'><strong>uirtus</strong></span> <span class='ocrx_word' id='word_1_19' title='bbox 507 473 544 515; x_wconf 85' lang='lat' dir='ltr'><strong>oc</strong></span> <span class='ocrx_word' id='word_1_20' title='bbox 557 453 621 516; x_wconf 83' lang='lat' dir='ltr'><strong>Dii</strong></span> <span class='ocrx_word' id='word_1_21' title='bbox 631 450 752 534; x_wconf 78' lang='lat' dir='ltr'><strong>juvent,</strong></span> <span class='ocrx_word' id='word_1_22' title='bbox 768 471 896 536; x_wconf 84' lang='lat' dir='ltr'><strong>mugnus</strong></span> <span class='ocrx_word' id='word_1_23' title='bbox 916 471 987 534; x_wconf 83' lang='lat' dir='ltr'><strong>opes</strong></span> <span class='ocrx_word' id='word_1_24' title='bbox 1007 449 1068 516; x_wconf 85' lang='lat' dir='ltr'><strong>sibi</strong></span> <span class='ocrx_word' id='word_1_25' title='bbox 1089 472 1153 514; x_wconf 89' lang='lat' dir='ltr'><strong>oto·</strong></span> 
     </span>
     <span class='ocr_line' id='line_1_4' title="bbox 84 537 1154 623; baseline -0.002 -21"><span class='ocrx_word' id='word_1_26' title='bbox 84 555 218 620; x_wconf 75' lang='lat' dir='ltr'><strong>gustuque</strong></span> <span class='ocrx_word' id='word_1_27' title='bbox 233 537 489 623; x_wconf 76' lang='lat' dir='ltr'><strong>consenserere.</strong></span> <span class='ocrx_word' id='word_1_28' title='bbox 531 539 615 602; x_wconf 85' lang='lat' dir='ltr'><strong>Sotis</strong></span> <span class='ocrx_word' id='word_1_29' title='bbox 628 539 714 614; x_wconf 83' lang='lat' dir='ltr'><strong>scire,</strong></span> <span class='ocrx_word' id='word_1_30' title='bbox 730 538 849 621; x_wconf 81' lang='lat' dir='ltr'><strong>origini</strong></span> <span class='ocrx_word' id='word_1_31' title='bbox 862 537 1014 600; x_wconf 72' lang='lat' dir='ltr'><strong>Rerum</strong></span> <span class='ocrx_word' id='word_1_32' title='bbox 1026 546 1057 600; x_wconf 85' lang='lat' dir='ltr'><strong>et</strong></span> <span class='ocrx_word' id='word_1_33' title='bbox 1071 537 1154 600; x_wconf 85' lang='lat' dir='ltr'><em>Deos</em></span> 
     </span>
     <span class='ocr_line' id='line_1_5' title="bbox 89 623 1155 709; baseline 0 -22"><span class='ocrx_word' id='word_1_34' title='bbox 89 623 220 706; x_wconf 72' lang='lat' dir='ltr'><strong>adfuisse,</strong></span> <span class='ocrx_word' id='word_1_35' title='bbox 236 633 269 688; x_wconf 83' lang='lat' dir='ltr'><strong>et</strong></span> <span class='ocrx_word' id='word_1_36' title='bbox 285 647 355 688; x_wconf 83' lang='lat' dir='ltr'><strong>non</strong></span> <span class='ocrx_word' id='word_1_37' title='bbox 375 624 550 709; x_wconf 69' lang='lat' dir='ltr'><strong>destituram</strong></span> <span class='ocrx_word' id='word_1_38' title='bbox 568 626 717 690; x_wconf 77' lang='lat' dir='ltr'><strong>oirtuton.</strong></span> <span class='ocrx_word' id='word_1_39' title='bbox 735 624 870 706; x_wconf 75' lang='lat' dir='ltr'><strong><em>proinde</em></strong></span> <span class='ocrx_word' id='word_1_40' title='bbox 890 643 929 685; x_wconf 87' lang='lat' dir='ltr'><strong>ne</strong></span> <span class='ocrx_word' id='word_1_41' title='bbox 945 633 1155 707; x_wconf 81' lang='lat' dir='ltr'><strong>grauarentur</strong></span> 
     </span>
     <span class='ocr_line' id='line_1_6' title="bbox 94 709 1153 808; baseline 0.002 -36"><span class='ocrx_word' id='word_1_42' title='bbox 94 709 210 774; x_wconf 73' lang='lat' dir='ltr'><strong>honines</strong></span> <span class='ocrx_word' id='word_1_43' title='bbox 224 732 294 774; x_wconf 74' lang='lat' dir='ltr'><strong>erim</strong></span> <span class='ocrx_word' id='word_1_44' title='bbox 307 710 484 774; x_wconf 77' lang='lat' dir='ltr'><strong>bominibus</strong></span> <span class='ocrx_word' id='word_1_45' title='bbox 497 711 673 794; x_wconf 82' lang='lat' dir='ltr'><strong>sanguinent</strong></span> <span class='ocrx_word' id='word_1_46' title='bbox 684 719 715 773; x_wconf 84' lang='lat' dir='ltr'><strong>et</strong></span> <span class='ocrx_word' id='word_1_47' title='bbox 723 731 820 794; x_wconf 82' lang='lat' dir='ltr'><strong>genus</strong></span> <span class='ocrx_word' id='word_1_48' title='bbox 829 710 968 774; x_wconf 54' lang='lat' dir='ltr'><strong>muneres</strong></span> <span class='ocrx_word' id='word_1_49' title='bbox 985 709 1153 808; x_wconf 79' lang='lat' dir='ltr'><strong>Nusquam</strong></span> 
     </span>
    </p>
   </div>
   <div class='ocr_carea' id='block_1_3' title="bbox 15 794 1318 3473">
    <p class='ocr_par' dir='ltr' id='par_1_3' title="bbox 97 794 1154 1056">
     <span class='ocr_line' id='line_1_7' title="bbox 97 794 1153 884; baseline -0.002 -24"><span class='ocrx_word' id='word_1_50' title='bbox 97 797 217 884; x_wconf 77' lang='lat' dir='ltr'>benigne</span> <span class='ocrx_word' id='word_1_51' title='bbox 241 795 369 884; x_wconf 82' lang='lat' dir='ltr'><strong>legatio</strong></span> <span class='ocrx_word' id='word_1_52' title='bbox 391 794 500 861; x_wconf 89' lang='lat' dir='ltr'><strong>audita</strong></span> <span class='ocrx_word' id='word_1_53' title='bbox 524 809 589 860; x_wconf 85' lang='lat' dir='ltr'><strong>est:</strong></span> <span class='ocrx_word' id='word_1_54' title='bbox 612 795 692 860; x_wconf 89' lang='lat' dir='ltr'><strong>adeo</strong></span> <span class='ocrx_word' id='word_1_55' title='bbox 717 794 811 860; x_wconf 91' lang='lat' dir='ltr'><strong>simul</strong></span> <span class='ocrx_word' id='word_1_56' title='bbox 836 794 1038 878; x_wconf 70' lang='lat' dir='ltr'><strong>spernebant,</strong></span> <span class='ocrx_word' id='word_1_57' title='bbox 1059 794 1153 860; x_wconf 88' lang='lat' dir='ltr'><strong>srmul</strong></span> 
     </span>
     <span class='ocr_line' id='line_1_8' title="bbox 97 879 1153 966; baseline -0.002 -18"><span class='ocrx_word' id='word_1_58' title='bbox 97 883 262 948; x_wconf 78' lang='lat' dir='ltr'><strong>usumin</strong></span> <span class='ocrx_word' id='word_1_59' title='bbox 292 881 405 948; x_wconf 90' lang='lat' dir='ltr'><strong>medio</strong></span> <span class='ocrx_word' id='word_1_60' title='bbox 427 895 619 948; x_wconf 83' lang='lat' dir='ltr'><strong>crescentem</strong></span> <span class='ocrx_word' id='word_1_61' title='bbox 644 883 760 946; x_wconf 86' lang='lat' dir='ltr'><strong>molem</strong></span> <span class='ocrx_word' id='word_1_62' title='bbox 785 879 846 946; x_wconf 84' lang='lat' dir='ltr'>sibi</span> <span class='ocrx_word' id='word_1_63' title='bbox 871 903 909 946; x_wconf 88' lang='lat' dir='ltr'><strong>ac</strong></span> <span class='ocrx_word' id='word_1_64' title='bbox 935 882 1066 966; x_wconf 76' lang='lat' dir='ltr'><strong>posteris</strong></span> <span class='ocrx_word' id='word_1_65' title='bbox 1089 882 1153 946; x_wconf 84' lang='lat' dir='ltr'><strong>suis</strong></span> 
     </span>
     <span class='ocr_line' id='line_1_9' title="bbox 97 967 1154 1056; baseline 0 -24"><span class='ocrx_word' id='word_1_66' title='bbox 97 969 284 1034; x_wconf 86' lang='lat' dir='ltr'><strong>metuebant.</strong></span> <span class='ocrx_word' id='word_1_67' title='bbox 330 970 365 1034; x_wconf 78' lang='lat' dir='ltr'>A</span> <span class='ocrx_word' id='word_1_68' title='bbox 389 968 548 1056; x_wconf 89' lang='lat' dir='ltr'><strong>plerisque</strong></span> <span class='ocrx_word' id='word_1_69' title='bbox 571 968 782 1054; x_wconf 70' lang='lat' dir='ltr'><strong>rogitantibus</strong></span> <span class='ocrx_word' id='word_1_70' title='bbox 807 967 936 1044; x_wconf 87' lang='lat' dir='ltr'><strong>dimissi,</strong></span> <span class='ocrx_word' id='word_1_71' title='bbox 959 969 1154 1052; x_wconf 82' lang='lat' dir='ltr'><strong>quttodsr·</strong></span> 
     </span>
    </p>

    <p class='ocr_par' dir='ltr' id='par_1_4' title="bbox 96 1055 1155 1231">
     <span class='ocr_line' id='line_1_10' title="bbox 96 1055 1155 1142; baseline -0.001 -23"><span class='ocrx_word' id='word_1_72' title='bbox 96 1057 177 1120; x_wconf 81' lang='lat' dir='ltr'><strong>nr&#39;nr&#39;r</strong></span> <span class='ocrx_word' id='word_1_73' title='bbox 197 1078 319 1141; x_wconf 84' lang='lat' dir='ltr'><strong>quoque</strong></span> <span class='ocrx_word' id='word_1_74' title='bbox 344 1058 461 1142; x_wconf 76' lang='lat' dir='ltr'><strong>asylum</strong></span> <span class='ocrx_word' id='word_1_75' title='bbox 485 1057 702 1139; x_wconf 80' lang='lat' dir='ltr'><strong>operuissent?</strong></span> <span class='ocrx_word' id='word_1_76' title='bbox 733 1057 768 1118; x_wconf 87' lang='lat' dir='ltr'><strong>id</strong></span> <span class='ocrx_word' id='word_1_77' title='bbox 792 1057 871 1118; x_wconf 85' lang='lat' dir='ltr'><strong>enim</strong></span> <span class='ocrx_word' id='word_1_78' title='bbox 896 1055 1010 1118; x_wconf 75' lang='lat' dir='ltr'><strong>donoro</strong></span> <span class='ocrx_word' id='word_1_79' title='bbox 1031 1075 1155 1138; x_wconf 67' lang='lat' dir='ltr'><strong>compos</strong></span> 
     </span>
     <span class='ocr_line' id='line_1_11' title="bbox 97 1139 1155 1231; baseline 0.002 -27"><span class='ocrx_word' id='word_1_80' title='bbox 97 1141 269 1206; x_wconf 82' lang='lat' dir='ltr'><strong>connubium</strong></span> <span class='ocrx_word' id='word_1_81' title='bbox 278 1143 370 1226; x_wconf 88' lang='lat' dir='ltr'><strong>sore.</strong></span> <span class='ocrx_word' id='word_1_82' title='bbox 414 1141 513 1231; x_wconf 81' lang='lat' dir='ltr'><strong>AEgre</strong></span> <span class='ocrx_word' id='word_1_83' title='bbox 534 1141 567 1205; x_wconf 92' lang='lat' dir='ltr'><strong>id</strong></span> <span class='ocrx_word' id='word_1_84' title='bbox 592 1141 739 1206; x_wconf 54' lang='lat' dir='ltr'><strong>&amp;mana</strong></span> <span class='ocrx_word' id='word_1_85' title='bbox 759 1141 860 1226; x_wconf 90' lang='lat' dir='ltr'><strong>pubes</strong></span> <span class='ocrx_word' id='word_1_86' title='bbox 881 1161 983 1226; x_wconf 83' lang='lat' dir='ltr'><strong>passe,</strong></span> <span class='ocrx_word' id='word_1_87' title='bbox 1006 1154 1039 1206; x_wconf 89' lang='lat' dir='ltr'><strong>et</strong></span> <span class='ocrx_word' id='word_1_88' title='bbox 1068 1139 1155 1206; x_wconf 90' lang='lat' dir='ltr'><strong>baud</strong></span> 
     </span>
    </p>

    <p class='ocr_par' dir='ltr' id='par_1_5' title="bbox 97 1224 1195 1398">
     <span class='ocr_line' id='line_1_12' title="bbox 97 1224 1195 1314; baseline -0.001 -23"><span class='ocrx_word' id='word_1_89' title='bbox 97 1227 185 1293; x_wconf 89' lang='lat' dir='ltr'><strong>dubie</strong></span> <span class='ocrx_word' id='word_1_90' title='bbox 210 1229 253 1292; x_wconf 91' lang='lat' dir='ltr'><strong>ad</strong></span> <span class='ocrx_word' id='word_1_91' title='bbox 278 1227 344 1291; x_wconf 85' lang='lat' dir='ltr'><strong>vim</strong></span> <span class='ocrx_word' id='word_1_92' title='bbox 371 1245 511 1312; x_wconf 85' lang='lat' dir='ltr'><strong>spectare</strong></span> <span class='ocrx_word' id='word_1_93' title='bbox 540 1248 590 1296; x_wconf 88' lang='lat' dir='ltr'><strong>res</strong></span> <span class='ocrx_word' id='word_1_94' title='bbox 617 1229 726 1313; x_wconf 84' lang='lat' dir='ltr'><strong>coepit</strong></span> <span class='ocrx_word' id='word_1_95' title='bbox 753 1228 805 1292; x_wconf 89' lang='lat' dir='ltr'><strong>cui</strong></span> <span class='ocrx_word' id='word_1_96' title='bbox 833 1238 958 1311; x_wconf 88' lang='lat' dir='ltr'><strong>tempus</strong></span> <span class='ocrx_word' id='word_1_97' title='bbox 986 1224 1154 1314; x_wconf 85' lang='lat' dir='ltr'><strong>locumque</strong></span> <span class='ocrx_word' id='word_1_98' title='bbox 1191 1226 1195 1247; x_wconf 75' lang='grc'><strong>“</strong></span> 
     </span>
     <span class='ocr_line' id='line_1_13' title="bbox 97 1311 1162 1398; baseline -0.005 -18"><span class='ocrx_word' id='word_1_99' title='bbox 97 1327 200 1397; x_wconf 72' lang='lat' dir='ltr'><strong>aptum</strong></span> <span class='ocrx_word' id='word_1_100' title='bbox 222 1326 260 1379; x_wconf 93' lang='lat' dir='ltr'><strong>ut</strong></span> <span class='ocrx_word' id='word_1_101' title='bbox 280 1313 372 1378; x_wconf 89' lang='lat' dir='ltr'><strong>daret</strong></span> <span class='ocrx_word' id='word_1_102' title='bbox 396 1312 562 1390; x_wconf 83' lang='lat' dir='ltr'><strong>Romulus,</strong></span> <span class='ocrx_word' id='word_1_103' title='bbox 577 1313 798 1398; x_wconf 75' lang='lat' dir='ltr'><strong>aegritudinem</strong></span> <span class='ocrx_word' id='word_1_104' title='bbox 821 1313 920 1378; x_wconf 90' lang='lat' dir='ltr'><strong>animi</strong></span> <span class='ocrx_word' id='word_1_105' title='bbox 943 1311 1162 1390; x_wconf 83' lang='lat' dir='ltr'><strong>dissimulans,</strong></span> 
     </span>
    </p>

    <p class='ocr_par' dir='ltr' id='par_1_6' title="bbox 15 1393 1303 1822">
     <span class='ocr_line' id='line_1_14' title="bbox 15 1393 1153 1486; baseline 0 -22"><span class='ocrx_word' id='word_1_106' title='bbox 15 1393 16 1414; x_wconf 60' lang='lat'>¹</span> <span class='ocrx_word' id='word_1_107' title='bbox 98 1399 183 1464; x_wconf 90' lang='lat' dir='ltr'><strong>ludos</strong></span> <span class='ocrx_word' id='word_1_108' title='bbox 211 1423 252 1465; x_wconf 88' lang='lat' dir='ltr'><strong>ex</strong></span> <span class='ocrx_word' id='word_1_109' title='bbox 283 1399 443 1466; x_wconf 89' lang='lat' dir='ltr'><strong>industria</strong></span> <span class='ocrx_word' id='word_1_110' title='bbox 475 1413 577 1486; x_wconf 85' lang='lat' dir='ltr'><strong>parat,</strong></span> <span class='ocrx_word' id='word_1_111' title='bbox 608 1399 760 1484; x_wconf 83' lang='lat' dir='ltr'><strong>Neptuno</strong></span> <span class='ocrx_word' id='word_1_112' title='bbox 791 1399 938 1486; x_wconf 84' lang='lat' dir='ltr'><strong>Equestri</strong></span> <span class='ocrx_word' id='word_1_113' title='bbox 967 1398 1153 1464; x_wconf 80' lang='lat' dir='ltr'><strong>sollemnes:</strong></span> 
     </span>
     <span class='ocr_line' id='line_1_15' title="bbox 96 1484 1303 1571; baseline 0.001 -20"><span class='ocrx_word' id='word_1_114' title='bbox 96 1485 301 1552; x_wconf 69' lang='lat' dir='ltr'><strong>“Consualia</strong></span> <span class='ocrx_word' id='word_1_115' title='bbox 335 1499 438 1552; x_wconf 81' lang='lat' dir='ltr'><strong>vocnt.</strong></span> <span class='ocrx_word' id='word_1_116' title='bbox 484 1487 586 1551; x_wconf 91' lang='lat' dir='ltr'><strong>lndici</strong></span> <span class='ocrx_word' id='word_1_117' title='bbox 619 1485 733 1552; x_wconf 88' lang='lat' dir='ltr'><strong>deinde</strong></span> <span class='ocrx_word' id='word_1_118' title='bbox 766 1485 910 1550; x_wconf 85' lang='lat' dir='ltr'><strong>finitimis</strong></span> <span class='ocrx_word' id='word_1_119' title='bbox 941 1484 1154 1571; x_wconf 87' lang='lat' dir='ltr'><strong>spectaculum</strong></span> <span class='ocrx_word' id='word_1_120' title='bbox 1165 1508 1303 1559; x_wconf 63' lang='lat' dir='ltr'><strong>consum..</strong></span> 
     </span>
     <span class='ocr_line' id='line_1_16' title="bbox 93 1571 1153 1662; baseline 0 -26"><span class='ocrx_word' id='word_1_121' title='bbox 93 1572 199 1656; x_wconf 87' lang='lat' dir='ltr'><strong>jubet:</strong></span> <span class='ocrx_word' id='word_1_122' title='bbox 230 1586 416 1662; x_wconf 89' lang='lat' dir='ltr'><strong>quantoque</strong></span> <span class='ocrx_word' id='word_1_123' title='bbox 444 1573 598 1658; x_wconf 82' lang='lat' dir='ltr'><strong>adparatu</strong></span> <span class='ocrx_word' id='word_1_124' title='bbox 627 1585 696 1638; x_wconf 91' lang='lat' dir='ltr'><strong>tum</strong></span> <span class='ocrx_word' id='word_1_125' title='bbox 724 1571 878 1650; x_wconf 88' lang='lat' dir='ltr'><strong>sciebant,</strong></span> <span class='ocrx_word' id='word_1_126' title='bbox 906 1584 962 1636; x_wconf 87' lang='lat' dir='ltr'><strong>aut</strong></span> <span class='ocrx_word' id='word_1_127' title='bbox 995 1585 1153 1656; x_wconf 86' lang='lat' dir='ltr'><strong>poterant,</strong></span> 
     </span>
     <span class='ocr_line' id='line_1_17' title="bbox 96 1657 1154 1744; baseline 0.001 -21"><span class='ocrx_word' id='word_1_128' title='bbox 96 1657 374 1735; x_wconf 68' lang='lat' dir='ltr'><strong>”concelebrant3</strong></span> <span class='ocrx_word' id='word_1_129' title='bbox 401 1671 438 1724; x_wconf 89' lang='lat' dir='ltr'><strong>ut</strong></span> <span class='ocrx_word' id='word_1_130' title='bbox 462 1681 527 1724; x_wconf 91' lang='lat' dir='ltr'><strong>rem</strong></span> <span class='ocrx_word' id='word_1_131' title='bbox 550 1659 666 1729; x_wconf 79' lang='lat' dir='ltr'><strong>clarem</strong></span> <span class='ocrx_word' id='word_1_132' title='bbox 696 1669 977 1744; x_wconf 84' lang='lat' dir='ltr'><strong>exspectatumque</strong></span> <span class='ocrx_word' id='word_1_133' title='bbox 1004 1658 1154 1725; x_wconf 82' lang='lat' dir='ltr'><strong>iacerent.</strong></span> 
     </span>
     <span class='ocr_line' id='line_1_18' title="bbox 96 1743 1155 1822; baseline -0.002 -12"><span class='ocrx_word' id='word_1_134' title='bbox 96 1743 228 1810; x_wconf 72' lang='lat' dir='ltr'><strong>⁷⁰Multi</strong></span> <span class='ocrx_word' id='word_1_135' title='bbox 245 1744 393 1810; x_wconf 76' lang='lat' dir='ltr'><strong>mortales</strong></span> <span class='ocrx_word' id='word_1_136' title='bbox 408 1766 591 1822; x_wconf 85' lang='lat' dir='ltr'><strong>convenere,</strong></span> <span class='ocrx_word' id='word_1_137' title='bbox 607 1745 713 1810; x_wconf 87' lang='lat' dir='ltr'><strong>studio</strong></span> <span class='ocrx_word' id='word_1_138' title='bbox 727 1747 821 1811; x_wconf 85' lang='lat' dir='ltr'><strong>etiam</strong></span> <span class='ocrx_word' id='word_1_139' title='bbox 837 1744 981 1810; x_wconf 81' lang='lat' dir='ltr'><strong>videndae</strong></span> <span class='ocrx_word' id='word_1_140' title='bbox 997 1767 1088 1812; x_wconf 80' lang='lat' dir='ltr'><strong>novae</strong></span> <span class='ocrx_word' id='word_1_141' title='bbox 1102 1767 1155 1810; x_wconf 87' lang='lat' dir='ltr'><strong>ur·</strong></span> 
     </span>
    </p>

    <p class='ocr_par' dir='ltr' id='par_1_7' title="bbox 97 1829 1156 1999">
     <span class='ocr_line' id='line_1_19' title="bbox 98 1829 1155 1918; baseline 0.003 -24"><span class='ocrx_word' id='word_1_142' title='bbox 98 1829 161 1910; x_wconf 82' lang='lat' dir='ltr'><strong>bis3</strong></span> <span class='ocrx_word' id='word_1_143' title='bbox 184 1831 324 1896; x_wconf 87' lang='lat' dir='ltr'><strong>maxime</strong></span> <span class='ocrx_word' id='word_1_144' title='bbox 338 1830 476 1918; x_wconf 84' lang='lat' dir='ltr'><strong>proximi</strong></span> <span class='ocrx_word' id='word_1_145' title='bbox 492 1831 617 1918; x_wconf 87' lang='lat' dir='ltr'><strong>quique,</strong></span> <span class='ocrx_word' id='word_1_146' title='bbox 636 1832 849 1910; x_wconf 76' lang='lat' dir='ltr'><strong>Caenineuses,</strong></span> <span class='ocrx_word' id='word_1_147' title='bbox 863 1829 1073 1908; x_wconf 78' lang='lat' dir='ltr'><strong>Crustumini,</strong></span> <span class='ocrx_word' id='word_1_148' title='bbox 1085 1832 1155 1897; x_wconf 85' lang='lat' dir='ltr'><strong>An·</strong></span> 
     </span>
     <span class='ocr_line' id='line_1_20' title="bbox 97 1916 1156 1999; baseline -0.001 -17"><span class='ocrx_word' id='word_1_149' title='bbox 97 1931 256 1983; x_wconf 69' lang='lat' dir='ltr'><strong>umnates.</strong></span> <span class='ocrx_word' id='word_1_150' title='bbox 300 1917 375 1983; x_wconf 86' lang='lat' dir='ltr'><strong>Jam</strong></span> <span class='ocrx_word' id='word_1_151' title='bbox 400 1916 593 1985; x_wconf 85' lang='lat' dir='ltr'><strong>Sabinorum</strong></span> <span class='ocrx_word' id='word_1_152' title='bbox 615 1921 716 1984; x_wconf 89' lang='lat' dir='ltr'><strong>omnis</strong></span> <span class='ocrx_word' id='word_1_153' title='bbox 741 1917 926 1999; x_wconf 87' lang='lat' dir='ltr'><strong>multitudo,</strong></span> <span class='ocrx_word' id='word_1_154' title='bbox 948 1939 1021 1984; x_wconf 89' lang='lat' dir='ltr'><strong>oum</strong></span> <span class='ocrx_word' id='word_1_155' title='bbox 1048 1917 1156 1996; x_wconf 86' lang='lat' dir='ltr'><strong>liberis</strong></span> 
     </span>
    </p>

    <p class='ocr_par' dir='ltr' id='par_1_8' title="bbox 97 2003 1156 2092">
     <span class='ocr_line' id='line_1_21' title="bbox 97 2003 1156 2092; baseline 0.003 -25"><span class='ocrx_word' id='word_1_156' title='bbox 97 2025 131 2067; x_wconf 87' lang='lat' dir='ltr'><strong>ac</strong></span> <span class='ocrx_word' id='word_1_157' title='bbox 150 2003 352 2092; x_wconf 81' lang='lat' dir='ltr'><strong>conjugibus,</strong></span> <span class='ocrx_word' id='word_1_158' title='bbox 369 2003 464 2068; x_wconf 87' lang='lat' dir='ltr'><strong>venit.</strong></span> <span class='ocrx_word' id='word_1_159' title='bbox 487 2003 609 2070; x_wconf 83' lang='lat' dir='ltr'><strong>invitati</strong></span> <span class='ocrx_word' id='word_1_160' title='bbox 630 2003 826 2090; x_wconf 77' lang='lat' dir='ltr'><strong>hospitaliter</strong></span> <span class='ocrx_word' id='word_1_161' title='bbox 847 2026 904 2090; x_wconf 91' lang='lat' dir='ltr'><strong>per</strong></span> <span class='ocrx_word' id='word_1_162' title='bbox 918 2003 1041 2084; x_wconf 84' lang='lat' dir='ltr'><strong>domos,</strong></span> <span class='ocrx_word' id='word_1_163' title='bbox 1056 2027 1156 2091; x_wconf 87' lang='lat' dir='ltr'><strong>quum</strong></span> 
     </span>
    </p>

    <p class='ocr_par' dir='ltr' id='par_1_9' title="bbox 96 2087 1156 2242">
     <span class='ocr_line' id='line_1_22' title="bbox 96 2087 1156 2242; baseline 0.002 -88"><span class='ocrx_word' id='word_1_164' title='bbox 96 2091 188 2154; x_wconf 85' lang='lat' dir='ltr'><strong>ritum</strong></span> <span class='ocrx_word' id='word_1_165' title='bbox 208 2091 392 2177; x_wconf 87' lang='lat' dir='ltr'><strong>rnoeniaque</strong></span> <span class='ocrx_word' id='word_1_166' title='bbox 413 2102 444 2154; x_wconf 85' lang='lat' dir='ltr'><strong>et</strong></span> <span class='ocrx_word' id='word_1_167' title='bbox 465 2087 660 2242; x_wconf 61' lang='lat' dir='ltr'><strong>freflueutetu</strong></span> <span class='ocrx_word' id='word_1_168' title='bbox 682 2092 771 2158; x_wconf 87' lang='lat' dir='ltr'><strong>tectis</strong></span> <span class='ocrx_word' id='word_1_169' title='bbox 793 2091 903 2156; x_wconf 86' lang='lat' dir='ltr'><strong>urbem</strong></span> <span class='ocrx_word' id='word_1_170' title='bbox 921 2091 1079 2168; x_wconf 85' lang='lat' dir='ltr'><strong>vidissent,</strong></span> <span class='ocrx_word' id='word_1_171' title='bbox 1095 2092 1156 2156; x_wconf 81' lang='lat' dir='ltr'><strong>uti·</strong></span> 
     </span>
    </p>

    <p class='ocr_par' dir='ltr' id='par_1_10' title="bbox 96 2176 1318 2695">
     <span class='ocr_line' id='line_1_23' title="bbox 96 2176 1269 2264; baseline 0.001 -24"><span class='ocrx_word' id='word_1_172' title='bbox 96 2189 204 2242; x_wconf 79' lang='lat' dir='ltr'><strong>rentur</strong></span> <span class='ocrx_word' id='word_1_173' title='bbox 224 2191 289 2242; x_wconf 87' lang='lat' dir='ltr'><strong>tarn</strong></span> <span class='ocrx_word' id='word_1_174' title='bbox 312 2176 399 2242; x_wconf 81' lang='lat' dir='ltr'><strong>brari</strong></span> <span class='ocrx_word' id='word_1_175' title='bbox 422 2198 490 2240; x_wconf 89' lang='lat' dir='ltr'><strong>rem</strong></span> <span class='ocrx_word' id='word_1_176' title='bbox 538 2199 686 2242; x_wconf 89' lang='lat' dir='ltr'><strong>omunam</strong></span> <span class='ocrx_word' id='word_1_177' title='bbox 707 2177 850 2243; x_wconf 84' lang='lat' dir='ltr'><strong>crevisse.</strong></span> <span class='ocrx_word' id='word_1_178' title='bbox 896 2177 966 2244; x_wconf 84' lang='lat' dir='ltr'><strong>Ubi</strong></span> <span class='ocrx_word' id='word_1_179' title='bbox 985 2177 1156 2264; x_wconf 85' lang='lat' dir='ltr'><strong>spectaculi</strong></span> <span class='ocrx_word' id='word_1_180' title='bbox 1165 2194 1269 2244; x_wconf 73' lang='lat' dir='ltr'><strong>uun</strong></span> 
     </span>
     <span class='ocr_line' id='line_1_24' title="bbox 97 2259 1303 2349; baseline 0 -21"><span class='ocrx_word' id='word_1_181' title='bbox 97 2273 220 2349; x_wconf 84' lang='lat' dir='ltr'><strong>tempus</strong></span> <span class='ocrx_word' id='word_1_182' title='bbox 242 2261 338 2340; x_wconf 88' lang='lat' dir='ltr'><strong>venit,</strong></span> <span class='ocrx_word' id='word_1_183' title='bbox 354 2261 533 2346; x_wconf 81' lang='lat' dir='ltr'><strong>deditoeque</strong></span> <span class='ocrx_word' id='word_1_184' title='bbox 553 2285 592 2328; x_wconf 88' lang='lat' dir='ltr'><strong>eo</strong></span> <span class='ocrx_word' id='word_1_185' title='bbox 612 2275 732 2330; x_wconf 89' lang='lat' dir='ltr'><strong>mentes</strong></span> <span class='ocrx_word' id='word_1_186' title='bbox 753 2286 825 2332; x_wconf 89' lang='lat' dir='ltr'><strong>cum</strong></span> <span class='ocrx_word' id='word_1_187' title='bbox 849 2262 949 2330; x_wconf 88' lang='lat' dir='ltr'><strong>oculis</strong></span> <span class='ocrx_word' id='word_1_188' title='bbox 969 2281 1071 2341; x_wconf 83' lang='lat' dir='ltr'><strong>eruut,</strong></span> <span class='ocrx_word' id='word_1_189' title='bbox 1086 2278 1155 2329; x_wconf 88' lang='lat' dir='ltr'><strong>tum</strong></span> <span class='ocrx_word' id='word_1_190' title='bbox 1164 2259 1303 2312; x_wconf 54' lang='lat' dir='ltr'><strong>Arc-²⁴⁸·</strong></span> 
     </span>
     <span class='ocr_line' id='line_1_25' title="bbox 97 2349 1318 2438; baseline 0.004 -26"><span class='ocrx_word' id='word_1_191' title='bbox 97 2370 134 2414; x_wconf 87' lang='lat' dir='ltr'><strong>ex</strong></span> <span class='ocrx_word' id='word_1_192' title='bbox 159 2349 342 2434; x_wconf 85' lang='lat' dir='ltr'><strong>composito</strong></span> <span class='ocrx_word' id='word_1_193' title='bbox 367 2362 439 2413; x_wconf 89' lang='lat' dir='ltr'><strong>orta</strong></span> <span class='ocrx_word' id='word_1_194' title='bbox 464 2349 528 2414; x_wconf 81' lang='lat' dir='ltr'><strong>ris:</strong></span> <span class='ocrx_word' id='word_1_195' title='bbox 555 2350 708 2438; x_wconf 82' lang='lat' dir='ltr'><strong>signoque</strong></span> <span class='ocrx_word' id='word_1_196' title='bbox 732 2350 809 2416; x_wconf 89' lang='lat' dir='ltr'><strong>dato</strong></span> <span class='ocrx_word' id='word_1_197' title='bbox 831 2352 982 2436; x_wconf 88' lang='lat' dir='ltr'><strong>juventus</strong></span> <span class='ocrx_word' id='word_1_198' title='bbox 1010 2351 1157 2416; x_wconf 76' lang='lat' dir='ltr'><strong>Romam</strong></span> <span class='ocrx_word' id='word_1_199' title='bbox 1213 2377 1216 2384; x_wconf 92' lang='lat'>·</span> <span class='ocrx_word' id='word_1_200' title='bbox 1312 2374 1318 2384; x_wconf 91' lang='lat'><strong>·</strong></span> 
     </span>
     <span class='ocr_line' id='line_1_26' title="bbox 96 2433 1304 2522; baseline 0.005 -22"><span class='ocrx_word' id='word_1_201' title='bbox 96 2433 118 2478; x_wconf 73' lang='lat'><strong>²¹</strong></span> <span class='ocrx_word' id='word_1_202' title='bbox 132 2434 173 2500; x_wconf 84' lang='lat' dir='ltr'><strong>ud</strong></span> <span class='ocrx_word' id='word_1_203' title='bbox 187 2435 357 2521; x_wconf 84' lang='lat' dir='ltr'><strong>rapiendas</strong></span> <span class='ocrx_word' id='word_1_204' title='bbox 379 2435 428 2500; x_wconf 83' lang='lat' dir='ltr'><strong>vir</strong></span> <span class='ocrx_word' id='word_1_205' title='bbox 451 2434 459 2448; x_wconf 76' lang='lat'><em>⁰</em></span> <span class='ocrx_word' id='word_1_206' title='bbox 483 2457 516 2500; x_wconf 90' lang='lat' dir='ltr'><strong>es</strong></span> <span class='ocrx_word' id='word_1_207' title='bbox 536 2435 695 2503; x_wconf 82' lang='lat' dir='ltr'><strong>discurrit.</strong></span> <span class='ocrx_word' id='word_1_208' title='bbox 719 2459 748 2500; x_wconf 92' lang='lat' dir='ltr'><strong>m</strong></span> <span class='ocrx_word' id='word_1_209' title='bbox 793 2459 835 2502; x_wconf 89' lang='lat' dir='ltr'><strong>na</strong></span> <span class='ocrx_word' id='word_1_210' title='bbox 857 2458 930 2522; x_wconf 85' lang='lat' dir='ltr'><strong>pars</strong></span> <span class='ocrx_word' id='word_1_211' title='bbox 956 2435 1049 2519; x_wconf 89' lang='lat' dir='ltr'><strong>forte,</strong></span> <span class='ocrx_word' id='word_1_212' title='bbox 1063 2449 1101 2502; x_wconf 90' lang='lat' dir='ltr'><strong>ut</strong></span> <span class='ocrx_word' id='word_1_213' title='bbox 1119 2438 1304 2518; x_wconf 74' lang='lat' dir='ltr'><strong>innsptuntur</strong></span> 
     </span>
     <span class='ocr_line' id='line_1_27' title="bbox 97 2521 1267 2610; baseline 0 -24"><span class='ocrx_word' id='word_1_214' title='bbox 97 2543 188 2606; x_wconf 87' lang='lat' dir='ltr'><strong>quem</strong></span> <span class='ocrx_word' id='word_1_215' title='bbox 202 2544 340 2610; x_wconf 77' lang='lat' dir='ltr'><strong>quaeque</strong></span> <span class='ocrx_word' id='word_1_216' title='bbox 361 2521 425 2585; x_wconf 90' lang='lat' dir='ltr'><strong>inci</strong></span> <span class='ocrx_word' id='word_1_217' title='bbox 450 2533 526 2599; x_wconf 85' lang='lat' dir='ltr'><strong>erat,</strong></span> <span class='ocrx_word' id='word_1_218' title='bbox 543 2536 662 2608; x_wconf 78' lang='lat' dir='ltr'><strong>raptae3</strong></span> <span class='ocrx_word' id='word_1_219' title='bbox 686 2544 762 2608; x_wconf 78' lang='lat' dir='ltr'><strong>quus</strong></span> <span class='ocrx_word' id='word_1_220' title='bbox 784 2545 834 2588; x_wconf 85' lang='lat' dir='ltr'><strong>am</strong></span> <span class='ocrx_word' id='word_1_221' title='bbox 856 2522 957 2586; x_wconf 79' lang='lat' dir='ltr'><strong>forma</strong></span> <span class='ocrx_word' id='word_1_222' title='bbox 972 2523 1153 2600; x_wconf 76' lang='lat' dir='ltr'><strong>excellente,</strong></span> <span class='ocrx_word' id='word_1_223' title='bbox 1164 2522 1267 2570; x_wconf 58' lang='lat' dir='ltr'><strong>Stfflssoe·</strong></span> 
     </span>
     <span class='ocr_line' id='line_1_28' title="bbox 96 2607 1157 2695; baseline 0.001 -23"><span class='ocrx_word' id='word_1_224' title='bbox 96 2609 287 2690; x_wconf 88' lang='lat' dir='ltr'><strong>primoribus</strong></span> <span class='ocrx_word' id='word_1_225' title='bbox 314 2607 447 2673; x_wconf 77' lang='lat' dir='ltr'><strong>Patruus</strong></span> <span class='ocrx_word' id='word_1_226' title='bbox 473 2607 652 2686; x_wconf 83' lang='lat' dir='ltr'><strong>destinates,</strong></span> <span class='ocrx_word' id='word_1_227' title='bbox 679 2608 833 2695; x_wconf 83' lang='lat' dir='ltr'><strong>explebe</strong></span> <span class='ocrx_word' id='word_1_228' title='bbox 861 2607 1015 2685; x_wconf 89' lang='lat' dir='ltr'><strong>homiues,</strong></span> <span class='ocrx_word' id='word_1_229' title='bbox 1041 2608 1157 2694; x_wconf 77' lang='lat' dir='ltr'><strong>quibus</strong></span> 
     </span>
    </p>

    <p class='ocr_par' dir='ltr' id='par_1_11' title="bbox 94 2691 1158 2783">
     <span class='ocr_line' id='line_1_29' title="bbox 94 2691 1158 2783; baseline 0.002 -25"><span class='ocrx_word' id='word_1_230' title='bbox 94 2691 202 2760; x_wconf 83' lang='lat' dir='ltr'><strong>datum</strong></span> <span class='ocrx_word' id='word_1_231' title='bbox 233 2695 397 2783; x_wconf 81' lang='lat' dir='ltr'><strong>negotium</strong></span> <span class='ocrx_word' id='word_1_232' title='bbox 426 2706 503 2772; x_wconf 85' lang='lat' dir='ltr'><strong>erat,</strong></span> <span class='ocrx_word' id='word_1_233' title='bbox 534 2695 646 2762; x_wconf 89' lang='lat' dir='ltr'><strong>domos</strong></span> <span class='ocrx_word' id='word_1_234' title='bbox 674 2693 869 2762; x_wconf 87' lang='lat' dir='ltr'><strong>deferebant.</strong></span> <span class='ocrx_word' id='word_1_235' title='bbox 916 2693 1036 2771; x_wconf 89' lang='lat' dir='ltr'><strong>Unam,</strong></span> <span class='ocrx_word' id='word_1_236' title='bbox 1062 2693 1158 2782; x_wconf 81' lang='lat' dir='ltr'><strong>longe</strong></span> 
     </span>
    </p>

    <p class='ocr_par' dir='ltr' id='par_1_12' title="bbox 95 2779 1157 2869">
     <span class='ocr_line' id='line_1_30' title="bbox 95 2779 1157 2869; baseline 0 -23"><span class='ocrx_word' id='word_1_237' title='bbox 95 2795 167 2846; x_wconf 81' lang='lat' dir='ltr'><strong>sate</strong></span> <span class='ocrx_word' id='word_1_238' title='bbox 189 2780 268 2846; x_wconf 86' lang='lat' dir='ltr'><strong>alias</strong></span> <span class='ocrx_word' id='word_1_239' title='bbox 293 2779 401 2864; x_wconf 87' lang='lat' dir='ltr'><strong>specie</strong></span> <span class='ocrx_word' id='word_1_240' title='bbox 421 2802 459 2845; x_wconf 85' lang='lat' dir='ltr'><strong>ac</strong></span> <span class='ocrx_word' id='word_1_241' title='bbox 484 2779 720 2864; x_wconf 83' lang='lat' dir='ltr'><strong>pulchritudine</strong></span> <span class='ocrx_word' id='word_1_242' title='bbox 741 2782 910 2868; x_wconf 79' lang='lat' dir='ltr'><strong>insignem,</strong></span> <span class='ocrx_word' id='word_1_243' title='bbox 931 2804 950 2847; x_wconf 92' lang='lat' dir='ltr'><strong>a</strong></span> <span class='ocrx_word' id='word_1_244' title='bbox 970 2780 1068 2869; x_wconf 86' lang='lat' dir='ltr'><strong>globo</strong></span> <span class='ocrx_word' id='word_1_245' title='bbox 1091 2781 1157 2846; x_wconf 57' lang='lat' dir='ltr'><strong>Tae</strong></span> 
     </span>
    </p>

    <p class='ocr_par' dir='ltr' id='par_1_13' title="bbox 95 2863 1256 3135">
     <span class='ocr_line' id='line_1_31' title="bbox 95 2863 1156 2956; baseline 0.003 -26"><span class='ocrx_word' id='word_1_246' title='bbox 95 2863 176 2932; x_wconf 85' lang='lat' dir='ltr'><strong>lassii</strong></span> <span class='ocrx_word' id='word_1_247' title='bbox 209 2867 376 2955; x_wconf 85' lang='lat' dir='ltr'><strong>eujusdam</strong></span> <span class='ocrx_word' id='word_1_248' title='bbox 408 2881 531 2952; x_wconf 85' lang='lat' dir='ltr'><strong>raptam</strong></span> <span class='ocrx_word' id='word_1_249' title='bbox 566 2867 680 2932; x_wconf 83' lang='lat' dir='ltr'><strong>ferunt</strong></span> <span class='ocrx_word' id='word_1_250' title='bbox 714 2867 885 2956; x_wconf 86' lang='lat' dir='ltr'><strong>multisque</strong></span> <span class='ocrx_word' id='word_1_251' title='bbox 913 2866 1156 2946; x_wconf 83' lang='lat' dir='ltr'><strong>sciscitantibus,</strong></span> 
     </span>
     <span class='ocr_line' id='line_1_32' title="bbox 96 2951 1256 3041; baseline 0 -23"><span class='ocrx_word' id='word_1_252' title='bbox 96 2954 221 3019; x_wconf 87' lang='lat' dir='ltr'><strong>cuinam</strong></span> <span class='ocrx_word' id='word_1_253' title='bbox 241 2975 312 3020; x_wconf 90' lang='lat' dir='ltr'><strong>eam</strong></span> <span class='ocrx_word' id='word_1_254' title='bbox 336 2953 465 3032; x_wconf 85' lang='lat' dir='ltr'><strong>ferrent,</strong></span> <span class='ocrx_word' id='word_1_255' title='bbox 488 2951 671 3035; x_wconf 82' lang='lat' dir='ltr'><strong>identidem,</strong></span> <span class='ocrx_word' id='word_1_256' title='bbox 692 2955 824 3041; x_wconf 91' lang='lat' dir='ltr'><strong>nequis</strong></span> <span class='ocrx_word' id='word_1_257' title='bbox 846 2953 989 3032; x_wconf 88' lang='lat' dir='ltr'><strong>violaret,</strong></span> <span class='ocrx_word' id='word_1_258' title='bbox 1012 2954 1158 3020; x_wconf 84' lang='lat' dir='ltr'><strong>Talassio</strong></span> <span class='ocrx_word' id='word_1_259' title='bbox 1254 3007 1256 3012; x_wconf 68' lang='lat'><strong>,</strong></span> 
     </span>
     <span class='ocr_line' id='line_1_33' title="bbox 96 3037 1156 3135; baseline 0.004 -33"><span class='ocrx_word' id='word_1_260' title='bbox 96 3038 166 3104; x_wconf 77' lang='lat' dir='ltr'><strong>terri</strong></span> <span class='ocrx_word' id='word_1_261' title='bbox 180 3040 389 3106; x_wconf 73' lang='lat' dir='ltr'><strong>clamitatum.</strong></span> <span class='ocrx_word' id='word_1_262' title='bbox 406 3037 481 3104; x_wconf 87' lang='lat' dir='ltr'><strong>inde</strong></span> <span class='ocrx_word' id='word_1_263' title='bbox 495 3040 670 3135; x_wconf 87' lang='lat' dir='ltr'><strong>nuptialem</strong></span> <span class='ocrx_word' id='word_1_264' title='bbox 684 3039 768 3106; x_wconf 87' lang='lat' dir='ltr'><strong>hanc</strong></span> <span class='ocrx_word' id='word_1_265' title='bbox 779 3063 888 3106; x_wconf 84' lang='lat' dir='ltr'><strong>vocem</strong></span> <span class='ocrx_word' id='word_1_266' title='bbox 904 3039 1031 3106; x_wconf 87' lang='lat' dir='ltr'><strong>factam.</strong></span> <span class='ocrx_word' id='word_1_267' title='bbox 1067 3043 1156 3106; x_wconf 77' lang='lat' dir='ltr'><strong>&#39;Pur-</strong></span> 
     </span>
    </p>

    <p class='ocr_par' dir='ltr' id='par_1_14' title="bbox 97 3123 1158 3216">
     <span class='ocr_line' id='line_1_34' title="bbox 97 3123 1158 3216; baseline 0.002 -26"><span class='ocrx_word' id='word_1_268' title='bbox 97 3123 169 3192; x_wconf 83' lang='lat' dir='ltr'><strong>bato</strong></span> <span class='ocrx_word' id='word_1_269' title='bbox 183 3149 241 3212; x_wconf 89' lang='lat' dir='ltr'><strong>per</strong></span> <span class='ocrx_word' id='word_1_270' title='bbox 258 3140 380 3195; x_wconf 84' lang='lat' dir='ltr'><strong>metum</strong></span> <span class='ocrx_word' id='word_1_271' title='bbox 404 3124 538 3203; x_wconf 90' lang='lat' dir='ltr'><strong>ludicro,</strong></span> <span class='ocrx_word' id='word_1_272' title='bbox 554 3127 662 3192; x_wconf 88' lang='lat' dir='ltr'><strong>tuoesti</strong></span> <span class='ocrx_word' id='word_1_273' title='bbox 677 3141 821 3212; x_wconf 85' lang='lat' dir='ltr'><strong>parentes</strong></span> <span class='ocrx_word' id='word_1_274' title='bbox 835 3128 994 3211; x_wconf 74' lang='lat' dir='ltr'><strong>virginum</strong></span> <span class='ocrx_word' id='word_1_275' title='bbox 1014 3127 1158 3216; x_wconf 80' lang='lat' dir='ltr'><strong>profugi·</strong></span> 
     </span>
    </p>

    <p class='ocr_par' dir='ltr' id='par_1_15' title="bbox 97 3212 1158 3300">
     <span class='ocr_line' id='line_1_35' title="bbox 97 3212 1158 3300; baseline 0.002 -24"><span class='ocrx_word' id='word_1_276' title='bbox 97 3223 163 3292; x_wconf 87' lang='lat' dir='ltr'><strong>unt,</strong></span> <span class='ocrx_word' id='word_1_277' title='bbox 190 3213 369 3279; x_wconf 78' lang='lat' dir='ltr'><strong>incusantes</strong></span> <span class='ocrx_word' id='word_1_278' title='bbox 391 3212 498 3277; x_wconf 84' lang='lat' dir='ltr'><strong>violati</strong></span> <span class='ocrx_word' id='word_1_279' title='bbox 520 3212 790 3296; x_wconf 62' lang='lat' dir='ltr'><strong>hospitii-,foedum</strong></span> <span class='ocrx_word' id='word_1_280' title='bbox 812 3213 982 3300; x_wconf 86' lang='lat' dir='ltr'><strong>Deruuque</strong></span> <span class='ocrx_word' id='word_1_281' title='bbox 1006 3214 1158 3280; x_wconf 85' lang='lat' dir='ltr'><strong>invocan-</strong></span> 
     </span>
    </p>

    <p class='ocr_par' dir='ltr' id='par_1_16' title="bbox 97 3297 1316 3473">
     <span class='ocr_line' id='line_1_36' title="bbox 97 3297 1316 3387; baseline 0.002 -23"><span class='ocrx_word' id='word_1_282' title='bbox 97 3311 150 3376; x_wconf 83' lang='lat' dir='ltr'><strong>tes,</strong></span> <span class='ocrx_word' id='word_1_283' title='bbox 165 3301 254 3386; x_wconf 86' lang='lat' dir='ltr'><strong>eujus</strong></span> <span class='ocrx_word' id='word_1_284' title='bbox 268 3300 310 3364; x_wconf 88' lang='lat' dir='ltr'><strong>ad</strong></span> <span class='ocrx_word' id='word_1_285' title='bbox 332 3297 488 3364; x_wconf 86' lang='lat' dir='ltr'><strong>sollemne</strong></span> <span class='ocrx_word' id='word_1_286' title='bbox 506 3298 670 3386; x_wconf 89' lang='lat' dir='ltr'><strong>ludosque,</strong></span> <span class='ocrx_word' id='word_1_287' title='bbox 685 3297 778 3384; x_wconf 73' lang='lat' dir='ltr'><strong>l&#39;per</strong></span> <span class='ocrx_word' id='word_1_288' title='bbox 798 3299 845 3364; x_wconf 85' lang='lat' dir='ltr'><strong>fas</strong></span> <span class='ocrx_word' id='word_1_289' title='bbox 859 3321 896 3364; x_wconf 86' lang='lat' dir='ltr'><strong>uc</strong></span> <span class='ocrx_word' id='word_1_290' title='bbox 912 3299 1006 3364; x_wconf 84' lang='lat' dir='ltr'><strong>fidem</strong></span> <span class='ocrx_word' id='word_1_291' title='bbox 1021 3298 1156 3387; x_wconf 90' lang='lat' dir='ltr'><strong>decepti,</strong></span> <span class='ocrx_word' id='word_1_292' title='bbox 1229 3299 1231 3304; x_wconf 76' lang='grc'><strong>’</strong></span> <span class='ocrx_word' id='word_1_293' title='bbox 1312 3335 1316 3342; x_wconf 91' lang='grc'><strong><em>·</em></strong></span> 
     </span>
     <span class='ocr_line' id='line_1_37' title="bbox 98 3385 1159 3473; baseline 0.005 -25"><span class='ocrx_word' id='word_1_294' title='bbox 98 3385 259 3453; x_wconf 75' lang='lat' dir='ltr'><strong>emissent.</strong></span> <span class='ocrx_word' id='word_1_295' title='bbox 304 3385 375 3452; x_wconf 87' lang='lat' dir='ltr'><strong>Nec</strong></span> <span class='ocrx_word' id='word_1_296' title='bbox 396 3386 495 3473; x_wconf 85' lang='lat' dir='ltr'><strong>ruptis</strong></span> <span class='ocrx_word' id='word_1_297' title='bbox 510 3399 566 3452; x_wconf 88' lang='lat' dir='ltr'><strong>aut</strong></span> <span class='ocrx_word' id='word_1_298' title='bbox 580 3407 650 3472; x_wconf 88' lang='lat' dir='ltr'><strong>spes</strong></span> <span class='ocrx_word' id='word_1_299' title='bbox 664 3385 705 3451; x_wconf 92' lang='lat' dir='ltr'><strong>de</strong></span> <span class='ocrx_word' id='word_1_300' title='bbox 720 3409 753 3452; x_wconf 88' lang='lat' dir='ltr'><strong>se</strong></span> <span class='ocrx_word' id='word_1_301' title='bbox 766 3386 889 3465; x_wconf 88' lang='lat' dir='ltr'><strong>melior,</strong></span> <span class='ocrx_word' id='word_1_302' title='bbox 904 3385 996 3453; x_wconf 68' lang='lat' dir='ltr'><strong>&#39;‘laut</strong></span> <span class='ocrx_word' id='word_1_303' title='bbox 1009 3386 1159 3471; x_wconf 83' lang='lat' dir='ltr'><strong>indigue·</strong></span> 
     </span>
    </p>
   </div>
   <div class='ocr_carea' id='block_1_4' title="bbox 92 3537 1267 4382">
    <p class='ocr_par' dir='ltr' id='par_1_17' title="bbox 96 3537 1160 3994">
     <span class='ocr_line' id='line_1_38' title="bbox 126 3537 1159 3608; baseline 0.003 -17"><span class='ocrx_word' id='word_1_304' title='bbox 126 3541 159 3590; x_wconf 63' lang='grc' dir='ltr'><em>ὣ</em></span> <span class='ocrx_word' id='word_1_305' title='bbox 175 3537 311 3608; x_wconf 61' lang='lat' dir='ltr'><strong>cndu]</strong></span> <span class='ocrx_word' id='word_1_306' title='bbox 330 3547 353 3592; x_wconf 81' lang='grc' dir='ltr'><strong>Α</strong></span> <span class='ocrx_word' id='word_1_307' title='bbox 375 3546 457 3594; x_wconf 77' lang='lat' dir='ltr'><strong>cuuto</strong></span> <span class='ocrx_word' id='word_1_308' title='bbox 474 3546 534 3593; x_wconf 83' lang='lat' dir='ltr'><strong>deor</strong></span> <span class='ocrx_word' id='word_1_309' title='bbox 560 3546 611 3592; x_wconf 81' lang='lat' dir='ltr'><strong>sive</strong></span> <span class='ocrx_word' id='word_1_310' title='bbox 642 3546 730 3603; x_wconf 69' lang='lat' dir='ltr'><strong>atatis,</strong></span> <span class='ocrx_word' id='word_1_311' title='bbox 751 3552 775 3592; x_wconf 84' lang='lat' dir='ltr'><strong>et</strong></span> <span class='ocrx_word' id='word_1_312' title='bbox 792 3559 864 3592; x_wconf 81' lang='lat' dir='ltr'><strong>sexus</strong></span> <span class='ocrx_word' id='word_1_313' title='bbox 883 3545 1075 3593; x_wconf 83' lang='lat' dir='ltr'><strong>multitudinem.</strong></span> <span class='ocrx_word' id='word_1_314' title='bbox 1099 3543 1159 3594; x_wconf 72' lang='lat' dir='ltr'><strong>Vitl-</strong></span> 
     </span>
     <span class='ocr_line' id='line_1_39' title="bbox 97 3603 888 3670; baseline 0.006 -16"><span class='ocrx_word' id='word_1_315' title='bbox 97 3603 136 3654; x_wconf 78' lang='lat' dir='ltr'><strong>un</strong></span> <span class='ocrx_word' id='word_1_316' title='bbox 149 3607 212 3656; x_wconf 75' lang='lat' dir='ltr'><strong>uem</strong></span> <span class='ocrx_word' id='word_1_317' title='bbox 222 3623 280 3661; x_wconf 72' lang='lat' dir='ltr'><strong>em</strong></span> <span class='ocrx_word' id='word_1_318' title='bbox 291 3609 409 3670; x_wconf 73' lang='lat' dir='ltr'><strong>Neptuno</strong></span> <span class='ocrx_word' id='word_1_319' title='bbox 424 3609 538 3670; x_wconf 62' lang='lat' dir='ltr'><strong>uquam</strong></span> <span class='ocrx_word' id='word_1_320' title='bbox 554 3610 612 3668; x_wconf 79' lang='lat' dir='ltr'><strong>nrt,</strong></span> <span class='ocrx_word' id='word_1_321' title='bbox 643 3613 673 3657; x_wconf 71' lang='lat' dir='ltr'><strong>a</strong></span> <span class='ocrx_word' id='word_1_322' title='bbox 685 3611 747 3658; x_wconf 71' lang='lat' dir='ltr'><strong>cerr.</strong></span> <span class='ocrx_word' id='word_1_323' title='bbox 759 3610 835 3657; x_wconf 89' lang='lat' dir='ltr'><strong>xrrr.</strong></span> <span class='ocrx_word' id='word_1_324' title='bbox 847 3611 888 3659; x_wconf 79' lang='lat' dir='ltr'><strong>rr.</strong></span> 
     </span>
     <span class='ocr_line' id='line_1_40' title="bbox 99 3671 1158 3737; baseline 0 -17"><span class='ocrx_word' id='word_1_325' title='bbox 99 3671 159 3728; x_wconf 65' lang='lat' dir='ltr'><strong>quod</strong></span> <span class='ocrx_word' id='word_1_326' title='bbox 171 3673 209 3720; x_wconf 86' lang='lat' dir='ltr'><strong>bic</strong></span> <span class='ocrx_word' id='word_1_327' title='bbox 219 3675 321 3722; x_wconf 84' lang='lat' dir='ltr'><strong>innuere</strong></span> <span class='ocrx_word' id='word_1_328' title='bbox 332 3676 430 3722; x_wconf 83' lang='lat' dir='ltr'><strong>ridetur</strong></span> <span class='ocrx_word' id='word_1_329' title='bbox 442 3673 541 3730; x_wconf 70' lang='lat' dir='ltr'><strong>Liviuee</strong></span> <span class='ocrx_word' id='word_1_330' title='bbox 559 3675 611 3722; x_wconf 83' lang='lat' dir='ltr'><strong>slve</strong></span> <span class='ocrx_word' id='word_1_331' title='bbox 675 3675 704 3722; x_wconf 81' lang='lat' dir='ltr'><strong>tl</strong></span> <span class='ocrx_word' id='word_1_332' title='bbox 722 3675 762 3723; x_wconf 77' lang='lat' dir='ltr'><strong>Aa</strong></span> <span class='ocrx_word' id='word_1_333' title='bbox 780 3675 902 3735; x_wconf 73' lang='lat' dir='ltr'><strong>ropimdot</strong></span> <span class='ocrx_word' id='word_1_334' title='bbox 923 3672 1039 3737; x_wconf 74' lang='lat' dir='ltr'><strong>virginet]</strong></span> <span class='ocrx_word' id='word_1_335' title='bbox 1072 3675 1158 3734; x_wconf 73' lang='lat' dir='ltr'><strong>Rapta·</strong></span> 
     </span>
     <span class='ocr_line' id='line_1_41' title="bbox 97 3733 1109 3801; baseline 0.004 -19"><span class='ocrx_word' id='word_1_336' title='bbox 97 3733 185 3782; x_wconf 65' lang='grc' dir='ltr'><strong>θιὼ·</strong></span> <span class='ocrx_word' id='word_1_337' title='bbox 205 3739 306 3800; x_wconf 80' lang='lat' dir='ltr'><strong>quidum</strong></span> <span class='ocrx_word' id='word_1_338' title='bbox 326 3739 480 3786; x_wconf 86' lang='lat' dir='ltr'><strong>ooetrltorum</strong></span> <span class='ocrx_word' id='word_1_339' title='bbox 500 3739 612 3786; x_wconf 73' lang='lat' dir='ltr'><strong>consulo·</strong></span> <span class='ocrx_word' id='word_1_340' title='bbox 642 3746 700 3786; x_wconf 81' lang='lat' dir='ltr'><strong>sum</strong></span> <span class='ocrx_word' id='word_1_341' title='bbox 710 3737 1109 3801; x_wconf 69' lang='lat' dir='ltr'><strong>vtrgmesussutsstenton.t11.</strong></span> 
     </span>
     <span class='ocr_line' id='line_1_42' title="bbox 98 3801 1160 3868; baseline 0.007 -24"><span class='ocrx_word' id='word_1_342' title='bbox 98 3801 611 3864; x_wconf 74' lang='lat' dir='ltr'><strong>rumduxetprmses,quiinillosolenrtl</strong></span> <span class='ocrx_word' id='word_1_343' title='bbox 675 3805 706 3852; x_wconf 76' lang='grc'><strong>72</strong></span> <span class='ocrx_word' id='word_1_344' title='bbox 723 3803 831 3865; x_wconf 68' lang='lat' dir='ltr'><strong>Person</strong></span> <span class='ocrx_word' id='word_1_345' title='bbox 849 3803 964 3864; x_wconf 68' lang='lat' dir='ltr'><strong>orfidum</strong></span> <span class='ocrx_word' id='word_1_346' title='bbox 980 3802 1077 3868; x_wconf 73' lang='lat' dir='ltr'><strong>dempti]</strong></span> <span class='ocrx_word' id='word_1_347' title='bbox 1109 3801 1160 3851; x_wconf 85' lang='lat' dir='ltr'><strong>De·</strong></span> 
     </span>
     <span class='ocr_line' id='line_1_43' title="bbox 96 3859 1159 3930; baseline 0 -17"><span class='ocrx_word' id='word_1_348' title='bbox 96 3859 233 3924; x_wconf 69' lang='lat' dir='ltr'><strong>wjttuetoe</strong></span> <span class='ocrx_word' id='word_1_349' title='bbox 242 3881 300 3916; x_wconf 85' lang='lat' dir='ltr'><strong>cum</strong></span> <span class='ocrx_word' id='word_1_350' title='bbox 313 3867 433 3928; x_wconf 75' lang='lat' dir='ltr'><strong>Neptuno</strong></span> <span class='ocrx_word' id='word_1_351' title='bbox 449 3868 552 3916; x_wconf 86' lang='lat' dir='ltr'><strong>honores</strong></span> <span class='ocrx_word' id='word_1_352' title='bbox 567 3871 610 3916; x_wconf 84' lang='lat' dir='ltr'><strong>ha·</strong></span> <span class='ocrx_word' id='word_1_353' title='bbox 642 3869 706 3930; x_wconf 79' lang='lat' dir='ltr'><strong>cepti</strong></span> <span class='ocrx_word' id='word_1_354' title='bbox 717 3881 760 3929; x_wconf 86' lang='lat' dir='ltr'><strong>per</strong></span> <span class='ocrx_word' id='word_1_355' title='bbox 770 3869 876 3930; x_wconf 81' lang='lat' dir='ltr'><strong>speciem</strong></span> <span class='ocrx_word' id='word_1_356' title='bbox 895 3867 971 3914; x_wconf 82' lang='lat' dir='ltr'><strong>otvtnt</strong></span> <span class='ocrx_word' id='word_1_357' title='bbox 986 3863 1050 3928; x_wconf 84' lang='lat' dir='ltr'><strong>juris</strong></span> <span class='ocrx_word' id='word_1_358' title='bbox 1064 3875 1089 3914; x_wconf 84' lang='lat' dir='ltr'><strong>et</strong></span> <span class='ocrx_word' id='word_1_359' title='bbox 1104 3868 1159 3914; x_wconf 84' lang='lat' dir='ltr'><strong>rell-</strong></span> 
     </span>
     <span class='ocr_line' id='line_1_44' title="bbox 98 3925 1159 3994; baseline -0.001 -14"><span class='ocrx_word' id='word_1_360' title='bbox 98 3925 168 3974; x_wconf 61' lang='grc' dir='ltr'><strong>δῦθι</strong></span> <span class='ocrx_word' id='word_1_361' title='bbox 642 3934 743 3994; x_wconf 72' lang='lat' dir='ltr'><strong>glanum</strong></span> <span class='ocrx_word' id='word_1_362' title='bbox 760 3941 785 3980; x_wconf 87' lang='lat' dir='ltr'><strong>et</strong></span> <span class='ocrx_word' id='word_1_363' title='bbox 804 3933 859 3980; x_wconf 77' lang='lat' dir='ltr'><strong>fidei</strong></span> <span class='ocrx_word' id='word_1_364' title='bbox 878 3931 1010 3991; x_wconf 75' lang='lat' dir='ltr'><strong>hmpttatta</strong></span> <span class='ocrx_word' id='word_1_365' title='bbox 1044 3933 1083 3979; x_wconf 86' lang='lat' dir='ltr'><strong>De</strong></span> <span class='ocrx_word' id='word_1_366' title='bbox 1100 3943 1159 3980; x_wconf 83' lang='lat' dir='ltr'><strong>rone</strong></span> 
     </span>
    </p>

    <p class='ocr_par' dir='ltr' id='par_1_18' title="bbox 96 3991 1267 4188">
     <span class='ocr_line' id='line_1_45' title="bbox 126 3991 1053 4061; baseline 0.004 -23"><span class='ocrx_word' id='word_1_367' title='bbox 126 3991 158 4038; x_wconf 76' lang='grc'><strong>69</strong></span> <span class='ocrx_word' id='word_1_368' title='bbox 174 3994 348 4061; x_wconf 66' lang='lat' dir='ltr'><strong>emmer]</strong></span> <span class='ocrx_word' id='word_1_369' title='bbox 370 3997 410 4042; x_wconf 78' lang='lat' dir='ltr'><strong>lta</strong></span> <span class='ocrx_word' id='word_1_370' title='bbox 430 3997 564 4052; x_wconf 84' lang='lat' dir='ltr'><strong>instruunt,</strong></span> <span class='ocrx_word' id='word_1_371' title='bbox 582 4004 611 4045; x_wconf 87' lang='lat' dir='ltr'><strong>ut</strong></span> <span class='ocrx_word' id='word_1_372' title='bbox 635 3997 738 4059; x_wconf 77' lang='lat' dir='ltr'><strong>forvid.</strong></span> <span class='ocrx_word' id='word_1_373' title='bbox 750 4004 799 4044; x_wconf 85' lang='lat' dir='ltr'><strong>not.</strong></span> <span class='ocrx_word' id='word_1_374' title='bbox 811 3999 850 4045; x_wconf 80' lang='grc'><strong>88.</strong></span> <span class='ocrx_word' id='word_1_375' title='bbox 862 3996 970 4044; x_wconf 66' lang='lat' dir='ltr'><strong>adusi.</strong></span> <span class='ocrx_word' id='word_1_376' title='bbox 983 3997 1053 4042; x_wconf 75' lang='lat' dir='ltr'><strong>lulla.</strong></span> 
     </span>
     <span class='ocr_line' id='line_1_46' title="bbox 96 4054 1267 4188; baseline 0.001 -19"><span class='ocrx_word' id='word_1_377' title='bbox 96 4054 609 4188; x_wconf 50' lang='lat' dir='ltr'><strong>mmmmm</strong></span> <span class='ocrx_word' id='word_1_378' title='bbox 642 4060 1160 4186; x_wconf 54' lang='lat' dir='ltr'><strong>,senmurum</strong></span> <span class='ocrx_word' id='word_1_379' title='bbox 1265 4143 1267 4147; x_wconf 25' lang='grc' dir='ltr'>ψ</span> 
     </span>
    </p>

    <p class='ocr_par' dir='ltr' id='par_1_19' title="bbox 356 4156 933 4180">
     <span class='ocr_line' id='line_1_47' title="bbox 356 4156 933 4180; baseline 0 0"><span class='ocrx_word' id='word_1_380' title='bbox 356 4156 364 4172; x_wconf 82' lang='grc'><em>·</em></span> <span class='ocrx_word' id='word_1_381' title='bbox 926 4157 933 4180; x_wconf 83' lang='lat' dir='ltr'><strong>s</strong></span> 
     </span>
    </p>

    <p class='ocr_par' dir='ltr' id='par_1_20' title="bbox 92 4187 1160 4382">
     <span class='ocr_line' id='line_1_48' title="bbox 125 4187 1159 4252; baseline 0.005 -18"><span class='ocrx_word' id='word_1_382' title='bbox 125 4187 157 4234; x_wconf 83' lang='lat' dir='ltr'><strong>tu</strong></span> <span class='ocrx_word' id='word_1_383' title='bbox 170 4187 252 4236; x_wconf 73' lang='lat' dir='ltr'><strong>trun</strong></span> <span class='ocrx_word' id='word_1_384' title='bbox 260 4189 383 4252; x_wconf 71' lang='lat' dir='ltr'><strong>molet]</strong></span> <span class='ocrx_word' id='word_1_385' title='bbox 398 4191 527 4250; x_wconf 71' lang='lat' dir='ltr'><strong>nuptast·</strong></span> <span class='ocrx_word' id='word_1_386' title='bbox 538 4197 574 4237; x_wconf 80' lang='lat' dir='ltr'><strong>ert</strong></span> <span class='ocrx_word' id='word_1_387' title='bbox 585 4191 611 4237; x_wconf 88' lang='lat' dir='ltr'><strong>ln</strong></span> <span class='ocrx_word' id='word_1_388' title='bbox 644 4191 752 4252; x_wconf 86' lang='lat' dir='ltr'><strong>quinque</strong></span> <span class='ocrx_word' id='word_1_389' title='bbox 771 4187 892 4238; x_wconf 85' lang='lat' dir='ltr'><strong>codicibus</strong></span> <span class='ocrx_word' id='word_1_390' title='bbox 909 4204 923 4236; x_wconf 85' lang='lat' dir='ltr'><strong>a</strong></span> <span class='ocrx_word' id='word_1_391' title='bbox 943 4203 968 4235; x_wconf 85' lang='lat' dir='ltr'><strong>se</strong></span> <span class='ocrx_word' id='word_1_392' title='bbox 987 4191 1101 4251; x_wconf 82' lang='lat' dir='ltr'><strong>inspectis</strong></span> <span class='ocrx_word' id='word_1_393' title='bbox 1123 4195 1159 4240; x_wconf 81' lang='lat' dir='ltr'><strong>te·</strong></span> 
     </span>
     <span class='ocr_line' id='line_1_49' title="bbox 93 4247 1160 4316; baseline 0.003 -16"><span class='ocrx_word' id='word_1_394' title='bbox 93 4247 137 4296; x_wconf 70' lang='lat' dir='ltr'><strong>he</strong></span> <span class='ocrx_word' id='word_1_395' title='bbox 155 4267 212 4301; x_wconf 82' lang='lat' dir='ltr'><strong>rone</strong></span> <span class='ocrx_word' id='word_1_396' title='bbox 231 4255 351 4311; x_wconf 68' lang='lat' dir='ltr'><strong>merore«,</strong></span> <span class='ocrx_word' id='word_1_397' title='bbox 372 4257 406 4302; x_wconf 80' lang='lat' dir='ltr'><strong>ad</strong></span> <span class='ocrx_word' id='word_1_398' title='bbox 427 4255 612 4316; x_wconf 74' lang='lat' dir='ltr'><strong>signlflermdrm</strong></span> <span class='ocrx_word' id='word_1_399' title='bbox 644 4261 723 4304; x_wconf 84' lang='lat' dir='ltr'><strong>statur</strong></span> <span class='ocrx_word' id='word_1_400' title='bbox 744 4256 889 4310; x_wconf 79' lang='lat' dir='ltr'><strong>Gronovius,</strong></span> <span class='ocrx_word' id='word_1_401' title='bbox 906 4260 930 4301; x_wconf 83' lang='lat' dir='ltr'><strong>et</strong></span> <span class='ocrx_word' id='word_1_402' title='bbox 947 4255 973 4300; x_wconf 86' lang='lat' dir='ltr'><strong>in</strong></span> <span class='ocrx_word' id='word_1_403' title='bbox 994 4256 1102 4315; x_wconf 83' lang='lat' dir='ltr'><strong>quinque</strong></span> <span class='ocrx_word' id='word_1_404' title='bbox 1120 4255 1160 4304; x_wconf 82' lang='lat' dir='ltr'><strong>iti·</strong></span> 
     </span>
     <span class='ocr_line' id='line_1_50' title="bbox 92 4310 958 4382; baseline -0.001 -16"><span class='ocrx_word' id='word_1_405' title='bbox 92 4310 211 4378; x_wconf 63' lang='lat' dir='ltr'><strong>ingentu</strong></span> <span class='ocrx_word' id='word_1_406' title='bbox 228 4321 362 4370; x_wconf 72' lang='lat' dir='ltr'><strong>hminum</strong></span> <span class='ocrx_word' id='word_1_407' title='bbox 377 4318 495 4382; x_wconf 40' lang='lat' dir='ltr'><strong>*cujum</strong></span> <span class='ocrx_word' id='word_1_408' title='bbox 511 4321 612 4380; x_wconf 84' lang='lat' dir='ltr'><strong>ordinis,</strong></span> <span class='ocrx_word' id='word_1_409' title='bbox 644 4320 700 4367; x_wconf 86' lang='lat' dir='ltr'><strong>dem</strong></span> <span class='ocrx_word' id='word_1_410' title='bbox 712 4333 726 4366; x_wconf 90' lang='lat' dir='ltr'><strong>e</strong></span> <span class='ocrx_word' id='word_1_411' title='bbox 737 4322 824 4382; x_wconf 82' lang='lat' dir='ltr'><strong>nostris</strong></span> <span class='ocrx_word' id='word_1_412' title='bbox 834 4320 958 4381; x_wconf 83' lang='lat' dir='ltr'><strong>reperitur.</strong></span> 
     </span>
    </p>
   </div>
   <div class='ocr_carea' id='block_1_5' title="bbox 0 0 1500 4930">
    <p class='ocr_par' dir='ltr' id='par_1_21' title="bbox 0 0 1500 4930">
     <span class='ocr_line' id='line_1_51' title="bbox 0 0 1500 4930; baseline 0 0"><span class='ocrx_word' id='word_1_413' title='bbox 0 0 1500 4930; x_wconf 95' lang='lat' dir='ltr'><strong> </strong></span> 
     </span>
    </p>
   </div>
  </div>
 </body>
</html>
