3034 4916
449 229 543 294 ΗΒ.
566 229 604 292 X.
631 229 735 291 CAP.
755 231 872 292 xxxi.
1135 239 1193 304 589

134 393 222 462 mille
242 393 457 485 septingentos
477 395 703 484 quadraginta:
726 397 782 484 qui
796 395 930 464 redemti
951 394 1068 483 singuli
1088 396 1115 438 ¹⁸
1122 396 1195 462 oeris
1204 405 1340 457 uccer.

134 482 283 548 trecentis
296 481 418 548 decent.
432 483 543 570 preede
556 483 617 548 alia
630 483 733 548 omnis
748 483 899 550 militibus
913 504 1073 551 concesse.
1104 473 1273 549 Sam-⁵³³·
1283 469 1339 520 ²⁹⁵⁸

134 569 250 634 uitium
264 567 413 670 legiqnes,
428 591 526 656 quum
543 573 660 654 partim
674 571 739 654 Ap.
756 569 911 636 Claudius
933 581 1061 655 praetor,
1077 571 1196 656 partim

136 653 177 720 L.
191 653 381 722 Volumnius
404 677 464 741 pro
487 654 617 720 consule
637 669 830 742 sequeretur,
846 657 879 722 in
897 677 1009 742 agrum
1033 656 1195 722 Stellatem

110 780 116 798 ·
135 756 361 810 convenerunt.
383 742 430 806 ibi
443 754 476 808 et
489 742 711 810 1⁹Samnitium
730 741 871 830 legiones
892 765 1001 808 omnes
1016 743 1194 820 considunt,

135 838 167 891 et
196 827 323 913 Appius
352 826 602 916 Volumniusque
627 839 732 894 castra
758 831 966 980 conjungunt.
1012 829 1196 917 Pugnatum

134 911 341 980 infestissimis
355 914 478 992 animis,
494 912 569 980 hinc
583 915 632 980 ira
645 913 825 980 stimulante
846 937 865 980 a
889 937 994 980 uersus
1010 915 1196 982 rebellantes

135 999 240 1078 toties,
262 999 350 1066 illinc
372 1003 411 1066 sb
434 1000 547 1066 ultima
561 1001 631 1087 jam
651 1000 876 1068 dimicantibus
897 1023 962 1086 spe.
1007 1001 1100 1068 Coesa
1119 1025 1197 1091 ergo

133 1086 326 1152 Samnitium
342 1086 499 1172 sexdecim
523 1087 621 1152 millia
641 1087 785 1165 trecenti,
808 1101 900 1174 capte
921 1087 986 1153 duo
1007 1088 1106 1153 millia
1127 1111 1197 1175 sep-

133 1172 284 1324 ttrittgelqgrl¹
296 1195 337 1238 ex
355 1173 658 1325 Romgrerfieuercissu
669 1174 811 1324 recidatis
823 1174 889 1325 (ἔξω
904 1174 1002 1276 millia
1016 1175 1197 1326 sepqqtigerr-

162 1307 171 1323 .
286 1281 307 1324 x
322 1281 423 1326 annus
504 1282 560 1326 tcts
582 1282 615 1324 re
638 1281 684 1339 us,
792 1283 832 1326 eu
848 1283 879 1325 ra
938 1282 1012 1339 asts,
1053 1284 1068 1325 r
1157 1284 1197 1326 ts-

133 1367 198 1432 que
213 1345 374 1412 sollicitus.
389 1367 475 1424 num,
484 1359 516 1412 et
525 1359 642 1412 terram
656 1281 858 1412 militariam
874 1347 1000 1433 puisse,
1012 1281 1050 1414 ei)
1059 1347 1092 1411 in
1107 1283 1197 1413 οξεῖ-

133 1431 202 1496 citu
217 1435 283 1516 Ap.
299 1431 425 1498 Claudii
441 1433 606 1518 picemque
620 1432 804 1498 fulminibus
826 1434 914 1512 ictos,
931 1434 1115 1500 nunciatum
1131 1446 1194 1498 est:

131 1517 208 1584 iibri
231 1540 271 1584 ue
285 1519 328 1584 ob
342 1518 413 1584 baec
425 1519 514 1586 editi.
559 1519 610 1584 Eo
630 1539 716 1584 enno
731 1519 777 1596 Q.
792 1519 909 1585 Fabius
925 1520 1064 1609 Gurges,
1080 1540 1196 1584 consu-

132 1604 173 1670 lis
227 1605 288 1685 ius,
302 1603 424 1692 eliquot
436 1619 596 1672 matronas
610 1605 653 1671 ad
666 1605 821 1691 populum
842 1607 945 1693 stupri
960 1605 1124 1673 damnatas
1139 1629 1195 1692 pe·

131 1691 230 1756 cunis
251 1690 406 1758 multavit.
425 1715 466 1758 ex
480 1714 545 1776 quo
566 1693 742 1758 multaticio
763 1713 828 1757 aere
843 1693 974 1759 Veneris
994 1692 1107 1771 aedeuu
1123 1715 1196 1779 quae

131 1798 236 1863 prope
249 1777 369 1843 circum
384 1792 442 1859 est,
457 1777 631 1844 faciendam
647 1779 779 1845 curavit.
811 1780 987 1865 Supersunt
1001 1781 1096 1846 etiam
1111 1800 1197 1845 nunc

133 1864 329 1930 Samnitium
347 1863 439 1943 belle,
454 1887 528 1951 quse
549 1865 701 1932 continua
721 1887 780 1950 per
801 1879 949 1952 quartum
965 1867 1033 1953 jem
1048 1865 1196 1932 volumen
1204 1881 1349 1932 netttsem-

131 1950 352 2038 ”annumque
372 1962 501 2017 sextum
522 1963 554 2017 et
573 1953 862 2039 quadragesimum,
885 1976 905 2018 a
927 1952 977 2018 M.
993 1951 1132 2032 Valerio,
1153 1947 1337 2018 ΛΜΝ·

133 2035 287 2104 Cornelio
301 2037 491 2116 consulibus,
505 2039 559 2126 qui
574 2037 670 2125 primi
686 2039 817 2104 Samnio
831 2061 920 2104 arma
932 2039 1117 2117 intulerunt,
1129 2039 1196 2127 agi·
1205 2014 1351 2126 ‘fflffif‘

129 2145 223 2190 muse
245 2139 279 2189 et
291 2144 333 2190 ne
347 2139 397 2188 tot
410 2146 568 2190 annorum
582 2123 687 2189 clades
706 2125 871 2211 utriusque
887 2127 990 2212 gentis
1009 2124 1197 2212 laboresque

129 2221 222 2276 actos
236 2230 322 2274 nunc
337 2213 483 2287 referem,
498 2209 612 2295 quibus
627 2209 826 2295 nequiverint
839 2224 942 2275 tamen
957 2211 1039 2276 dura
1053 2210 1107 2275 illa
1120 2233 1196 2296 pec·

130 2310 206 2362 torn
220 2295 323 2374 vinci3
345 2295 491 2380 proximo
513 2317 597 2360 anno
619 2296 776 2362 Samnites
797 2296 830 2360 in
855 2296 1008 2362 Sentinati
1031 2319 1120 2397 egro,
1137 2297 1199 2363 Pe·

130 2379 242 2482 lignis,
256 2377 298 2444 ed
313 2379 491 2457 Tifernum,
510 2379 692 2446 Stellatibus
708 2382 838 2466 campis,
856 2382 921 2446 suis
935 2382 995 2466 ipsi
1010 2381 1039 2448 le
1061 2383 1196 2462 mnibus,

129 2465 228 2534 musti
246 2465 365 2542 alienis,
385 2465 426 2530 ab
447 2481 582 2553 quatuor
602 2466 803 2546 exercitibus,
819 2481 955 2555 quatuor
976 2469 1048 2534 duct
1072 2491 1108 2533 us
1132 2470 1198 2542 Ro·

131 2553 240 2622 mauis
264 2552 338 2618 cresi
362 2550 497 2629 luerent,
522 2555 563 2618 ins
607 2566 744 2618 retorem
769 2553 979 2620 clarissimum
1007 2555 1111 2642 gentis
1132 2579 1198 2622 suae

129 2640 323 2716 amiserant3
339 2638 440 2704 socios
453 2637 538 2718 belli,
586 2652 717 2715 truscos,
735 2639 884 2718 Umbros,
901 2639 1023 2719 Gallos,
1039 2641 1072 2706 in
1087 2642 1197 2708 eedem

129 2728 264 2793 fortuna
276 2724 516 2810 videbantque
535 2725 595 2810 ipsi
617 2739 724 2791 erant:
747 2748 807 2791 nec
826 2729 900 2805 suis,
915 2748 975 2790 nec
992 2728 1130 2792 externis
1151 2729 1198 2794 vi·

129 2815 226 2880 ribus
240 2812 302 2878 'arn
316 2824 400 2877 stare
412 2823 576 2898 poterent;
597 2823 701 2878 tamen
717 2813 880 2878 bellonnn
891 2813 1103 2880 abstinebant
1119 2815 1199 2881 adeo

128 2923 175 2967 ne
197 2899 230 2963 itt
244 2898 365 2962 eliciter
386 2897 515 2984 quidem
536 2895 674 2964 defense
695 2898 850 2965 libertatis
872 2898 1028 2966 taedebut:
1051 2912 1084 2966 et
1104 2901 1198 2980 vinci,

130 3007 234 3076 quem
259 3005 325 3050 nou
350 2997 472 3050 tentare
497 2984 671 3064 victoriam,
694 2985 864 3054 malebant.
908 2985 1050 3064 Quinam
1073 2986 1114 3055 sit
1135 2987 1197 3067 ille,

165 3245 199 3293 lS
214 3243 283 3294 AErit
301 3245 408 3292 trecentis
427 3244 515 3308 deum]
548 3245 651 3292 Artibus
682 3259 732 3308 quo
742 3244 772 3293 1.
784 3245 924 3294 Postumius
941 3255 966 3294 et
982 3245 1019 3292 tt.
1031 3248 1122 3294 Atilius
1141 3261 1201 3296 cun·

128 3311 191 3362 8¹0.
219 3309 262 3372 qui
286 3309 402 3356 numeri
429 3314 530 3370 poemnt
556 3309 651 3356 circiter
683 3309 748 3356 eules
759 3311 909 3364 luerunt,ut
922 3313 1146 3372 patetexeoquod
1156 3325 1201 3358 en-

128 3381 240 3439 querum
249 3374 328 3420 unciis
338 3374 431 3434 argenti
443 3373 627 3420 Pstieiensibus.
684 3387 745 3420 num
762 3388 811 3434 quo
827 3373 948 3420 Semuites
964 3374 989 3419 ire
1007 3373 1141 3422 Sentinati.
1154 3409 1161 3424 .
1172 3407 1199 3424 ..

166 3437 200 3486 1⁹
215 3437 361 3484 Saeuitiam
375 3437 474 3500 kgtoser
489 3436 578 3500 enus]
598 3437 652 3485 vox
683 3438 736 3483 coeei
748 3437 859 3500 serrat,
871 3438 897 3483 id
914 3445 960 3492 eet,
971 3449 1028 3484 earn
1046 3451 1095 3498 quo
1110 3439 1200 3489 lienium

126 3501 416 3565 mathattlibris
425 3501 652 3562 Gronorioinspee-
684 3502 714 3548 V·
737 3501 828 3548 Decius
849 3501 893 3548 lV.
917 3501 1070 3550 merentum
1095 3518 1200 3565 genere,

126 3567 335 3615 uteremur.
368 3565 507 3627 Campanus
524 3566 593 3612 iilam
609 3567 651 3614 btt-
683 3571 752 3612 vocet
784 3568 857 3626 paulo
887 3566 951 3612 inire
980 3567 1125 3628 minem,
1150 3573 1201 3618 eive

128 3636 185 3690 net,
204 3630 247 3676 ted
265 3631 357 3678 omittit
378 3643 461 3678 emere.
494 3632 576 3692 Atque
598 3631 652 3678 beer
683 3631 793 3691 proxime
807 3631 984 3691 precedentem
995 3643 1090 3678 meent
1112 3636 1201 3682 Aunes

125 3693 315 3758 expedititdnse
334 3695 406 3742 lectio
423 3695 524 3742 videtur.
557 3694 651 3742 'lbnten
683 3701 766 3742 tutem
784 3709 833 3755 quo
852 3695 881 3742 1..
895 3695 1043 3750 Postumius,
1060 3695 1095 3742 li.
1109 3699 1201 3746 Atilius

126 3772 212 3824 quum
239 3771 303 3806 unua
322 3771 336 3806 e
357 3761 426 3806 codd.
449 3759 537 3806 nostris
564 3761 651 3808 bebeet
683 3759 751 3807 Coss.
771 3759 849 3814 tuere.
871 3769 908 3808 est
930 3759 1030 3820 quidem
1054 3773 1087 3807 ex
1107 3763 1201 3812 eeteulo

126 3824 260 3882 Saeuitir',
276 3823 338 3870 alites
355 3823 386 3870 ed
404 3823 557 3884 Sanmitism,
574 3825 651 3886 mept-
683 3836 757 3885 quem
775 3825 911 3886 sequimur,
921 3824 1040 3886 septimus
1055 3831 1080 3870 et
1098 3830 1201 3886 quadra.

124 3888 254 3939 eantttrin
265 3887 308 3936 ille
318 3901 377 3935 soce
390 3888 465 3936 letcrc
481 3901 551 3948 posse
562 3903 650 3936 uomere
683 3888 791 3949 gedum
808 3889 935 3936 Samnitici
951 3889 1017 3942 belli,
1027 3890 1059 3936 ob
1074 3903 1150 3938 unum
1163 3893 1201 3940 ni·

125 3947 237 4015 eliertjut
255 3953 318 4000 iocis
336 3951 482 4012 tritumque
498 3953 602 4008 dodim,
618 3953 653 4000 tit
683 3951 775 4000 mirum
783 3951 1123 4015 ennum,quem1.iriusnon
1135 3957 1203 4004 vide·

125 4017 161 4066 ari
266 4015 323 4079 (ieri
347 4029 436 4064 nomen
463 4019 575 4078 supplere
601 4031 650 4064 non
683 4022 724 4064 tur
742 4029 881 4078 agnouere.
896 4016 1070 4082 adjectum‚dc
1086 4033 1135 4082 quo
1152 4022 1201 4071 sid.

125 4087 274 4147 putemus)
293 4079 429 4128 misisset-²
453 4081 536 4130 ream
556 4083 650 4129 duabus
683 4081 964 4131 notto.eevl11.1a
997 4082 1200 4148 Scdbirius,qtti

125 4145 233 4196 vocibus
253 4145 353 4205 kgioeee
374 4157 460 4200 cmm,
482 4159 542 4206 quea
566 4147 650 4194 ambre
682 4141 735 4206 ejus
750 4147 869 4194 rationem
885 4159 935 4194 reon
951 4147 1046 4205 babuit,
1058 4149 1142 4214 debuit
1157 4164 1202 4198 sn·

124 4209 300 4276 petennittit
311 4207 449 4256 Victorinus
459 4209 537 4260 liber.⁴
682 4223 744 4256 num
765 4212 796 4258 de
817 4225 866 4274 quo
886 4212 927 4259 bic
947 4211 1054 4274 egimus,
1072 4227 1200 4266 summere

161 4273 199 4324 20
214 4271 354 4334 Aeaeaeque
370 4275 461 4320 mian
471 4274 651 4336 eremumque
683 4281 781 4324 sextum
792 4283 817 4324 et
828 4277 1048 4338 quadragesimum.

126 4337 212 4402 m]
230 4337 347 4400 iutelligit
366 4336 449 4386 birine
467 4349 560 4386 annum
582 4352 650 4397 eum,
849 4333 855 4348 '
