2986 4930
436 259 530 348 utu.
552 252 577 320 r.
601 227 840 322 cannino
1132 231 1172 329 ii

96 439 128 485 ac
146 415 255 487 aedis
282 417 436 512 paternae
455 437 587 491 cruento
612 421 767 502 uehiculo,
794 424 1008 489 contaminata
1032 425 1101 509 ipsa
1120 446 1171 489 re-

98 527 147 591 spe
226 531 284 587 ue,
302 509 417 576 tulisse
443 510 483 576 ad
505 524 633 597 penates
653 533 727 575 suos
748 509 870 598 virique
884 511 950 576 sui:
973 511 1089 598 quibus
1108 510 1172 576 ira·

98 595 145 672 tis,
160 617 217 659 ma
231 619 254 660 ο
270 598 364 686 regni
415 598 551 686 rincipio
564 597 681 662 similes
705 618 806 686 prope
826 597 910 661 diem
933 597 1036 662 exitus
1060 595 1172 748 segue

101 693 219 748 rentur.
272 683 343 748 Ser.
404 683 498 754 uilius
522 684 665 773 regnavit
687 703 787 748 annos
812 696 950 770 quatuor
979 695 1096 770 etqua
1120 697 1326 749 ra-Servutouu

103 768 199 856 ginta,
218 770 268 834 ita
294 781 331 842 ut
346 773 434 840 bono
449 770 542 835 etiam
558 769 784 860 moderatoque
805 769 984 836 succedenti
1006 771 1073 858 regi
1089 771 1172 835 diffi-

104 854 169 920 cilis
192 855 367 922 aemulatiu
378 869 471 924 esset
530 857 679 922 Ceterum
703 855 736 921 id
775 879 878 942 noque
902 857 943 922 ad
958 857 1092 944 gloriam
1119 879 1173 922 ac·

106 944 209 1022 cessit,
225 944 407 1032 quodcum
429 941 486 1008 illo
500 941 594 1012 simul
610 942 696 1031 justa
711 877 911 1032 adiegfflmrr
931 963 1030 1034 regna
1049 944 1173 1009 occide-

106 1041 191 1096 runt.
249 1027 291 1094 Id
313 1029 420 1116 ipsum
442 1041 508 1098 tam
529 1030 605 1099 mite
626 1051 664 1094 uc
689 1041 753 1094 tam
778 1029 976 1094 moderatum
1003 1031 1171 1116 imperium

106 1127 226 1194 tamen,
244 1117 323 1206 quia
343 1117 439 1182 unius
460 1129 549 1195 esset,
572 1117 730 1204 deponere
751 1135 823 1180 eum
849 1118 881 1178 iu
904 1118 1012 1180 animo
1027 1116 1172 1184 habuisse

105 1201 239 1288 quidam
256 1213 403 1268 auctores
425 1216 518 1280 sunt3
540 1201 575 1270 ni
599 1201 699 1266 scelus
719 1201 1099 1285 intestinumliberaudre
1114 1225 1170 1290 pa-

106 1291 178 1356 triac
193 1287 360 1354 consilius
386 1290 476 1358 'tanti
491 1289 716 1354 intervenisset.

148 1373 287 1441 XLIX.
312 1375 350 1440 ln
375 1398 394 1440 e
417 1373 456 1440 L.
472 1374 667 1464 Tarquinius
689 1395 824 1464 regnare
846 1373 979 1458 occepit,
993 1375 1080 1440 “cui
1108 1377 1313 1442 Sumam

105 1463 210 1546 perbo
224 1483 403 1552 cognomen
424 1460 509 1530 facta
530 1461 719 1539 indiderunt,
741 1462 816 1548 quia
835 1483 979 1528 socerum
1000 1477 1101 1568 gener¹
1121 1486 1167 1528 se
1176 1454 1208 1564 ᾗ·
1221 1457 1248 1504 ⁶⁹
1260 1455 1338 1532 ‚⁵3²-

104 1547 239 1636 pultura
257 1547 434 1634 prohibuit,
449 1549 609 1612 Romulum
624 1569 739 1634 quoquc
752 1549 931 1632 insepultum
943 1569 1059 1632 perisse
1077 1549 1170 1615 dicti·
1179 1531 1325 1642 sfflff'

105 1649 201 1700 taus:
235 1636 392 1724 primores
416 1633 558 1712 Patrum‘,
580 1657 659 1736 quos
684 1633 785 1699 Servii
809 1634 904 1700 rebus
925 1633 1039 1700 fovisse
1062 1637 1273 1709 crede-nenat-

105 1721 173 1800 bat,
189 1720 368 1787 interfecit:
392 1721 535 1786 conscius
549 1717 663 1786 delude
686 1720 769 1784 male
782 1720 948 1808 quoerendi
967 1721 1060 1810 regni
1082 1723 1123 1788 ab
1138 1747 1172 1789 aa

106 1809 179 1894 ipso
193 1808 345 1874 adversus
359 1829 394 1874 se
418 1805 598 1894 exemplum
623 1808 694 1894 capi
718 1829 822 1892 posse,
836 1809 965 1873 armatis
980 1829 1095 1894 corpus
1110 1811 1173 1874 cir-

107 1895 294 1982 cumsepsit.
317 1894 518 1984 nequeenim
534 1893 637 1979 adjus
659 1895 748 1982 regni
770 1893 944 1982 quidquam
968 1909 1086 1982 praeter
1108 1897 1172 1962 vim

107 1981 267 2058 habebut;
290 1993 325 2046 ut
342 1982 397 2068 qui
412 2001 515 2068 neque
528 1979 639 2064 populi
657 1981 760 2066 jussu,
788 2002 889 2067 neque
904 1981 1086 2047 auctoribus
1109 1983 1173 2050 Pu-

105 2069 212 2133 trdrus
232 2081 392 2156 regnaret.
438 2067 487 2132 Eo
509 2065 691 2146 accedebat,
706 2067 788 2130 utin
803 2067 936 2132 caritate
954 2068 1071 2134 civium
1092 2069 1172 2138 nihil

106 2153 174 2258 spei
191 2153 361 2241 reponenti
375 2167 462 2218 metu
477 2173 611 2254 regnum
626 2151 793 2217 tutandum
810 2167 909 2218 esset:
933 2175 1027 2242 quem
1042 2169 1079 2220 ut
1100 2155 1171 2242 plu·
1182 2182 1314 2244 maureg-

108 2242 199 2308 rrbus
219 2241 388 2318 incuteret,
405 2241 600 2328 cognitiones
615 2237 794 2324 capitalium
817 2261 923 2304 rerum
946 2242 1012 2306 sine
1033 2242 1172 2310 consiliis
1180 2248 1336 2296 numurus.

107 2349 168 2412 per
190 2351 225 2392 se
249 2325 337 2396 solus
358 2326 541 2392 exercebat:
565 2345 684 2416 perque
705 2347 773 2390 earn
797 2347 939 2390 caussam
961 2321 1115 2406 occidere,
1137 2331 1172 2394 in

105 2413 260 2480 exsilium
277 2431 381 2498 ogere,
396 2409 523 2479 ”bonis
536 2411 671 2476 multare
683 2423 809 2500 poterat
829 2433 895 2478 non
921 2428 1083 2498 suspectos
1103 2437 1173 2480 mo·

106 2499 151 2570 do
166 2511 225 2570 aut
241 2496 368 2578 inrisos,
385 2497 441 2584 sed
457 2499 540 2564 unde
555 2495 633 2564 nihil
648 2495 744 2572 aliud,
761 2519 854 2584 quum
870 2499 1022 2583 praedam,
1045 2521 1174 2584 sperare

105 2600 230 2672 posset.
291 2587 342 2651 Ita
366 2583 500 2656 Putrum
525 2586 685 2674 praecipue
711 2605 843 2648 numero
865 2583 1034 2672 inminuto,
1064 2590 1174 2652 statuit

107 2673 216 2740 nultos
233 2673 266 2737 iu
281 2669 392 2740 Patres
407 2671 527 2758 legere3
551 2689 615 2760 quo
629 2671 818 2756 contemtior
831 2671 989 2755 paucitate
1004 2672 1072 2756 ipsn
1091 2673 1173 2738 ordo

106 2769 202 2842 esset,
218 2761 389 2846 minusque
403 2779 462 2846 per
476 2781 509 2823 se
524 2757 603 2822 nihil
625 2757 675 2846 agi
700 2755 953 2846 indignarentur.
997 2757 1067 2824 Hic'
1088 2761 1171 2825 enim

106 2869 223 2936 regum
255 2845 377 2932 primus
406 2843 557 2910 traditum
581 2867 600 2910 n
628 2845 788 2927 prioribus
821 2845 1005 2925 morcmde
1026 2847 1174 2911 omnibus

107 2947 260 2998 senatum
290 2927 475 2996 consulendi
501 2927 611 2996 solvite
635 2927 814 2995 domesticis
835 2930 972 2995 consiliis
1002 2933 1174 3020 rempubli-

105 3043 181 3084 cam
205 3019 460 3084 administravit:
487 3018 615 3096 bellum,
638 3039 759 3100 pacem,
783 3015 911 3095 soedcra,
934 3020 1096 3084 societates
1118 3043 1176 3106 per

105 3129 142 3172 ae
162 3108 247 3193 ipse,
262 3127 338 3170 cum
361 3105 476 3190 quibus
492 3104 603 3180 soluit,
619 3104 738 3189 injussu
760 3103 869 3189 popuii
892 3125 930 3168 ac
951 3105 1086 3184 serratus,
1100 3105 1176 3174 fecit

104 3193 318 3278 diremitquc.
374 3191 562 3256 Latinorum
579 3189 639 3254 sibi
663 3190 803 3254 maxime
823 3205 950 3276 gentem
973 3193 1173 3273 conciliabat,
1184 3203 1339 3280 muno-out

107 3293 145 3346 ut
165 3279 350 3368 peregrinis
364 3299 493 3364 quoque
507 3277 622 3364 opibus
645 3277 743 3356 tutior
758 3278 840 3342 inter
861 3277 945 3344 ciues
959 3291 1049 3344 esset.
1072 3303 1175 3367 neque
1183 3269 1303 3316 conctusa.

106 3365 255 3452 hospitia
270 3363 455 3433 mododum
480 3362 673 3450 primoribus
686 3384 806 3437 eorum,
822 3363 876 3427 sed
899 3365 1075 3430 adfinitates
1097 3389 1177 3450 quo-

107 3473 176 3555 quc
206 3454 377 3542 jungebat.
435 3449 571 3516 Octavio
609 3449 756 3514 Mamilio
786 3447 979 3528 Tusculano,
1010 3451 1050 3527 (is
1082 3451 1178 3604 lonpe

107 3561 266 3626 princeps
290 3536 660 3616 herimannum,
682 3535 708 3600 si
733 3533 826 3602 famoe
851 3536 1020 3616 credimus,
1040 3537 1082 3604 ab
1105 3537 1139 3604 U
1153 3541 1179 3604 i.

13 3791 14 3805 ι
143 3767 635 3834 ommes-muna*
702 3731 1180 3833 consumma

109 3831 372 3900 ΗΜῙΜἈ
405 3835 674 3890 omnicreantem·
732 3835 765 3880 io
800 3831 843 3888 m,

17 3923 18 3934 ι
110 3895 317 3950 mnam
436 3901 635 3963 menumquam
698 3897 1095 3958 -r'orttmumsamou

112 3967 302 4027 upoehuamo
316 3963 636 4024 usuquommoxvut-
702 3963 752 4010 Orc
771 3963 851 4009 otras
871 3963 935 4008 tristi
946 3963 1075 4024 micat
1091 3965 1182 4028 pallida

113 4039 147 4090 ρ
178 4027 308 4092 werpum.
350 4029 399 4080 Sed
430 4027 540 4098 mim
570 4027 636 4074 uteru
732 4029 790 4072 tatu

114 4107 220 4156 pm
234 4096 362 4143 aarum
377 4094 452 4150 valet,
469 4094 537 4153 quad
550 4089 578 4138 ab
593 4091 639 4137 ltr-
702 4087 735 4138 ’18
749 4093 823 4138 mnu
843 4087 942 4138 molem
955 4092 1059 4156 poleam]
1093 4091 1183 4142 Libere·

115 4162 229 4208 nahts
259 4159 394 4210 Mur·
434 4157 560 4218 verutus
572 4165 574 4173 ’
588 4167 637 4218 quo
668 4163 706 4205 ter
721 4157 868 4202 assentimur·
885 4157 1007 4203 Grorrovio
1022 4159 1110 4206 delanti
1130 4173 1184 4206 rer.

117 4221 189 4273 m
215 4225 396 4335 μιμειωω
414 4221 639 4341 mnrium
669 4223 729 4332 ρρὲρ
741 4223 841 4345 w,
852 4221 963 4298 sinequo
978 4229 1003 4268 et
1014 4223 1183 4334 mvssiornffi

117 4296 161 4336 nt
308 4287 499 4340 mmm
717 4299 733 4331 o
845 4297 925 4346 magu
939 4297 1046 4347 congrua
1079 4299 1139 4348 usqu

118 4351 189 4404 bu
241 4351 639 4412 mla-mmmmm,
669 4349 788 4403 moue,
807 4350 847 4396 eui
865 4361 951 4410 pamm
967 4351 1021 4399 'erat
1038 4363 1117 4414 pone,
1136 4353 1184 4401 nu

24 4406 30 4493 Ι
119 4409 566 4484 murcomannum*
670 4415 981 4542 amegtquospoum
1032 4411 1037 4428 ²
