3056 4928
378 204 474 266 ΗΒ.
503 203 588 264 vttr.
615 199 722 262 CAP.
751 203 895 266 XXXlX.
1112 217 1169 280 493

116 389 180 432 non
211 378 345 468 poterat,
366 387 438 431 eum
461 366 576 452 ipsum,
591 366 624 430 in
639 385 703 452 quo
717 366 908 443 constiterat,
931 364 1036 432 locum
1062 369 1313 448 mariannem.

116 455 264 519 dimetan
281 452 384 540 jussit.
407 453 475 518 “id
490 475 575 529 vero,
591 451 780 524 circumfuso
803 453 943 538 undique
966 454 1118 540 equitatu,
1137 463 1206 522 nto·
1218 461 1329 513 &8211-
1441 485 1444 490 ¹

115 539 234 605 vallum
245 553 421 628 peteretur,
432 561 573 626 opusque
586 539 750 624 inciperet,
765 537 834 604 fieri
848 560 912 604 non
928 553 1061 625 poterat.
1106 541 1171 607 Ita-

117 649 190 714 que,
206 625 261 692 ubi
276 649 376 712 neque
390 625 498 704 eundi,
513 647 615 726 neque
629 624 776 690 manendi
791 625 914 710 copiam
930 647 998 692 este
1011 626 1108 704 videt,
1123 630 1172 694 in·

117 713 211 777 struit
240 712 351 790 aciem,
375 713 656 796 inpedimentum
682 735 700 776 a
723 711 808 776 mine
842 712 980 781 remotis.
1010 714 1172 778 instruunt

117 812 230 864 contra
249 813 280 865 et
300 797 417 876 hostes,
431 812 462 864 et
477 798 588 867 animis
604 813 635 862 et
649 735 766 862 virilius
781 819 882 881 pares.
911 811 1042 864 auxerat
1056 799 1089 864 id
1106 821 1171 866 ma·

119 886 206 950 xime
221 885 354 964 animos,
368 886 464 970 quod,
482 885 583 984 ignari
597 883 703 950 ⁹⁶lcco
714 884 833 970 iniquo,
849 906 913 949 non
929 885 1023 963 hosti,
1038 908 1171 962 cessum,

115 971 202 1036 velut
217 970 371 1055 fugientes
386 994 423 1034 ac
437 984 562 1036 territos
576 969 731 1034 terribiles
753 971 811 1055 ipsi
837 971 934 1036 secuti
954 970 1089 1037 fuerant.
1131 973 1173 1038 Id

117 1056 313 1144 aliquamdiu
329 1059 465 1143 aequouit
484 1079 633 1143 pugnam,
651 1057 717 1142 jam
741 1055 863 1142 pridem
887 1057 1014 1125 desueto
1032 1059 1172 1126 Samnite
1180 1078 1295 1126 Pedium

116 1143 288 1208 clamorem
314 1143 449 1208 Romani
469 1145 626 1208 exercitus
646 1143 723 1226 pati.
768 1145 823 1220 At,
844 1139 980 1222 hercule,
996 1141 1051 1209 illo
1065 1145 1117 1212 dia
1131 1145 1325 1220 ὠψω-

116 1230 198 1294 hore
212 1230 275 1294 diei
292 1231 383 1294 tertia
397 1228 438 1294 ad
453 1242 595 1294 octavam
614 1229 658 1293 ita
680 1250 795 1313 anceps
809 1229 924 1294 dicitur
938 1243 1095 1296 certamen
1111 1243 1172 1298 ete·
1179 1208 1291 1254 'mmm‘

115 1315 203 1398 tissa,
220 1329 254 1382 ut
276 1335 377 1402 neque
392 1315 521 1394 clamor,
541 1327 575 1379 ut
597 1315 700 1400 primo
719 1314 813 1380 semel
835 1335 990 1380 concursu
1005 1329 1050 1382 est
1064 1317 1170 1384 subla-

116 1413 179 1482 tus,
197 1407 326 1468 iteratus
340 1402 397 1478 sit3
419 1423 521 1488 neque
536 1401 626 1486 signa
637 1415 782 1484 promota
794 1401 876 1479 loco,
889 1415 1013 1468 retrove
1027 1417 1151 1489 recepta
1159 1428 1169 1482 ς

114 1511 220 1590 neque
234 1511 395 1554 recursum
411 1489 452 1553 ab
467 1487 530 1552 nlla
544 1489 584 1550 sit
598 1501 696 1572 parte.
734 1487 772 1552 ln
784 1511 841 1552 suo
851 1489 983 1574 quisque
996 1489 1098 1577 gradu
1113 1491 1172 1556 ob-

113 1575 195 1655 nixa,
212 1589 381 1660 urguentes
394 1575 499 1650 scutis,
514 1573 616 1638 ⁹⁷sine
629 1573 836 1659 respiratione
846 1597 940 1640 acres
999 1588 1033 1641 tu
1048 1597 1171 1677 pugua-

114 1661 201 1726 bant
223 1659 365 1726 fremitus
380 1659 518 1747 nequalia,
532 1672 691 1746 tenorque
700 1659 784 1725 idern
804 1681 922 1749 pugnae
970 1661 1003 1726 in
1019 1661 1170 1750 definga-

115 1750 236 1814 tionem
262 1747 405 1812 ultimam
431 1761 486 1812 aut
513 1759 639 1812 noctem
722 1749 836 1812 stabat.
879 1746 951 1812 dnm
977 1748 1052 1814 uiris
1077 1748 1170 1832 vires,

108 1835 178 1921 jam
198 1833 283 1900 ferro
304 1855 359 1898 sua
375 1833 430 1911 vis,
440 1833 508 1920 jam
523 1831 653 1898 consilia
690 1833 801 1898 ucibus
815 1834 961 1900 deerant:
984 1857 1082 1920 quum
1096 1835 1170 1902 sub·
1205 1867 1209 1877 ·

113 1921 158 1988 ito
178 1920 366 1987 Samnitium
388 1921 516 2006 equites,
532 1941 641 2006 quum,
658 1929 762 1984 turma
784 1941 848 1986 una
869 1919 922 1984 lon
947 1921 993 1986 ‘ua
1010 1935 1169 2006 provecto,
1261 1953 1264 1958 ·
1328 1933 1333 1955 ¹

113 2007 317 2094 accepissent,
328 2007 546 2091 inpedimenta
557 2007 775 2072 Romanorum
787 2005 898 2090 procul
912 2030 932 2070 a
967 2009 1171 2074 armatissine

114 2094 277 2180 praesidio,
288 2092 563 2158 sinemunimento
574 2106 668 2168 stare,
680 2091 829 2158 ariditate
838 2092 958 2177 praedae
968 2095 1108 2178 inpetum
1123 2095 1172 2160 fn·

115 2181 217 2246 ciunt.
254 2178 351 2256 Quod
377 2178 431 2243 ubi
458 2177 605 2243 dictatori
626 2178 767 2262 trepidus
792 2179 926 2244 nuncius
947 2179 1076 2258 adtulit3
1098 2183 1173 2248 Sine

114 2269 214 2346 nodo,
226 2265 339 2352 inquit,
354 2287 416 2330 sese
424 2267 537 2348 preda
545 2266 755 2348 prepediant.
776 2264 830 2328 alii
845 2263 1067 2350 deiudesuper
1081 2265 1170 2344 aliua
1222 2333 1225 2340 ,

115 2353 213 2439 diripi
223 2353 338 2438 passim
348 2350 485 2436 ferrique
493 2348 635 2414 fortunas
644 2349 790 2425 militurn,
798 2349 1058 2417 vociferabantur.
1084 2351 1171 2424 Tum
1222 2401 1226 2412 ,

115 2441 268 2526 magistro
280 2438 421 2526 equitum
444 2435 559 2513 adcito,
579 2436 670 2501 Vides
691 2447 734 2514 tu,
750 2437 863 2522 inquit,
878 2437 929 2502 M.
944 2437 1036 2515 Fabi,
1052 2438 1091 2502 ab
1105 2439 1173 2505 Iros-

64 2552 69 2562 ·
114 2531 193 2592 tium
207 2528 307 2612 equite
324 2527 462 2590 omissam
477 2527 642 2608 pregnans?
665 2523 782 2586 terent
801 2524 936 2605 inpediti
957 2525 1174 2607 inpedimentis
1288 2595 1291 2600 ,

116 2615 242 2678 nostris.
286 2611 472 2696 Adgredere,
488 2611 569 2692 qnod
582 2610 664 2672 inter
671 2610 875 2691 praedandum
889 2611 972 2674 onrni
983 2612 1175 2674 multinrdini

115 2701 227 2776 euenit,
237 2699 420 2784 dissipatos:
443 2717 532 2760 raros
542 2696 626 2780 equis
641 2695 814 2771 insidentes,
829 2716 929 2773 raros,
940 2696 1173 2782 quibrrsferrunr

117 2789 152 2850 in
164 2787 316 2860 manusit,
327 2783 476 2849 inuenies:
493 2802 638 2866 equosque
645 2781 833 2863 dunpraeda
847 2785 1077 2860 oneranmaede
1091 2783 1174 2846 iner-

114 2893 186 2949 mes,
201 2881 411 2954 cruentamque
422 2870 486 2933 illis
492 2868 634 2952 predam
648 2868 749 2932 redde.
785 2867 874 2932 Milri
882 2869 1014 2954 legiones
1022 2871 1175 2952 peditum·

272 2979 293 3020 α
306 2977 392 3022 ,curre
402 2963 506 3019 nunt.-
523 2975 617 3037 penes
628 2963 658 3018 te
671 2963 806 3038 equestre
818 2955 860 3018 sit
873 2956 971 3020 denis.

140 3121 145 3130 ,
163 2979 339 3128 ffllX.
364 3039 516 3128 Equitum
532 3040 625 3120 acies,
641 3039 742 3124 qualis
757 3061 829 3126 quae
850 3061 916 3106 ease
937 3040 1322 3120 instructissimavincumur

117 3143 231 3220 potest,
261 3128 385 3194 invecta
421 3127 453 3192 in
488 3126 656 3212 dissipatos
692 3126 911 3213 inpeditosque
944 3127 1058 3208 hostes,
1088 3128 1309 3196 caedeSamnatsa

116 3216 226 3281 omnia
239 3213 349 3300 replet
364 3215 446 3278 iuter
460 3212 598 3278 sarcinas
618 3212 749 3278 omissas
770 3225 913 3298 repente,
926 3213 1105 3301 objacentes
1119 3237 1175 3301 pe-

116 3302 212 3368 dibus
228 3299 414 3390 fngientium
430 3311 764 3384 consternatorumque
785 3321 949 3384 equorum,
972 3323 1075 3388 neque
1094 3323 1175 3390 pog-

116 3411 180 3467 nae,
207 3409 309 3476 neque
334 3383 419 3474 fngoe
445 3385 520 3450 satis
548 3395 703 3468 potentes,
728 3385 906 3451 creduntur.
950 3385 1047 3465 Tum,
1070 3386 1175 3453 deleto

141 3496 218 3562 rope
244 3473 384 3561 equitatu
406 3469 557 3551 hostium,
574 3467 623 3535 M.
641 3469 770 3552 Fabius,
792 3472 1025 3538 circumductus
1049 3473 1175 3560 paullu-

115 3497 185 3627 lum
201 3559 269 3641 slis,
284 3559 325 3624 ab
347 3561 437 3646 tergi)
461 3556 638 3641 pedestrem
665 3555 765 3622 aciem
788 3557 941 3623 adoritur.
964 3559 1082 3626 olaumr
1101 3559 1176 3626 inde

116 3669 220 3714 novus
242 3643 388 3712 accidens
402 3651 435 3710 'et
449 3642 637 3710 Samnitium
662 3642 776 3708 terruit
799 3643 922 3709 animos
929 3667 940 3720 ς
970 3656 1003 3710 et
1028 3645 1173 3725 dictator,

118 3733 173 3800 uhi
196 3743 405 3820 respectantes
423 3728 563 3798 hostium
578 3731 808 3818 antesignanos,
826 3729 1013 3818 turbatoque
1029 3733 1131 3821 signa,
1143 3743 1176 3798 et

149 3920 629 3986 udldoerolldrermuampeutpe·
693 3917 1174 3981 rr·nue...mpoeu11uutnmo

117 3991 227 4034 terennu
241 3986 307 4047 ligna
323 3987 355 4034 ad
374 3985 630 4041 momenmentum,
661 3989 815 4044 ruperunt,
834 3985 860 4031 td
879 3990 925 4038 est,
947 3985 1079 4029 renomm
1101 3989 1174 4044 eaput

116 4051 168 4100 fleat
181 4064 231 4098 uun
246 4055 341 4112 potunt
350 4051 381 4099 ob
391 4050 566 4098 mmmmm
582 4061 629 4096 uo-
661 4049 792 4109 emlosqae
803 4049 916 4095 flecteret.

116 4117 189 4178 dhus
231 4115 467 4164 dutumuosutem.
693 4110 877 4174 ffl'lndqtrt'
917 4107 1173 4158 maumam

150 4179 203 4229 96·
291 4177 511 4240 maculent
529 4176 628 4240 muas]
660 4179 748 4224 men
767 4176 880 4236 spatiosi
902 4176 952 4222 ³80
978 4186 1030 4220 rem
1054 4177 1173 4224 adonem

117 4245 175 4295 ideo
192 4245 291 4294 ceam
310 4242 442 4300 Mmannr,
459 4245 523 4304 qood
539 4243 630 4290 lnloeo
661 4241 795 4298 vldebetrn,
814 4247 843 4287 nt
863 4245 985 4287 onumen
1015 4239 1097 4286 dirimi
1124 4251 1173 4285 non

115 4309 200 4372 iniquo
215 4307 546 4376 mnnqnqoodlaostem
557 4308 628 4356 tinae·
659 4311 749 4366 ponet,
767 4306 814 4352 aiei
829 4311 871 4352 ant
889 4303 1061 4364 defidatione
1078 4304 1174 4358 ultima,

115 4381 177 4422 nnc
660 4375 791 4420 mansere.
