3056 4928
363 183 368 200 '
419 198 514 258 nro.
542 197 610 258 vn.
638 199 743 260 cnr.
772 201 900 262 xxvn.
1133 212 1190 272 aar

131 380 250 430 norum
269 380 379 430 cursus
398 358 441 423 ad
459 359 607 427 rictorem
630 359 721 428 etiam
741 361 830 424 ocior
850 360 919 426 fuit.
965 360 1025 438 lbi,
1040 361 1124 427 circa
1142 365 1265 449 jane.
1277 387 1336 440 toa,

137 446 236 516 centia
252 444 340 510 Galli
360 467 474 529 corpus
496 461 659 514 contracto
679 448 859 524 certamine,
876 465 986 534 pugna
1004 461 1096 516 atrox
1117 454 1266 514 eon-320·
1278 453 1335 504 ⁸4⁶·

136 533 261 602 citauit.
305 531 377 599 dam
393 553 455 599 nrm
473 532 639 616 manipulis
653 533 866 617 proximarum
883 535 1064 611 stationum,
1080 537 1132 599 sed
1149 535 1192 600 le·

160 617 285 683 ionibus
300 619 457 702 utrimque
471 617 576 682 effusis
591 641 640 684 res
660 623 790 706 geritur.
836 620 987 688 Camillus
1012 623 1118 686 loetum
1134 623 1315 686 mirratum

138 641 225 770 diem
246 704 376 768 victoria
394 704 528 780 tribuni,
545 705 651 772 lartum
675 721 738 769 tam
761 707 969 790 praesentibus
989 727 1026 772 ac
1049 708 1192 772 secundis
1200 703 1329 750 commuu-

138 789 222 868 Diis,
241 790 289 857 ire
310 791 342 861 in
369 791 517 874 proelium
535 790 645 876 jubet:
667 791 887 878 ostentansque
909 793 1060 882 insignem
1084 777 1340 880 spoliisffi’p‘ffig

138 876 312 953 tribunum,
336 877 433 942 Hunc
457 880 589 954 imitare,
613 879 706 953 miles,
730 877 849 942 alebat:
880 889 909 942 et
937 882 1019 944 circa
1037 879 1191 960 jacentem

137 965 238 1028 ducem
259 973 361 1028 sterne
382 963 542 1029 Gallorum
563 975 711 1028 cateruas.
755 964 811 1030 Dii
837 963 1040 1051 hominesque
1064 965 1110 1029 illi
1136 967 1192 1032 ad-

137 1049 223 1116 fuere
238 1071 357 1134 pugnae
367 1047 672 1136 {depugnatumque
686 1049 930 1136 haudquaquam
941 1053 1112 1116 certamine
1125 1075 1192 1116 am-

137 1133 235 1222 biguo
249 1157 323 1200 cum
338 1134 439 1201 Gallia
453 1150 508 1200 est.
530 1136 609 1204 adeo
623 1135 793 1200 ³’duorum
817 1137 949 1201 militum
969 1152 1127 1214 eventum,
1144 1139 1192 1202 in-

137 1234 185 1286 ter
205 1245 284 1310 quoe
309 1235 482 1306 pugnaturn
504 1237 580 1298 erat,
596 1237 729 1308 utraque
748 1223 829 1286 acies
849 1224 961 1286 animis
985 1238 1192 1308 perceperat‘.
1299 1251 1302 1256 ·
1385 1259 1390 1268 ·

81 1331 84 1338 ·
139 1308 226 1374 lucer
242 1309 372 1392 primos,
387 1331 521 1390 quorum
537 1329 706 1375 concursus
723 1308 802 1372 alios
810 1311 985 1386 exciverat,
1001 1325 1093 1374 atrox
1107 1333 1192 1395 prm·

137 1393 213 1460 lium
235 1393 314 1462 suit:
337 1394 399 1460 alia
421 1392 598 1470 multitude,
614 1395 699 1480 ptius
726 1417 795 1460 uam
818 1394 858 1458 ad
881 1399 1056 1481 conjectum
1073 1398 1126 1460 teli
1142 1419 1193 1461 re·

136 1481 228 1558 niret,
246 1496 333 1568 terga
349 1481 449 1546 vertit.
495 1481 603 1544 Primo
618 1503 674 1564 per
691 1417 820 1545 tlotscos
837 1481 1066 1568 Falernumque
1080 1501 1191 1570 agrum

137 1567 279 1652 dissipati
293 1581 388 1632 sunt:
412 1566 485 1632 inde
502 1566 650 1650 Apuliam
666 1589 703 1633 ac
716 1566 838 1633 “mare
855 1567 1006 1632 infernnr‘¹
1023 1569 1191 1652 petierunt.

139 1653 269 1730 Consul,
292 1653 444 1717 concione
465 1653 624 1729 advocata,
641 1653 801 1718 laudatum
825 1655 985 1720 tribunum
1007 1656 1113 1726 decem
1134 1655 1193 1722 bu·

137 1739 216 1806 bue⁸
229 1760 386 1825 aureaque
406 1761 523 1806 corona
544 1739 652 1806 donat.
674 1741 867 1826 ipsajuasus
881 1740 921 1805 ab
940 1755 1050 1806 senatu
1075 1741 1193 1806 bellum

118 1843 122 1867 ¹
137 1826 330 1892 maritimum
345 1847 467 1904 curare,
483 1849 553 1893 cum
575 1839 711 1911 praetore
727 1827 836 1911 junxit
852 1843 962 1904 castra.
984 1827 1041 1907 ibi,
1055 1828 1131 1913 quia
1144 1852 1193 1894 res

137 1912 220 1980 trahi
244 1911 377 1998 segnitia
397 1913 584 1982 Graecorum
611 1933 674 1976 non
697 1913 960 1978 committentium
984 1937 1017 1978 se
1039 1917 1071 1978 in
1093 1916 1192 1981 aciem

136 1995 348 2074 videbantor‘,
360 1997 546 2066 dictatorem
559 1999 758 2064 comitiorum
771 2021 877 2064 caussa
888 1999 930 2064 T.
942 1999 1099 2064 Manlium
1112 2003 1192 2066 Tor·
1201 2017 1345 2068 'rumonus

137 2100 267 2172 quatum
294 2087 545 2166 exauctoratae
571 2100 696 2150 senatus
721 2085 813 2150 dixit.
858 2086 1016 2162 Dictator,
1043 2085 1310 2172 magistrodicetu·

138 2173 276 2257 equitum
305 2173 345 2234 A.
363 2170 511 2234 Cornelio
534 2171 633 2236 Cosso
655 2171 748 2248 dieto,
770 2171 897 2236 comitia
919 2170 1116 2237 consularius
1137 2173 1192 2239 ha·

138 2258 216 2338 buit,
234 2257 447 2406 aemulumque
469 2257 590 2323 decoris
612 2257 660 2322 sui
683 2257 843 2322 absentem
867 2257 917 2322 M.
932 2259 1091 2322 Valerium
1112 2258 1335 2324 (locuntur.

138 2365 209 2408 rum
227 2344 272 2428 (id
289 2343 372 2406 enim
388 2346 396 2406 i
411 2343 440 2408 le
455 2343 568 2408 deinde
582 2343 778 2430 cognominis
792 2341 864 2423 fuit)
880 2365 1003 2411 summo
1016 2343 1122 2410 lavore
1136 2340 1232 2429 po-A·
1242 2339 1268 2384 ⁶·
1279 2339 1337 2388 ⁸⁴⁵·

138 2430 215 2514 puli,
232 2446 296 2496 trec
309 2445 340 2493 et
355 2419 464 2518 viginti
480 2442 586 2496 natum
604 2451 711 2503 annos,
728 2431 888 2492 consulem
910 2430 1113 2494 renunciavit.
1129 2401 1353 2528 col-wlff&

138 2520 206 2604 lega
230 2517 337 2580 Corvo
360 2515 401 2580 de
425 2516 516 2600 plebe
540 2513 588 2580 M.
607 2515 761 2600 Popillius
783 2517 893 2580 Loenns
914 2527 1062 2600 quartum
1085 2517 1329 2582 consultura..

137 2601 260 2668 iuturus
273 2603 367 2666 datus
380 2615 435 2667 est.
481 2603 563 2666 Curn
580 2601 702 2666 Graecis
716 2624 735 2664 a
752 2600 887 2666 Camillo
901 2601 990 2666 nulla
1006 2602 1194 2668 memorabi-

137 2687 175 2753 lis
188 2701 278 2776 gesta
292 2709 357 2754 res:
380 2687 497 2753 necilli
512 2703 606 2767 terra,
622 2709 680 2752 nec
697 2688 861 2752 Romanoa
873 2689 953 2752 mari
970 2687 1101 2754 bellator
1116 2703 1192 2756 erat.

138 2773 316 2851 Postremo,
332 2797 430 2863 quum
446 2774 588 2840 litoribus
603 2787 795 2853 arcerentur,
806 2797 889 2860 aqua
900 2775 995 2840 etiam
1010 2787 1129 2861 praeter
1142 2799 1193 2840 ce·

137 2875 203 2928 tera
216 2863 390 2926 necessaria
405 2862 474 2926 usui
489 2859 662 2937 deficiente,
679 2859 802 2924 Italiam
817 2859 873 2924 reli
900 2881 982 2928 nere.
1024 2862 1124 2947 Cujus
1137 2885 1194 2948 po-

135 2947 202 3033 puli
216 2971 263 3025 ea,
279 2949 429 3033 cujusque
450 2949 551 3032 gentis
568 2946 672 3012 classis
692 2945 797 3024 fuerit,
813 2884 897 3010 nihil
913 2949 991 3014 certi
1012 2963 1066 3013 ert.
1090 2949 1194 3014 maai·

137 3055 188 3100 ure
203 3034 322 3100 Sicilire
335 3032 429 3100 foisse
442 3049 592 3119 tyrannos
607 3031 805 3098 crediderim.
820 3055 893 3098 nam
909 3033 1040 3100 ulterior
1056 3033 1193 3112 Gracia,

135 3142 174 3270 qa
187 3133 372 3270 terqustate
391 3119 540 3198 intestino
562 3118 639 3184 fessa
661 3117 755 3196 bello,
770 3121 838 3204 jam
852 3119 1103 3186 “Macedonum
1118 3143 1195 3207 opes

159 3228 325 3358 ollrilllll.
349 3257 549 3358 Exercitibus
563 3289 820 3380 ‹limisaiquuum
837 3305 868 3356 et
881 3289 957 3354 foria
977 3312 1042 3377 pax
1060 3305 1092 3357 et
1105 3291 1192 3357 domi

168 3487 327 3542 ‘W
338 3485 408 3529 crea.
472 3479 603 3542 desperant
615 3481 683 3529 Eud.
744 3481 831 3528 ‘labar
842 3482 916 3530 Gron.
928 3482 999 3532 Gran.
1057 3476 1195 3532 ‘ridebatur

138 3547 206 3597 End.
273 3547 427 3594 amantem
437 3545 528 3592 mardic
539 3545 605 3592 an

168 3691 326 3768 82⁹Daorrrm
347 3720 448 3764 calutum
469 3721 573 3764 ruentem
585 3747 649 3764 ....
682 3695 828 3778 colaquam
841 3719 983 3773 retinemur,
995 3719 1194 3778 clariaairnuaop-

136 3789 232 3846 atraqae
241 3785 304 3830 ories
314 3785 398 3830 animia
409 3781 563 3844 preceperat}
580 3782 648 3828 Utra-
682 3782 804 3842 timorque
815 3789 859 3829 eat.

136 3863 182 3910 que
200 3850 264 3896 aeiee
282 3861 313 3894 ex
331 3853 420 3894 eventu
439 3845 568 3906 erogatura
587 3847 650 3892 inter
712 3845 746 3893 88
763 3845 836 3893 More
845 3847 974 3911 Sapenm]
995 3847 1034 3894 Sle
1050 3846 1111 3892 cliro
1130 3845 1195 3906 lege-

135 3914 195 3960 duoa
212 3913 304 3959 milltes
319 3911 457 3958 certaminis
472 3918 543 3970 capto
559 3911 648 3966 omine,
681 3909 761 3965 batur,
779 3917 840 3958 teate
856 3913 981 3959 Glareano.
1004 3911 1077 3957 More
1086 3909 1195 3972 Iafiwm

136 3977 294 4039 mseaagtehar
315 3976 403 4022 animia
422 3976 535 4022 eumdem
555 3987 649 4034 qnoque
681 3976 804 4022 obtruaere
820 3977 900 4023 nescio
914 3977 956 4036 qul
973 3975 1148 4031 emendatores,
1158 3987 1195 4021 re-

135 4049 251 4088 erectum
262 4041 314 4087 tore
329 4039 448 4086 universae
464 4040 528 4085 inter
538 4039 599 4085 duca
609 4053 649 4086 ea·
680 4040 801 4086 clamante
810 4041 864 4100 ipao
873 4035 982 4087 lb'eorum
993 4040 1049 4088 altu.
1080 4038 1195 4098 Apuliam

135 4105 224 4184 ercitua
240 4119 338 4178 pugnae.
370 4104 650 4182 Gronovipeexduabna
681 4105 748 4213 enirq
760 4117 826 4151 mare
838 4103 956 4166 Superum
972 4105 1049 4151 alluit.
1081 4098 1196 4165 Dujatlna

135 4170 650 4295 ffinbblllmlnurllueblmlalilmi‘dlcdbneltlii
682 4169 1124 4295 mdtlllllaffidallrlroeolpllumebat]
1142 4231 1196 4280 rtoe

135 4299 274 4354 auctoritas,
286 4311 360 4358 quam
377 4298 457 4344 tirmat
473 4309 536 4344 unua
554 4311 650 4358 quoqne
681 4299 735 4358 lpao
768 4303 877 4358 tempore
909 4298 1035 4359 Philippus
1068 4297 1198 4344 Alandri

134 4363 230 4426 eregiia
241 4365 311 4411 codd.
322 4376 399 4422 quum
415 4375 499 4409 eeoaua
513 4357 567 4424 ejur
577 4363 650 4424 serip-
684 4362 769 4423 Magni
775 4351 850 4423 pater'
858 4363 992 4424 Olynthum
1003 4361 1164 4423 expugnabat.
