3008 4908
453 223 503 282 LI
514 223 549 282 B.
567 223 620 282 lV.
650 225 754 286 CAP.
777 224 888 284 XLVI.
1140 219 1198 292 275
1288 284 1290 290 s

125 386 262 452 Romm
294 397 347 452 cst
373 385 522 452 adlatum.
568 386 749 473 AEquorum
768 388 837 472 jam
861 387 946 454 velut
974 383 1196 455 cnuirmstriis
1242 435 1245 442 -
1425 459 1428 466 Ι

67 479 69 483 ’
128 474 221 538 annis
236 472 397 538 adstant
411 474 531 538 civitas.
576 474 710 538 Laricos
724 473 818 562 legati
834 475 921 538 missi
931 495 1029 561 quum
1046 495 1199 561 responsu
1317 523 1324 538 .

128 559 200 624 inde
221 559 411 626 retulissent
429 560 538 640 dubia,
553 561 676 646 quibus,
694 581 751 624 uec
774 575 841 624 tum
864 561 982 628 bellum
1007 563 1123 647 peruri,
1137 581 1199 626 uec

131 646 316 711 diuturnam
329 669 441 732 pacem
458 647 536 722 fore,
551 647 734 731 adpareret:
760 647 950 712 Tusculanis
964 652 1126 734 negotium
1141 648 1199 713 da-

132 735 1198 818 mm,aduertcreutanimos,nequiduouitumulturLouiciroriretur.

134 820 182 884 Ad
197 819 396 906 insequentis
404 819 480 883 anni
492 819 635 884 tribunos
646 819 781 884 militum
794 821 950 884 consulari
962 835 1126 905 potestate,
1138 822 1199 885 ini-

132 919 164 970 to
175 907 377 994 magistratu,
392 904 485 988 legati
498 909 538 970 ab
554 905 695 970 Tusculo
708 919 872 986 venerunt,
889 907 928 970 L.
938 907 1086 995 Sergium
1105 906 1197 973 Fide·
1207 925 1274 975 αα
1286 927 1342 975 sat.
1408 955 1413 981 ,

131 1005 249 1073 notem,
281 991 333 1057 M.
362 991 526 1076 Papirium
557 991 786 1080 Mugillanum,
817 991 855 1056 C.
883 993 1063 1072 Servilium,
1096 991 1342 1071 Petreio-cdr-

131 1078 242 1156 filium,
265 1101 331 1166 quo
356 1079 509 1143 dictatore
535 1077 664 1144 Fidenae
688 1094 791 1162 ceptae
811 1077 948 1144 fueraut.
992 1057 1358 1170 Nuneiabantlfffffip·

119 1165 236 1254 iegati,
255 1168 428 1230 [avicenna
453 1185 543 1229 arma
562 1166 689 1252 cepisse,
705 1179 736 1229 et
758 1186 830 1229 cum
847 1164 1028 1252 AEquorum
1055 1168 1193 1232 exercitu
1202 1187 1256 1234 mu

129 1251 343 1338 depopulatos
365 1271 478 1340 ugrum
501 1250 719 1316 Tusculanum
738 1266 842 1316 castra
862 1252 895 1315 iu
912 1251 1031 1340 Algido
1044 1255 1195 1338 posuisse.
1203 1253 1303 1364 ”dmg

132 1337 218 1403 Tum
236 1338 406 1404 laricanis
421 1336 536 1401 bellum
551 1338 725 1404 indictum:
747 1336 894 1424 factoque
912 1331 1269 1428 omuscomutto,{2¹ff‚¹,¹,
1279 1389 1304 1428 ,ι

131 1437 167 1488 ut
180 1424 249 1489 duo
263 1447 303 1489 ex
316 1423 455 1490 tribunis
468 1423 509 1488 ad
523 1423 641 1489 bellurn
660 1423 945 1512 proficiscerentur,
961 1447 1044 1490 unus
1058 1448 1108 1492 res
1125 1427 1292 1510 llo-aquo.

132 1531 192 1576 mre
216 1523 355 1585 curaret,
377 1524 537 1575 certamen
563 1510 669 1577 subito
694 1511 777 1574 inter
801 1509 947 1576 tribunos
970 1529 1130 1577 exortum.
1160 1535 1193 1578 se

131 1597 268 1699 quiaque
291 1597 363 1661 belli
386 1597 500 1662 ducem
523 1598 680 1681 potiorem
693 1595 784 1674 ferre,
800 1619 909 1662 curam
924 1598 1024 1678 urbis,
1040 1613 1075 1664 ut
1090 1601 1196 1688 ingra-

8 1690 10 1756 Ξ
129 1698 195 1748 tam
210 1684 459 1770 ignobilemque,
470 1683 664 1768 adspernari.
697 1683 807 1759 Quum
822 1705 936 1769 pamm
951 1686 1103 1750 decorum
1116 1688 1198 1752 inter

8 1773 9 1778 ’
131 1770 269 1858 collegas
284 1784 444 1835 certamen
460 1769 639 1834 mirabundi
657 1771 767 1835 Patres
782 1773 1010 1856 conspicerent,
1031 1771 1075 1848 Q.
1092 1773 1199 1838 Serri·-

132 1855 202 1934 lius,
223 1859 357 1932 Quando
372 1879 426 1920 nec
437 1859 557 1921 ordinis
571 1856 659 1940 hujus
672 1859 747 1934 alla,
764 1857 877 1944 inquit,
894 1881 948 1922 uec
964 1860 1140 1942 reipublice
1153 1871 1198 1926 cst
1204 1876 1332 1924 biscaran

131 1946 324 2020 onocardia,
332 1945 444 2026 patrio
459 1943 601 2026 majestas
615 1945 844 2007 altercationem
861 1947 950 2010 istam
966 1947 1100 2010 dirimet.
1102 1947 1197 2030 filios
1205 1941 1240 1990 T‘
1241 1975 1247 1990 ·
1260 1943 1315 1989 Mu

131 2051 212 2094 neto
220 2040 310 2094 extro
321 2039 433 2094 sortem
443 2029 513 2092 urbi
522 2031 664 2112 praeerit.
701 2030 821 2094 Bellum
830 2033 959 2108 utinam,
971 2035 1026 2116 qui
1036 2035 1195 2116 odom,

13 2201 14 2209 ἵ
131 2117 354 2181 consideratius
367 2116 608 2200 concordiaeque,
625 2136 714 2200 quam
729 2119 865 2198 capiunt,
877 2129 1002 2201 geram.

175 2201 305 2268 XLVI.
328 2201 496 2268 Deiectum
514 2200 624 2265 baberi
638 2223 702 2264 non
718 2225 756 2266 ex
772 2215 840 2266 toto
853 2204 970 2287 passim
994 2203 1114 2288 populo
1128 2205 1197 2287 pla·
1261 2269 1262 2277 ,

131 2289 204 2354 cuit
236 2287 347 2352 decem
363 2287 464 2352 tribus
485 2301 570 2351 sorte
583 2287 689 2352 ductae
704 2301 795 2361 sunt;
818 2309 858 2352 ex
873 2289 922 2354 bis
936 2289 1070 2374 scriptos
1085 2291 1195 2374 junio.

132 2395 182 2440 res
195 2374 264 2440 ‹lao
277 2374 398 2438 tribuni
410 2373 451 2437 ad
466 2373 583 2438 bellum
596 2373 727 2439 duxere.
772 2373 888 2458 cepta
905 2375 1054 2439 intereos
1071 2376 1101 2437 in
1118 2373 1198 2440 urbe

131 2462 315 2538 certamina,
331 2457 505 2544 cupiditate
516 2459 625 2524 eadem
642 2459 777 2542 imperii,
794 2458 894 2524 multo
909 2461 1069 2544 inpensius
1084 2461 1116 2526 iu
1129 2484 1197 2536 cae

132 2549 189 2612 tris
214 2546 367 2614 accendi:
398 2546 477 2610 nibil
503 2546 620 2611 sentire
642 2545 738 2626 idem,
764 2567 824 2630 pro
848 2547 1002 2610 sententia
1032 2569 1193 2635 pugnare:

130 2655 187 2698 aua
200 2633 336 2700 consilia
356 2633 447 2712 velie,
469 2655 527 2697 sua
551 2633 682 2717 imperia
708 2631 776 2696 sola
797 2645 864 2696 rata
885 2655 969 2698 esse:
993 2645 1197 2698 contemnere

130 2721 161 2784 in
177 2721 291 2798 ricem,
307 2733 339 2784 et
353 2719 524 2784 contemni.
546 2717 658 2795 donec,
674 2719 750 2782 casti
776 2719 901 2782 antibus
924 2719 1046 2806 legatis,
1066 2719 1196 2786 tandem

130 2809 173 2871 ita
187 2817 410 2892 comparatum
425 2817 481 2882 est,
499 2817 534 2870 ut
553 2804 683 2869 alteruis
698 2741 809 2869 diebus
825 2827 979 2870 summam
999 2807 1123 2892 imperii
1138 2807 1197 2872 ha·

35 2957 36 2976 χ
129 2891 253 2958 berem.
300 2892 385 2969 Quae
400 2913 498 2978 quum
514 2891 621 2956 adlata
637 2891 774 2956 Romam
794 2892 1042 2968 essent,'dicitur
1058 2893 1101 2970 Q.
1121 2895 1197 2960 Ser·

35 2983 36 3053 J
129 2979 234 3061 vilius,
249 2991 346 3044 aetcte
366 2994 398 3042 et
422 2999 481 3042 usu
505 2980 627 3056 doctus,
641 2993 788 3063 precatus
810 2977 851 3042 ab
866 2978 940 3045 Diis
961 2979 1195 3058 inmortalibus,

32 3063 35 3133 l
127 3087 169 3132 ue
182 3065 346 3132 discordia
362 3065 563 3130 tribunorum
585 3063 769 3129 damnosior
788 3065 971 3150 reipublice
992 3079 1083 3144 meet,
1097 3087 1195 3154 quam

31 3176 33 3201 ³
127 3153 167 3219 ed
181 3153 284 3218 Veios
297 3151 423 3216 fuisset:
447 3163 490 3229 ut,
504 3149 592 3215 velut
611 3149 698 3214 haud
719 3149 819 3216 dubia
833 3151 922 3216 clade
943 3151 1195 3231 inminenterin-

125 3241 242 3308 stitisse
256 3239 335 3316 filio,
352 3251 388 3302 ut
409 3237 525 3302 milites
546 3236 708 3314 scriberet,
723 3249 755 3301 et
769 3257 858 3303 arma
871 3250 1009 3323 pararet.
1054 3239 1124 3304 Nec
1137 3237 1195 3305 fui.¹

126 3349 181 3394 sus
196 3339 286 3394 vates
298 3323 370 3392 suis.
392 3344 466 3388 ncm
480 3323 578 3388 ductu
593 3322 633 3388 L.
650 3323 763 3409 Sergii,
778 3324 866 3410 cajus
886 3323 954 3388 dies
975 3325 1100 3410 imperii
1114 3342 1193 3404 erar,

125 3413 199 3480 loco
217 3413 333 3500 iniquo
353 3410 414 3476 sub
434 3408 573 3475 boatium
595 3409 713 3484 castris,
729 3431 840 3495 quum,
854 3411 930 3496 quia
943 3410 1092 3475 simulato
1105 3425 1195 3478 metu

125 3512 293 3589 receperat
305 3520 340 3563 se
351 3494 453 3562 bostis
474 3495 516 3561 ad
536 3496 666 3574 vallum,
682 3517 754 3581 spes
769 3515 851 3560 carra
871 3496 1076 3584 expugnandi
1090 3501 1194 3562 castra

124 3609 163 3653 ao
178 3587 341 3663 eruisset,
355 3582 523 3670 repentino
536 3581 646 3666 inpetu
660 3580 840 3666 AEquorum
860 3582 951 3667 ⁰⁹per
965 3584 1111 3668 supinam
1127 3584 1193 3649 val-

124 3672 187 3740 lam
209 3673 273 3740 fusi
295 3681 380 3746 suut,
397 3667 551 3754 multique
573 3667 626 3731 ¹in
650 3667 743 3732 ruina
765 3669 886 3754 majore
911 3690 1005 3754 quam
1033 3669 1112 3756 iugo
1135 3670 1355 3742 ob-rrauovrn-

124 3762 224 3846 pressi
239 3757 421 3824 obtruncati
446 3777 502 3820 aer
525 3765 700 3840 castraque,
725 3777 765 3818 eo
793 3755 845 3820 die
866 3777 952 3838 aegre
972 3768 1106 3834 retenta,
1119 3768 1297 3842 merantur·

124 3863 194 3912 tero
220 3847 285 3924 die,
309 3777 505 3910 circumlusis
529 3841 596 3926 jam
625 3861 743 3926 magua
769 3863 810 3906 ax
839 3855 929 3924 parte
957 3840 1112 3921 hostibus,
1134 3865 1193 3929 per
1352 3846 1355 3852 '

124 3955 266 4000 aramum
281 3943 408 4018 portam
430 3929 506 4014 fuga
527 3941 560 3991 tu
604 3927 612 3989 i
635 3927 834 3990 ‹leseruntun
855 3926 954 3992 duces
976 3927 1144 4016 legatique,
1160 3945 1192 3996 et

15 4054 17 4079 r
125 4022 209 4108 qood
225 4021 315 4088 circa
329 4016 420 4106 aigne
434 4013 556 4078 roboris
594 4013 764 4078 eexercitu
778 4011 847 4090 fuit,
864 4012 1040 4078 Tusculum
1062 4019 1191 4100 petiere.

154 4210 186 4258 99
202 4209 254 4258 Per
279 4207 392 4268 rapinam
420 4202 515 4266 cdlrru]
550 4201 642 4262 Supina
674 4201 880 4260 supinoeorpore.

125 4275 243 4323 uitam
266 4273 359 4336 ortibus
378 4267 643 4328 &amonica
708 4262 788 4310 l'lrs
809 4264 879 4310 ratur
901 4266 989 4326 majore
1012 4275 1082 4325 quom
1106 4263 1186 4330 fige]

123 4340 181 4386 eon·
196 4343 222 4388 iu
234 4340 329 4386 num
349 4333 514 4390 madunt,
533 4331 597 4378 tacta
616 4331 643 4376 in
675 4330 758 4384 Quum
769 4329 849 4388 potius
866 4329 907 4374 atti
924 4341 997 4388 aupes
1012 4329 1072 4379 elios
1082 4341 1188 4384 merear,

121 4405 249 4454 adrmmn
269 4402 362 4450 collem
382 4397 483 4456 duem,
498 4410 526 4444 ac
544 4396 644 4456 prolude
676 4406 751 4454 quam
761 4393 881 4453 lugerent.
