3008 4908
338 205 398 278 296
758 203 1036 265 Tl'r1L1v11
1105 259 1108 264 .

175 384 204 432 u.
219 367 417 434 asuesn'na
427 366 591 450 fecerunt:
612 364 794 429 munitiones
806 385 868 428 non
888 367 922 428 in
943 363 1044 428 urbem
1066 362 1162 440 modo,
1176 362 1231 428 sed
1251 361 1400 426 inorn-

174 451 206 498 Α·
218 451 245 498 ⁰⁴
255 449 312 501 ⁴⁰⁰·
337 456 418 518 mam
432 455 525 516 etiarn
543 460 721 534 spectantes,
735 451 766 516 si
779 471 839 535 qua
855 453 926 514 inde
939 451 1060 514 auriiia
1075 451 1212 524 ueniant,
1225 447 1399 530 obponere,

340 540 427 616 Quid
439 547 547 612 tumes,
563 539 639 621 quid
650 536 674 576 ¹¹
684 539 790 602 vincas
801 537 1053 620 l'testudinesque
1066 545 1096 602 et
1109 538 1204 600 alium
1221 535 1401 618 obpugnan-

337 629 445 690 daruen
460 623 577 688 urbium
592 626 777 706 adparatum
795 626 931 709 loquar?
957 623 1055 699 Quum
1075 632 1196 702 tantum
1215 619 1334 688 laboris
1348 641 1400 684 ee·

337 713 475 776 horestum
489 712 542 788 sit,
557 719 587 773 et
601 712 744 793 adfinem
752 708 824 793 jam
839 712 941 793 operis
951 711 1073 774 tandem
1081 717 1277 792 minentem,
1302 705 1401 770 relin-

336 797 498 884 quendane
510 797 574 860 berc
588 798 723 872 renuetis,
738 807 772 860 ut
786 798 829 860 od
848 805 981 861 aestatem
1003 817 1107 860 rursm
1120 815 1213 860 novies
1226 794 1265 856 de
1278 793 1403 875 integro

336 885 386 949 bis
411 883 606 947 instituendis
630 885 787 948 ernedetur
817 883 931 947 labor?
959 881 1085 960 Quanto
1112 891 1157 946 est
1180 881 1279 946 minus
1303 897 1402 960 opere

320 972 420 1052 ¹tueri
434 970 542 1054 sacta,
572 979 602 1033 et
631 971 757 1046 instare,
788 981 818 1034 et
845 991 1053 1052 perseverare,
1083 967 1267 1054 defiengique
1293 967 1401 1030 crau?

339 1057 452 1122 Brevis
475 1062 554 1120 enim
574 1057 715 1141 prefecto
738 1078 787 1120 res
812 1067 865 1132 est,
887 1057 916 1146 si
936 1078 997 1120 uno
1021 1063 1126 1120 tenore
1144 1053 1320 1137 peragitur,
1347 1070 1404 1116 uec

339 1145 402 1228 ipsi
430 1165 491 1226 per
523 1144 760 1208 intermissiones
791 1145 848 1206 tras
876 1144 1099 1226 interuallaque
1127 1143 1284 1206 leretiorem
1318 1157 1402 1219 spem

338 1239 473 1294 nostran
486 1229 635 1313 facimus.
656 1229 763 1313 loquor
790 1231 954 1310 deopere,
979 1239 1009 1292 et
1033 1229 1071 1292 de
1098 1227 1244 1310 temporis
1257 1222 1403 1308 jactura.

342 1315 452 1392 Quid?
470 1317 614 1398 periculi,
638 1318 717 1399 quod
737 1316 905 1404 differendo
925 1315 1003 1379 bello
1023 1315 1153 1390 adimus,
1173 1334 1242 1376 num
1262 1309 1405 1374 oblivisci
1489 1351 1491 1356 ,

328 1423 393 1490 'nos
420 1402 484 1466 nnc
512 1411 575 1465 tam
603 1401 708 1465 crebra
734 1403 876 1465 Etruria
901 1403 1032 1468 concilia
1060 1402 1099 1464 de
1126 1398 1284 1464 mittendis
1312 1395 1404 1462 Veios

339 1490 469 1554 auxiliis
498 1491 691 1571 potiuntur?
732 1489 778 1552 Ut
810 1509 889 1552 nunc
922 1509 972 1552 res
1003 1509 1035 1551 se
1067 1486 1167 1563 babet,
1203 1483 1284 1549 irati
1319 1491 1403 1560 nau,

338 1579 479 1653 adessent,
494 1585 608 1658 negant
629 1575 770 1638 missuras
781 1603 796 1636 .·-
814 1576 1008 1658 quantumin
1029 1574 1094 1636 iliis
1114 1583 1168 1646 est,
1182 1592 1294 1654 capere
1312 1569 1405 1634 Veios

338 1662 418 1725 iicet.
434 1662 502 1743 quis
523 1670 575 1736 cst,
592 1663 646 1744 qui
665 1663 822 1744 spondeat,
838 1663 979 1737 mmdern,
994 1662 1024 1724 si
1036 1659 1179 1747 dffertur
1195 1657 1316 1732 bellum,
1331 1656 1405 1721 ani·

338 1767 416 1812 neum
433 1757 544 1829 pastea
556 1747 663 1830 sore?
686 1769 784 1830 queem,
804 1749 834 1810 si
853 1749 1057 1811 lacanentum
1076 1746 1206 1821 dederis,
1220 1740 1405 1829 mojorsre·

236 1901 241 1910 ,
340 1835 537 1918 quentiorque
558 1834 673 1917 legatia
695 1835 779 1896 itura
799 1835 861 1897 sit:
883 1855 972 1918 queem
995 1835 1038 1910 id,
1061 1834 1143 1916 quod
1162 1851 1242 1896 nunc
1262 1829 1405 1914 offendit

339 1921 494 1996 Etnescos,
510 1941 565 1982 reu
584 1929 701 1982 creatus
719 1919 812 1997 Veiis,
826 1922 930 2004 spatio
950 1920 1131 2003 interposito
1143 1919 1259 1982 mutari
1268 1915 1281 1950 ¹¹
1290 1916 1403 1998 pontii,

339 2007 388 2072 vei
407 2025 549 2068 consensu
570 2007 714 2082 civitatis,
730 2015 764 2070 ut
785 2027 819 2070 eo
840 2007 1035 2070 reconcilient
1048 2005 1190 2069 Etmriee
1210 2003 1341 2079 animos,
1358 2003 1408 2066 oei

339 2092 437 2175 ipsius
451 2093 606 2155 uoluntate
624 2093 717 2175 regis,
733 2094 787 2175 qui
799 2093 919 2156 obstare
935 2113 1060 2178 regnum
1079 2113 1160 2156 nemu
1174 2090 1271 2155 saluti
1289 2090 1404 2154 civium

337 2179 429 2243 nolit.
465 2178 579 2256 Videte,
592 2189 664 2261 quot
677 2200 736 2258 res,
752 2173 874 2263 1⁸quam
890 2181 1023 2255 inutiles}
1038 2187 1203 2262 sequentia·
1216 2177 1305 2240 iilum
1319 2177 1404 2240 mum

338 2266 482 2329 cbnsilii:
493 2263 624 2348 jactura
635 2285 756 2348 operum
770 2274 859 2328 tauto
872 2265 1147 2350 iaborefactarum‚
1159 2263 1295 2328 venatio
1309 2261 1404 2326 inmi-

335 2371 413 2416 nens
420 2353 537 2434 finium
552 2360 733 2431 nostrorum,
745 2353 907 2416 Emessam
922 2353 1030 2416 beilum
1046 2372 1109 2436 pro
1130 2349 1253 2414 Veiente
1265 2350 1405 2412 coercita·
1482 2417 1485 2424 ,

339 2448 411 2502 trem.
445 2438 528 2502 Heec
540 2447 619 2514 suut,
635 2438 762 2516 tribuni,
772 2440 902 2502 consilia
917 2445 1027 2514 oestro,
1040 2459 1110 2513 nou,
1122 2437 1249 2511 hercule,
1265 2435 1404 2500 dissimi-

339 2526 397 2603 lia,
406 2545 444 2588 ae
453 2527 483 2589 si
496 2527 564 2608 quis
577 2545 669 2609 egum
679 2527 743 2608 qui,
753 2526 859 2588 curari
868 2525 1158 2608 sefirrtiterpassus,
1170 2521 1321 2603 extemplo
1331 2541 1405 2584 eon·

338 2612 488 2676 valescere
492 2613 601 2694 possit,
614 2611 706 2692 ¹⁴cibi
711 2613 821 2695 gratia
826 2613 990 2693 presentis
998 2619 1053 2674 aut
1055 2610 1195 2693 potionis
1203 2608 1406 2692 longinquum

338 2707 370 2762 et
370 2698 516 2781 forsitan
527 2693 728 2760 insanabilem
742 2697 872 2760 morbum
887 2699 1011 2783 gffeint.

385 2783 440 2845 VI.
465 2783 510 2856 Si,
526 2805 572 2845 me
587 2783 670 2846 Dius
673 2785 787 2866 fidius,
798 2785 845 2845 nd
858 2784 912 2846 boc
933 2783 1040 2848 bebium
1062 2783 1143 2846 nibil
1158 2782 1344 2864 pertineret,
1358 2781 1406 2846 net

339 2869 534 2950 disciplinam
544 2878 624 2932 certe
632 2867 754 2931 milities
759 2870 1091 2950 plurinmne'ntererot,
1101 2867 1406 2932 insuesceremiiitem
1502 2881 1503 2888 ’

340 2965 484 3029 nostrum,
500 2975 561 3016 non
575 2955 668 3017 solun
684 2953 831 3038 ¹⁵perata
842 2961 850 2996 ¹
861 2957 991 3020 uictoria
1000 2955 1100 3040 frui,-
1123 2955 1185 3030 sed,
1200 2954 1229 3018 si
1242 2975 1293 3018 res
1307 2954 1404 3018 etiam

338 3041 454 3104 lentior
460 3041 511 3116 sit,
520 3041 594 3122 poti
603 3043 736 3118 tedium,
746 3051 777 3104 et
787 3044 1005 3124 quamvisseroe
1011 3043 1079 3124 spei
1088 3041 1198 3106 ecitum
1208 3049 1403 3122 enipeum.-

338 3137 381 3204 et,
390 3129 419 3190 si
429 3147 490 3189 non
500 3129 542 3190 sit
551 3128 829 3211 aedataperfeetum
840 3129 957 3205 beilum,
965 3129 1090 3192 hiemem
1099 3124 1252 3210 operiri¹3
1267 3147 1333 3202 nec,
1345 3127 1405 3192 sio·

339 3222 374 3276 ut
388 3211 508 3276 ustinus
528 3235 608 3290 aves,
624 3215 727 3277 statim
749 3223 892 3278 aretumno
912 3225 992 3279 tecta
1009 3237 1047 3278 ac
1064 3233 1205 3278 recessum
1227 3213 1405 3296 circeemspe'-

336 3319 414 3362 cere.
461 3299 591 3364 Obsecro
604 3321 664 3377 nos,
679 3303 814 3364 venerae·
832 3303 963 3366 studium
977 3323 1015 3364 ec
1033 3302 1171 3384 voluptas
1192 3299 1328 3366 borsines
1343 3319 1406 3382 per

333 3387 424 3450 nives
437 3407 475 3448 ac
483 3387 618 3469 pruinas
632 3388 666 3450 in
679 3397 791 3450 montes
804 3389 953 3472 silvasque
966 3389 1054 3471 repit
1061 3425 1071 3460 ,-
1088 3387 1162 3450 belii
1175 3385 1405 3453 necessitatibus

336 3493 404 3536 eam
418 3475 607 3556 patientiam
630 3493 689 3535 non
712 3474 926 3549 adhibebimus,
942 3495 1031 3558 quam
1044 3475 1093 3538 oei
1110 3475 1191 3558 lusus
1208 3493 1247 3536 ne
1260 3473 1404 3554 volupiae

336 3561 447 3623 elicere
466 3561 568 3624 solet?
592 3559 719 3623 Adeone
736 3559 910 3646 effimnenta
930 3581 1058 3644 corpora
1078 3561 1207 3623 miiitum
1228 3567 1403 3626 nostrorum

337 3667 399 3712 esse
418 3657 570 3732 prunum,
585 3648 664 3714 adeo
676 3647 779 3710 notter
800 3647 924 3724 animm,
940 3657 973 3710 ut
987 3647 1109 3710 hiemem
1125 3667 1217 3710 unam
1231 3646 1350 3710 durare
1369 3645 1403 3708 in

370 3833 875 3897 hnnnnennsenepon'ucronorev.
914 3829 1096 3914 'lparusaeo
1157 3831 1365 3896 *mutirem

369 3993 395 4041 11
411 3995 493 4044 nnn
515 3997 569 4044 vm
578 4003 626 4044 nos
635 3996 806 4046 eumelus.
816 4001 849 4049 11.
881 4003 973 4064 mpure
986 4001 1152 4062 impertientis

369 4059 437 4106 127*
499 4061 559 4126 inm]
581 4063 628 4109 Hic
641 4061 747 4122 intellige
758 4067 850 4114 mami-
915 4065 1063 4130 lb'Peete}
1095 4065 1178 4112 Editio
1199 4064 1263 4114 cies.
1286 4063 1400 4112 nemn-

334 4137 378 4170 nss
395 4124 470 4171 vineis
485 4133 508 4172 es
526 4141 570 4174 usu
589 4132 613 4171 et
626 4127 705 4172 formu
721 4139 768 4174 non
785 4130 849 4176 absi·
879 4132 972 4178 borchii
982 4132 1080 4192 praten
1092 4135 1195 4190 parata.-
1211 4129 1307 4189 optimo
1318 4139 1400 4174 msa.

333 4189 553 4252 milee.vid.Lips.
567 4190 688 4239 Poliorcet.
701 4189 846 4244 1.1.dia1.8.
881 4197 971 4243 Parata
996 4197 1093 4242 victorin
1112 4193 1169 4256 frui
1191 4201 1229 4241 est
1250 4197 1304 4239 tum
1329 4191 1399 4239 fecii·

366 4249 397 4300 18
414 4252 489 4308 Quaen
511 4252 614 4316 tecutitee]
645 4255 725 4307 Quem
747 4257 848 4306 damno-
881 4263 983 4316 sincere,
1005 4265 1034 4307 ut
1059 4261 1139 4320 potius
1161 4257 1296 4306 devolantis
1316 4257 1344 4303 in
1365 4256 1399 4302 si·

331 4327 373 4362 en.
407 4317 730 4378 siceupeuomrusevoee
741 4319 830 4371 ciem
880 4339 940 4374 num
959 4325 1067 4373 victorie
1084 4337 1182 4385 compos
1200 4325 1259 4376 fieri,
1276 4335 1352 4384 qoem
1365 4319 1398 4368 ss·

362 4379 395 4428 14
412 4383 463 4431 Cibi
476 4384 569 4449 potia]
592 4383 643 4434 Cibi
661 4387 787 4443 presentis
807 4403 849 4436 vo·
880 4391 929 4436 lam
941 4391 989 4438 tuis
1001 4389 1091 4438 visibus
1102 4393 1223 4450 repom
1233 4387 1338 4435 videno
