3056 4928
369 191 428 248 412
760 143 1033 246 rrursurvrr
1137 271 1140 280 ι

212 354 282 403 mc.
293 351 350 402 8⁰⁷·
372 345 452 413 lulta
465 369 515 413 res
530 347 677 412 &mana
698 359 786 427 esset,
801 345 900 413 levius
920 347 990 425 mit,
1010 345 1095 436 quod
1110 344 1220 412 Gallos
1242 365 1316 410 mox
1332 345 1415 412 l'rre·

211 421 244 470 ³·
256 419 283 468 ⁰·
294 417 350 467 ³⁵⁵·
372 447 461 500 ueste
474 433 606 513 venisse,
619 445 714 519 atque
736 433 811 498 inde
835 434 918 499 circa
935 433 1057 499 Pedum
1072 431 1258 510 consedisse,
1278 431 1415 497 auditum

214 521 334 598 serpena
374 530 429 585 est
473 519 671 585 Dictatorem
697 518 761 584 dici
784 521 822 585 C.
846 520 1021 605 Sulpicium
1046 519 1175 606 placuit.
1197 517 1307 583 consul
1328 521 1364 582 ad
1385 517 1417 580 id

213 587 322 636 dmm·
372 604 495 670 adcitus
518 603 556 670 C.
578 605 719 670 Plautius
738 604 829 670 dixit.
853 607 1000 694 magister
1012 607 1156 694 equitum
1171 603 1317 670 dictatori
1335 603 1419 667 addi·

187 703 192 730 ¹
373 703 424 756 tus
439 689 489 756 M.
504 691 660 756 Valerius.
705 690 752 756 Hi
765 691 880 757 robora
894 691 1041 771 militum,
1055 715 1093 756 ex
1108 691 1234 756 dnobus
1252 689 1419 755 consulari·

374 778 433 842 bus
455 778 644 843 exercitibus
665 775 773 855 electa,
788 777 935 842 adversus
951 777 1062 844 Gallos
1076 777 1249 842 duxerunt.
1294 775 1419 840 Lectius

215 873 311 950 nurum
373 862 408 927 id
422 862 580 950 aliquanto
595 863 722 940 bellum,
737 884 833 950 quam
847 866 929 948 parti
940 865 1064 964 utrique
1078 863 1231 948 placebat,
1243 861 1312 926 fuit.
1327 882 1419 948 quum

214 938 342 986 ΘΜ
373 951 479 1034 primo
501 949 589 1015 Galli
607 962 731 1014 tantum
752 949 837 1014 aridi
860 950 1038 1015 certaminis
1059 948 1199 1029 fuissent,
1221 947 1338 1013 deinde
1359 948 1420 1011 llo

375 1056 488 1101 manus
507 1036 604 1114 miles,
619 1035 741 1100 ruendo
755 1036 788 1100 iu
803 1057 891 1100 arma
902 1031 949 1100 'ac
966 1036 1213 1112 dimicationem,
1233 1034 1419 1120 aliquantum

215 1125 345 1204 Μωῇ*
377 1120 534 1188 Gallicam
556 1122 705 1186 ferociam
725 1121 879 1196 vincerett
902 1121 1045 1186 dictatori
1067 1122 1251 1222 neutiquam
1275 1119 1419 1205 placebat,

214 1196 343 1239 cuneum
377 1209 506 1294 quando
526 1207 613 1274 nulls
633 1225 760 1296 cogeret
781 1228 839 1282 res,
855 1206 991 1274 fortune
1013 1229 1047 1272 se
1065 1219 1265 1274 committere
1283 1205 1420 1270 adversus

376 1293 509 1373 hostem,
535 1316 627 1381 quem
652 1307 775 1380 tempus
797 1293 983 1358 deteriorem
1003 1293 1037 1357 in
1057 1293 1123 1358 dies
1144 1306 1176 1358 et
1195 1292 1287 1358 locus
1312 1291 1420 1356 ebenus

374 1379 502 1462 faceret,
524 1383 592 1444 sine
639 1392 794 1464 raeparato
817 1391 1005 1458 commeatu,
1028 1379 1096 1444 sine
1117 1379 1213 1444 firmo
1234 1377 1421 1442 munimento

375 1479 562 1532 morantem.
585 1401 701 1532 adhoc
714 1464 753 1529 iis
766 1465 879 1530 animis
901 1465 1156 1552 corporibusque,
1172 1486 1310 1551 quorum
1329 1461 1421 1527 omnis

376 1552 410 1617 ln
425 1554 533 1639 inpetu
557 1553 603 1616 vis
628 1565 717 1629 esset,
741 1573 839 1636 parva
861 1553 971 1616 eadem
994 1551 1207 1639 languesceret
1223 1572 1322 1616 mora
1365 1547 1421 1613 His

377 1638 516 1702 consiliis
537 1637 673 1703 dictator
695 1637 812 1702 bellurn
832 1637 986 1714 trahebat,
1003 1659 1195 1724 gravemque
1209 1637 1349 1701 edixerat
1362 1655 1420 1720 ρω-

217 1731 368 1810 lpmatrml·
378 1747 462 1800 nam,
478 1725 503 1787 si
519 1725 589 1810 quis
603 1724 721 1809 injussu
735 1724 769 1787 in
783 1722 904 1788 hostem
927 1736 1107 1811 pugnasset.
1151 1721 1286 1799 Milites,
1301 1743 1380 1809 aegre
1392 1719 1419 1783 id

208 1799 306 1845 'hm’
377 1811 544 1895 patientes,
563 1809 668 1893 primo
682 1809 714 1871 in
731 1808 917 1873 stationibus
940 1808 1116 1897 vigiliisque
1138 1809 1222 1874 inter
1248 1831 1281 1874 se
1301 1807 1422 1872 dictato·

378 1917 445 1960 rem
465 1895 661 1959 sermonibus
683 1916 827 1980 carpere;
848 1894 1007 1958 interdum
1024 1895 1133 1960 Patres
1154 1894 1363 1959 communiter
1380 1893 1421 1954 in-

378 2003 519 2067 crepare,
548 1980 633 2067 quod
664 2002 727 2045 non
755 1981 921 2065 jussissent
950 2001 1008 2065 per
1036 1980 1178 2045 consules
1206 1983 1277 2068 geri
1307 1977 1418 2044 bellum.

379 2068 516 2132 Electum
535 2090 597 2132 erse
617 2069 758 2131 onimium
773 2070 993 2150 imperatorem,
1007 2069 1128 2131 unicum
1149 2069 1265 2144 ducem,
1281 2069 1333 2152 qui
1352 2064 1422 2127 nihil

379 2175 399 2216 u
421 2155 486 2217 enti
498 2153 559 2217 ribi
572 2155 610 2216 de
623 2156 696 2217 carlo
713 2155 920 2218 deuolaturam
943 2155 977 2216 in
1002 2156 1099 2218 sinum
1121 2156 1283 2218 uictoriam
1307 2157 1420 2216 censent.

430 2239 502 2303 dem
517 2238 633 2304 deinde
645 2241 713 2303 baec
727 2238 866 2303 interdiu
885 2236 1060 2323 propalam,
1075 2260 1112 2302 ac
1127 2237 1282 2304 ferociora
1296 2237 1354 2312 bis,
1363 2237 1418 2321 jac·

381 2337 464 2401 tare;
486 2348 518 2390 se
531 2325 647 2410 injussu
666 2327 861 2410 imperatoris
878 2334 932 2388 aut
947 2326 1153 2399 dimicaturos,
1169 2335 1227 2388 aut
1239 2323 1420 2410 ugrnineiio-

380 2433 459 2476 mum
474 2413 580 2477 ituros.
624 2411 850 2498 lnmisoerique
877 2410 1027 2475 militibus
1053 2409 1273 2476 centuriones:
1298 2405 1420 2474 nec⁸⁴in

381 2497 505 2562 circulis
526 2497 621 2562 modo
635 2497 777 2572 fremere,
793 2495 847 2560 aed
861 2497 929 2582 jam
944 2495 1010 2560 “in
1025 2495 1187 2581 principiis
1201 2519 1240 2562 ac
1253 2495 1280 2536 ⁶⁸
1289 2490 1420 2580 praetorio

381 2584 413 2646 in
428 2603 528 2650 unum
542 2604 701 2648 sermones
715 2580 877 2660 oonfirudi,
892 2595 987 2682 atque
1007 2583 1040 2646 in
1062 2582 1225 2647 concionis
1247 2575 1421 2669 magnitudi-

381 2691 454 2734 nem
470 2691 607 2736 crescere
620 2669 722 2745 turba,
738 2683 770 2733 et
783 2667 946 2733 vociferari
961 2691 1003 2733 ex
1018 2668 1164 2732 omnibus
1177 2666 1267 2746 locis,
1282 2679 1316 2732 ar
1328 2675 1420 2731 erten-

376 2757 434 2837 plo
443 2758 488 2819 ad
496 2757 674 2820 metatorem
683 2757 805 2819 iretur.-
827 2755 918 2818 uerba
927 2775 990 2842 pro
1004 2753 1268 2840 erercimfuceret
1278 2757 1345 2821 Ser.
1357 2749 1419 2815 ild·

382 2842 452 2916 lius,
467 2850 500 2904 ut
513 2843 626 2904 uirtute
639 2841 701 2924 qiu
714 2843 837 2926 dignum
852 2851 935 2904 esset.

427 2925 530 2990 Xlll.
551 2925 577 2970 ⁶⁷
587 2926 764 3011 Septimum
778 2925 917 3010 primum
938 2925 1038 3010 pilum
1054 2927 1120 3011 jam
1136 2925 1263 2994 Tullius
1284 2922 1405 2991 ducebat
1411 2941 1420 2995 ς

384 3033 487 3098 neque
503 3027 569 3076 erat
585 3013 616 3075 in
632 3012 783 3088 exercitu,
804 3011 859 3097 qui
883 3011 1011 3097 quidem
1034 3011 1192 3098 pedestria
1218 3011 1367 3098 stipendia
1384 3004 1421 3069 fe·

385 3098 486 3174 nisset,
502 3099 550 3160 sir
568 3095 657 3162 factis
679 3096 822 3162 nobilior.
846 3098 883 3174 is,
899 3097 1079 3182 praecedens
1097 3099 1235 3164 militum
1257 3117 1375 3186 agmen,
1387 3087 1420 3154 sd

386 3182 524 3248 tribunal
548 3184 669 3269 pergin
701 3184 892 3270 mirantique
916 3183 1056 3268 Sulpicio
1079 3206 1144 3247 non
1171 3185 1295 3250 turbam
1323 3179 1418 3265 magle

223 3293 364 3346 eminuit
384 3293 479 3358 quam
502 3269 605 3336 turbae
629 3270 804 3354 principem
820 3268 973 3346 Tullium,
989 3269 1128 3354 imperiis
1150 3268 1419 3336 obedientissimum

221 3363 366 3474 assdlffi
386 3356 530 3438 militem,
542 3355 567 3396 ⁶⁸
575 3355 985 3440 &circumcisionisque
998 3359 1224 3422 condensatum
1238 3380 1270 3422 se
1283 3356 1420 3419 unias-sas

419 3561 452 3608 64
466 3563 497 3609 In
507 3562 610 3625 drmlir]
628 3563 658 3610 ln
674 3563 775 3610 coettbm
790 3563 896 3610 militum
930 3565 1044 3610 menium
1067 3564 1252 3624 intelligendum
1274 3561 1370 3612 videtur,
1385 3547 1420 3595 ἐὖ

385 3626 474 3687 passim
486 3628 581 3674 interne
589 3627 785 3688 colloquentium.
929 3629 1096 3688 propinquari
1106 3630 1166 3676 loct.

418 3691 450 3737 65
465 3691 497 3737 In
514 3691 653 3754 principiis]
681 3691 807 3752 Principia
830 3693 897 3738 locus
961 3691 993 3738 6'!
1008 3691 1138 3752 Septimum
1148 3695 1254 3752 primum
1265 3683 1349 3750 pilon]
1362 3681 1421 3730 'nrm

386 3762 457 3802 mant
476 3757 502 3803 ln
523 3757 615 3810 castris,
636 3755 677 3802 ubi
699 3757 850 3816 pretorium.
872 3760 897 3802 et
925 3751 979 3816 jam
990 3758 1121 3815 septimum
1137 3757 1253 3817 primipill
1262 3749 1363 3802 centurio
1372 3747 1420 3792 erri-

385 3820 898 3940 messanensem
929 3817 1316 3931 turstinum
1388 3805 1420 3852 ⁴⁵

386 3949 567 3996 uastauerant.
601 3947 638 3994 lbi
654 3898 781 3994 consiluirli
795 3949 898 3994 militare
963 3947 1126 4012 llll'Srilieet]
1154 3948 1241 3996 Reddit
1261 3943 1371 3992 nuaram
1389 3931 1420 4008 ⁹3¹l

387 4013 529 4068 habebatur,
549 4016 621 4071 atque
637 4013 710 4058 etiam
730 4013 835 4060 interdiu
849 4012 899 4058 lere
931 4011 990 4059 tacti
1004 4011 1108 4066 Tullius,
1120 4019 1145 4058 et
1155 4014 1207 4060 baso
1217 4017 1253 4058 est
1268 4009 1302 4053 ab
1317 4005 1420 4050 rucism·

388 4075 508 4134 potissimi
539 4075 629 4122 ducum
660 4077 761 4136 imperia
789 4082 899 4136 expecta-
931 4076 989 4122 licet.
1021 4076 1091 4129 Quod
1104 4089 1144 4122 me
1155 4091 1212 4123 curn
1226 4077 1270 4121 boc
1280 4069 1421 4140 militante·

390 4139 457 4186 bans.
931 4141 998 4186 mine
1009 4141 1040 4186 sd
1054 4142 1160 4188 tribunal
1172 4149 1240 4188 tuum
1257 4136 1342 4182 rentur
1356 4128 1421 4177 πω»

422 4201 454 4248 66
470 4201 597 4266 Pretorio]
615 4203 758 4250 Pretorium
773 4211 810 4250 eet
820 4205 898 4250 taber-
932 4200 985 4266 ejus
1003 4204 1038 4250 rei
1054 4205 1107 4252 htcc
1125 4206 1215 4252 scilicet
1232 4213 1302 4250 cauo!
1314 4201 1356 4249 ⁸⁵¹³
1365 4187 1420 4250 (1υοᾱ

390 4267 503 4312 naculum
526 4267 685 4327 imperatoris,
704 4269 747 4326 qui
763 4269 821 4314 olim
837 4281 899 4327 pre·
932 4269 1051 4316 exercitus
1063 4269 1107 4316 tre.

390 4333 426 4376 tor
436 4331 566 4378 dicebatur.
602 4331 649 4379 llic
664 4345 712 4380 non
729 4333 809 4392 ipsum
823 4333 900 4378 taber·
