3056 4928
361 193 421 250 sss
759 145 868 247 r'rrr
896 187 1033 248 n1v11

137 413 140 418 ,
206 366 342 420 utino.
368 367 435 431 tus3
457 351 597 418 exercitu
615 351 768 417 instructo
790 363 963 438 paratoque
984 350 1142 437 profect-us
1160 351 1201 416 ad
1219 350 1421 428 Imbrinium,

206 437 235 482 Α
248 436 275 482 ⁰·
286 435 342 484 ³²²·
370 440 426 525 (ita
441 453 555 503 vocant
568 437 688 516 locum)
704 438 770 502 acie
786 459 859 502 cum
885 439 1079 503 Samnitibus
1094 435 1246 504 conflixit.
1269 461 1307 502 ea
1321 437 1422 502 forru-

368 549 412 592 ne
426 547 543 612 pugnae
557 523 626 600 fuit,
643 537 678 588 ut
699 522 779 588 nihil
802 523 944 591 relictum
960 524 1009 602 sit,
1026 546 1100 609 quo,
1117 523 1142 588 si
1156 523 1304 590 adfuisset
1321 523 1421 588 dicta·

369 628 430 688 tor,
443 634 493 675 res
509 610 619 674 melius
633 611 700 697 geri
715 609 854 694 potuerit
865 635 883 674 ε.
896 631 961 674 non
976 609 1044 675 dux
1058 609 1163 690 militi,
1179 632 1243 674 non
1258 609 1348 674 miles
1361 610 1421 678 du-

369 699 397 762 ci
412 696 522 762 deluit.
568 695 797 781 liquentiam,
818 713 946 760 auctore
961 697 1003 762 L.
1019 696 1167 761 Cominio
1189 697 1318 762 tribuno
1338 698 1421 760 mili·

369 797 448 857 tum,
471 783 526 868 qui
547 781 712 870 aliquoties
735 783 844 866 inpetu
869 798 963 866 capto
989 803 1192 867 perrumpere
1213 805 1278 848 non
1298 783 1427 868 poterut

368 869 505 934 hostiurn
521 890 647 954 agmen,
660 868 798 956 detraxit
816 867 921 932 frenos
940 867 1044 954 equis;
1067 884 1163 956 utque
1182 867 1227 934 ita
1248 869 1421 934 concitatos

369 954 541 1020 calcaribus
556 955 706 1039 permisit,
724 969 758 1018 ut
773 954 924 1019 sustinere
938 977 991 1018 eos
1006 954 1093 1019 nulla
1106 955 1152 1018 vis
1167 969 1282 1039 posset.
1298 977 1357 1040 per
1371 977 1420 1019 ar·

368 1064 430 1118 ma,
445 1063 501 1126 per
516 1043 598 1105 viros
615 1040 677 1106 late
691 1054 826 1126 stragem
841 1039 965 1106 dedere.
1010 1041 1142 1108 Secutus
1161 1041 1255 1125 pedes
1277 1042 1419 1126 inpetum

367 1128 520 1214 equitum,
537 1129 669 1192 turberis
682 1125 824 1190 hostibus
838 1127 947 1192 intulit
959 1127 1060 1214 sigua.
1104 1127 1225 1214 Viginti
1240 1126 1419 1192 milliabos·

359 1216 447 1296 tium
462 1237 544 1278 caesa
557 1237 595 1278 eo
606 1211 658 1278 die
673 1215 849 1278 traduntur.
894 1213 1050 1278 Auctores
1064 1211 1174 1289 habeo,
1190 1212 1237 1278 bis
1252 1236 1325 1278 cum
1347 1213 1418 1278 hos·

367 1315 399 1364 te
420 1301 510 1384 signa
524 1301 657 1374 conlata,
673 1297 828 1364 dictatore
843 1297 980 1376 absente,
997 1298 1045 1362 bis
1066 1321 1132 1362 rern
1149 1301 1274 1387 egregie
1286 1315 1420 1388 gestum.
1506 1327 1507 1334 ¹

367 1387 465 1471 Apud
490 1385 722 1470 antiquissimus
744 1385 911 1470 scriptores
937 1406 999 1450 una
1024 1384 1094 1450 ltaec
1116 1407 1223 1472 pugne
1242 1386 1418 1451 invenitur:

365 1474 398 1536 in
413 1471 603 1560 quibusdam
622 1471 787 1536 anrralibus
803 1483 869 1536 tota
884 1493 933 1536 res
946 1471 1155 1556 praetermissa
1169 1487 1227 1536 est.
1264 1473 1418 1560 Magister

299 1631 307 1640 ⁸
366 1561 519 1645 equiturn,
536 1577 570 1622 ut
588 1567 731 1624 extenta
752 1557 848 1634 caede,
866 1557 971 1622 multis
994 1558 1115 1640 potitus
1137 1557 1254 1642 spoliis,
1269 1575 1422 1646 congesta

366 1645 399 1708 in
414 1646 575 1732 ingentem
592 1665 736 1708 acervum
752 1641 879 1707 hostilia
893 1665 982 1710 arma
996 1643 1123 1708 subdito
1144 1646 1217 1728 igne
1236 1666 1419 1710 concrema-

365 1731 427 1794 vit:
451 1753 505 1794 seu
520 1743 626 1794 votum
648 1729 678 1793 id
702 1729 844 1794 Deorum
866 1729 1002 1814 cuipiam
1017 1727 1092 1806 fuit}
1116 1752 1169 1794 seu
1192 1729 1320 1796 credere
1344 1731 1420 1798 libet

364 1817 390 1860 ⁷⁰
403 1817 502 1882 Fabio
516 1815 647 1890 auctori,
664 1838 702 1879 eo
716 1813 844 1892 lactum,
860 1837 901 1880 ne
915 1839 981 1880 suoe
994 1816 1105 1902 gloriae
1126 1815 1263 1882 fructum
1284 1817 1421 1882 dictator

365 1915 504 1986 caperet,
520 1922 698 1984 nomenque
712 1901 757 1966 ibi
772 1901 933 1979 scriberet,
949 1917 1004 1966 eut
1018 1902 1120 1987 spolia
1133 1902 1167 1966 in
1182 1903 1347 1989 triurnpbo
1359 1903 1422 1968 ler-

364 2005 425 2053 ret.
471 1989 588 2052 Literoe
610 2009 736 2073 quoque
750 1983 838 2051 dere
861 2010 1008 2072 prospere
1044 2001 1109 2053 esta
1123 1989 1162 2054 ad
1178 2005 1333 2068 senatum,
1353 2012 1418 2056 non

364 2073 406 2138 sd
423 2073 621 2154 dictatorem,
645 2075 757 2152 misere,
779 2089 1000 2161 argumentum
1021 2010 1112 2138 inere
1133 2076 1263 2140 minime
1284 2097 1360 2141 cum
1382 2100 1420 2144 eo
1506 2121 1507 2128 κ

203 2159 604 2224 nnumin-communicatis
627 2158 763 2224 laudes¹.
789 2160 837 2225 lta
861 2173 945 2224 certe
970 2159 1106 2226 dictator
1132 2163 1163 2225 id
1185 2161 1303 2232 facturn
1330 2185 1419 2230 ecce-

201 2237 322 2298 d¹⁸¹¹¹¹⁸¹¹¹·
364 2247 421 2332 pit,
435 2259 480 2324 ut,
497 2245 577 2310 luetis
587 2245 655 2310 aliis
668 2245 797 2310 victoria
807 2259 906 2330 parta,
921 2267 1033 2330 praese
1047 2245 1143 2311 ferret
1153 2247 1231 2312 iram
1243 2249 1419 2315 tristitiam·
1506 2239 1507 2267 ¹

363 2355 433 2418 que.
481 2331 582 2397 Misso
596 2331 702 2418 itaque
722 2346 850 2416 repente
871 2349 993 2410 senatu,
1009 2354 1042 2398 se
1064 2355 1113 2396 ex·
1128 2335 1217 2398 curia
1238 2336 1417 2420 proripuit:

362 2431 430 2484 turn
447 2441 530 2496 vero,
548 2439 610 2482 non
633 2418 823 2484 Samnitium
839 2419 938 2517 magis
956 2417 1104 2504 legiones,
1117 2442 1210 2506 quam
1225 2423 1416 2508 majestatem

361 2505 559 2571 dictatorium
581 2517 614 2568 et
634 2503 833 2589 disciplinam
862 2497 1039 2582 militarem,
1061 2529 1081 2569 a
1100 2507 1251 2592 magistro
1274 2512 1417 2593 equitum

361 2591 475 2658 victam
490 2605 521 2655 et
534 2612 673 2656 eversum
689 2591 845 2666 dictitans,
862 2591 888 2654 si
902 2590 947 2655 illi
959 2591 1078 2676 inpune
1092 2609 1230 2674 spretum
1246 2594 1415 2678 imperium

359 2676 476 2743 luisset.
521 2678 633 2764 Itaque
646 2675 759 2761 plenus
773 2677 929 2742 minarum
944 2678 1072 2764 iureque,
1089 2677 1247 2762 profectus
1260 2682 1291 2742 in
1305 2697 1418 2760 castro,

360 2785 458 2850 quum
475 2763 621 2828 maximis
635 2763 799 2828 itineribus
814 2763 898 2843 isset,
914 2785 977 2826 non
994 2777 1097 2828 tumen
1110 2769 1284 2848 praevenire
1299 2765 1413 2832 famam

360 2849 513 2914 adventus
524 2850 571 2914 sui
582 2850 697 2934 potuit.
732 2849 1012 2916 Praecucurrerant
1022 2849 1106 2914 enirn
1116 2850 1155 2914 ab
1169 2851 1256 2928 urbe,
1269 2855 1325 2938 qui
1337 2877 1416 2918 nun·

359 2935 489 3011 cierent,
505 2935 691 3000 dictatorem
708 2935 832 3000 avidum
851 2957 955 3020 poenae
975 2936 1091 3014 venire,
1107 2935 1235 3002 alternis
1249 2960 1333 3023 pene
1347 2961 1415 3004 rer·
1506 3007 1507 3016 ,

359 3021 407 3084 bis
423 3020 464 3086 T.
484 3021 599 3085 Manlii
614 3020 732 3086 facturn
748 3021 940 3087 laudantem.

197 3127 351 3176 subnotatio
402 3106 534 3172 XXXI.
558 3105 685 3184 Fabius,
706 3108 859 3172 concione
878 3109 1036 3193 extemplo
1058 3109 1219 3187 advocata,
1242 3105 1419 3180 obtestetus

195 3194 227 3240 *ἃ
236 3194 333 3241 mrum.
359 3191 472 3256 milites
487 3205 544 3268 est,
559 3203 603 3270 ut,
619 3215 679 3276 qua
694 3195 807 3258 uirtute
820 3194 1032 3276 rempublicam
1047 3196 1087 3258 ab
1101 3197 1307 3280 inflatissimis
1320 3201 1416 3266 hosti·

358 3279 411 3343 bru
425 3279 637 3364 defendissent,
654 3281 756 3342 eadem
769 3302 810 3354 se,
826 3279 851 3322 ⁷¹
861 3279 943 3364 cujus
957 3283 1048 3344 ductu
1058 3283 1252 3366 auspicioque
1262 3287 1415 3364 uicissent,

357 3365 397 3430 ab
413 3367 566 3448 inpotenti
574 3367 754 3428 crudelitate
761 3367 923 3430 dictatoris
933 3369 1131 3440 intermittit,
1147 3368 1257 3432 Venire
1266 3379 1413 3436 amentem

358 3453 489 3528 invidia,
511 3454 624 3514 iratum
647 3453 757 3515 virtuti
779 3453 891 3514 ulienae
901 3451 1121 3536 felicitatiqne,
1130 3454 1257 3537 fruere,
1273 3461 1364 3540 quod,
1384 3481 1415 3522 se

356 3537 487 3616 ahsente,
498 3559 546 3602 res
555 3537 681 3619 publica
693 3539 813 3621 egregie
822 3546 911 3622 gestu
923 3547 1013 3602 esset:
1029 3540 1129 3617 malle,
1141 3541 1170 3603 si
1183 3551 1303 3606 mutare
1304 3543 1414 3628 fortu-

356 3643 427 3686 nam
443 3632 557 3706 posset,
572 3625 659 3706 apud
680 3623 840 3700 Samnites,
857 3644 947 3712 quom
969 3623 1134 3705 Romanos,
1157 3627 1318 3692 uictoriam
1339 3651 1413 3696 esse.

359 3709 519 3793 imperium
534 3710 680 3777 dictitare
691 3717 833 3794 piretum,
848 3719 1002 3794 tamquam
1016 3731 1077 3775 non
1096 3712 1199 3778 eadem
1219 3724 1318 3780 mente
1329 3737 1417 3800 pug-
1506 3763 1507 3802 ,

741 3881 857 3929 ¹iuudsm
868 3883 942 3930 Gran.
953 3883 1023 3932 Creu.
1075 3944 1081 3950 1

385 4031 416 4077 w
432 4031 519 4096 Fabio]
536 4033 647 4093 intellige
664 4033 766 4080 Fabium
783 4034 864 4082 Picto·
896 4034 1011 4090 Romani,
1030 4037 1072 4083 red
1090 4037 1193 4097 aruplc'm
1206 4038 1342 4086 dictatoris.
1371 4039 1410 4086 Si·

351 4107 414 4150 rem,
427 4097 567 4156 scriptorem
579 4097 847 4148 rerumliomsnarum.
895 4099 994 4160 quidem
1017 4101 1132 4161 mimum
1153 4101 1264 4161 equitum
1286 4103 1339 4162 ipse
1358 4117 1407 4152 uun

384 4157 413 4204 tl
440 4159 514 4221 Cujrm
537 4159 607 4208 ductu
631 4163 773 4222 auspicioque
794 4165 862 4211 olcis.
894 4164 997 4212 moeurs
1015 4165 1131 4225 auspicia,
1152 4167 1195 4212 sed
1212 4166 1316 4226 mpure
1333 4169 1409 4216 dicta·

349 4221 410 4284 ml]
441 4221 488 4270 llic
509 4223 556 4270 non
578 4228 678 4274 ommno
699 4234 809 4284 socprate
828 4231 862 4275 lo·
894 4229 953 4276 toris
969 4235 994 4276 et
1011 4229 1123 4290 auspiciu
1140 4232 1244 4278 suberat.
1268 4231 1323 4280 vid.
1342 4232 1411 4280 Peri·

350 4293 464 4344 quentsm
476 4287 533 4334 nest
544 4287 645 4336 Fabium
658 4290 749 4337 Livius.
781 4291 871 4346 Deera,
894 4305 948 4340 sou.
966 4294 1096 4342 Animadr.
1108 4294 1200 4342 ilistor.
1211 4309 1231 4342 c.
1244 4295 1266 4344 7.

350 4349 447 4408 quidem
477 4351 585 4408 magistri
618 4353 729 4412 equitum
756 4357 863 4402 vicerant
