3008 4908
424 227 724 311 crurucsr.
750 225 896 286 xnvnr.
989 189 993 202 ’
1138 231 1196 292 su

128 387 251 466 Rutilo,
268 389 433 454 biennium
450 383 630 477 tranquillae
644 403 788 455 externas
803 381 864 465 res,
881 385 1039 452 discordia
1053 385 1138 452 domi
1154 406 1232 454 exc.
1245 403 1340 458 cass.

8 497 11 573 ‘p
113 475 288 564 agrariial
332 475 402 540 ibus
412 476 482 540 tuit.
1201 472 1340 521 ΔΜΒ»

166 561 312 626 XLVII
335 610 344 625 .
368 561 563 626 Turbatores
579 560 663 648 vulgi
678 575 768 626 erunt
781 560 913 646 ⁸Spurii
926 559 1086 624 Maecilius
1100 536 1357 650 quar-ffffil'ss

127 661 191 713 tum
207 662 243 713 et
260 647 406 713 Metilius
421 649 548 712 tertium
571 647 690 712 tribuni
712 647 822 732 plebis,
838 647 934 711 ambo
949 648 1092 712 absentes
1107 665 1244 713 crea-rr.
1257 666 1313 712 stu

129 734 160 800 u'.
182 747 216 800 et
238 755 341 821 quum
365 735 561 820 rogationem
579 733 840 822 promulgassent,
857 747 892 797 ut
915 733 1011 818 *ager
1032 755 1072 798 ex
1092 729 1340 856 hosti-Dm

130 820 184 886 bus
206 833 325 905 captus
344 821 459 884 viritim
484 819 690 899 divideretur,
706 841 893 906 magnaeque
916 821 1016 904 portis
1037 807 1232 904 nobilium?

129 929 165 972 eo
178 907 351 992 plebiscito
367 907 605 992 publicarentur
625 905 779 982 iortmrae3
802 911 874 990 (uec
888 907 973 970 enim
988 906 1088 972 ferme
1102 907 1194 994 quid·

130 1016 225 1079 quam
245 995 326 1080 agri,
344 995 426 1058 utin
442 996 521 1058 urbe
534 993 637 1058 alieno
659 992 726 1058 solo
747 993 862 1078 posita,
876 1013 941 1055 non
957 993 1053 1057 anuis
1067 1006 1192 1078 partum

130 1095 213 1156 erat3
235 1101 307 1158 nec,
323 1079 410 1166 quod
426 1080 559 1144 venisset
577 1079 818 1167 adsignatumve
842 1078 970 1163 publice
994 1093 1087 1157 esset,
1111 1102 1194 1165 prae-

130 1177 275 1254 terquam
291 1166 381 1252 plebs
395 1165 545 1248 habebat)
560 1181 653 1232 atrox
669 1164 753 1250 plebi
770 1164 981 1250 Patribusque
994 1169 1193 1250 propositum

129 1253 297 1318 ridebatur
321 1265 498 1336 certamen:
520 1275 580 1316 neo
594 1251 714 1317 tribuni
743 1252 889 1328 militum,
906 1272 992 1316 nuuc
1013 1252 1045 1314 in
1068 1265 1193 1334 senatu,

127 1339 237 1404 ⁵nuuc
260 1340 292 1403 in
315 1338 456 1403 conciliis
481 1340 612 1423 privatis
637 1338 818 1423 principum
842 1336 1002 1424 cogendis,
1019 1339 1100 1403 riam
1117 1361 1193 1403 con·

129 1425 187 1490 silii
209 1425 433 1501 invenieboutr
456 1447 553 1511 quum
572 1429 634 1509 Ap.
652 1423 816 1500 Claudius,
839 1445 937 1510 nepos
961 1425 1037 1510 ejus,
1060 1425 1115 1511 qui
1137 1425 1193 1490 do-

129 1513 247 1576 cemrir
271 1511 395 1600 legibus
419 1511 591 1576 scribendis
614 1510 725 1587 fuerat,
744 1510 891 1574 minimus
914 1522 989 1575 natu
1007 1533 1047 1576 ex
1064 1513 1191 1576 l’atrum

129 1598 295 1675 coucilio¹,
311 1597 428 1663 dicitur
453 1598 579 1676 dixisse,
610 1597 700 1662 Vetus
721 1619 753 1662 se
778 1619 815 1660 ac
839 1597 1011 1680 familiare
1035 1599 1193 1662 cortsilr'um

126 1687 214 1749 domo
227 1686 364 1771 azyme.
386 1683 554 1767 ‘proavum
571 1685 651 1748 euim
669 1705 753 1747 sroorr
768 1687 828 1767 Ap.
846 1685 1009 1748 Claudium
1030 1687 1195 1750 ostendisse
1201 1702 1276 1764 Appii
1283 1715 1340 1751 eoo·

14 1772 15 1791 ¹
127 1772 278 1836 Patribus
292 1773 375 1836 mom
388 1791 479 1835 unum
490 1771 689 1836 dissoluenda
702 1769 878 1834 tribunicia
885 1773 1052 1853 potestatis
1060 1793 1121 1854 per
1130 1774 1191 1836 col
1199 1769 1284 1815 sitium
1295 1770 1327 1816 ‘¹²

126 1859 264 1942 ῖεςαηιηι
294 1859 548 1922 intercessionem.
600 1858 708 1920 Facile
734 1855 868 1920 lromr'rres
892 1877 983 1920 novos
1011 1833 1342 1946 auctoritateffiffi

120 1947 300 2028 principum
315 1945 355 2006 de
367 1945 518 2008 serrterrtiu
541 1945 658 2018 deduci,
674 1945 703 2006 sr'
716 1953 879 2026 temporam
901 1945 1053 2008 interdum
1074 1948 1189 2028 potius,
1199 1945 1274 2008 nim

125 2052 216 2114 qrtam
231 2029 411 2114 majestatis,
427 2051 538 2093 memor
551 2030 735 2093 adhibeatur
748 2033 862 2093 oratio.
885 2029 1113 2114 ⁷Profortuoo
1129 2033 1193 2097 illis

123 2119 245 2181 animos
255 2139 327 2181 esse.
342 2117 396 2180 noi
407 2117 541 2193 uideant,
553 2117 684 2200 collegas
693 2117 852 2198 prtrrcr'pes
859 2118 989 2199 agendae
996 2119 1046 2180 rei
1051 2121 1197 2200 gratiam

123 2225 240 2268 omnem
256 2205 300 2266 od
310 2203 426 2286 plebem
437 2221 673 2284 preoccupasse,
688 2221 743 2264 nec
753 2203 851 2264 loerrm
867 2204 901 2263 in
915 2223 952 2264 aa
963 2204 1100 2266 relictum
1111 2204 1172 2267 sibi
1178 2239 1189 2276 ,-

124 2291 212 2352 haud
229 2299 363 2373 grauate
383 2291 595 2352 adclinaturos
607 2309 639 2351 se
653 2289 696 2349 ad
708 2307 842 2350 caturam
861 2297 993 2364 senatus,
1008 2287 1022 2328 ⁸
1027 2310 1088 2371 per
1164 2311 1192 2353 m

122 2378 268 2440 muoso
281 2375 389 2438 ordini
401 2395 465 2438 cum
474 2373 653 2456 prioribus*
667 2393 699 2437 se
713 2373 842 2436 Patron
856 2375 1026 2436 concilient.
1064 2310 1193 2458 Addic-

124 2461 276 2526 bautibus
302 2460 434 2538 cunctis,
459 2475 489 2524 ct
513 2473 585 2523 unte
609 2478 720 2522 onrucs
741 2459 781 2527 Q.
802 2457 935 2522 Servilio
960 2457 1080 2537 Prisco,
1103 2460 1191 2546 quod

123 2569 190 2613 nou
215 2547 436 2632 degenerasset
457 2547 498 2611 ab
521 2547 619 2630 stirpe
634 2543 778 2620 Claudia,
801 2543 1012 2608 conlaudante
1028 2546 1190 2630 juvenem,

123 2635 292 2721 negotium
309 2632 417 2712 datur,
432 2643 479 2712 ut,
495 2653 574 2719 quos
599 2631 733 2717 quisque
753 2643 859 2716 posset
874 2651 914 2694 ex
933 2630 1068 2718 collegio
1090 2633 1190 2697 tribu·

122 2741 253 2797 norum,
270 2717 310 2784 ad
324 2719 576 2783 intercessionem
599 2717 798 2802 perlicerent.
845 2715 945 2781 Misso
960 2731 1079 2796 senatu,
1096 2741 1190 2803 pren·

123 2819 237 2872 untur
262 2805 304 2870 ab
328 2805 525 2892 principibus
550 2803 685 2868 tribuni:
719 2802 891 2880 suadendo,
913 2805 1081 2883 mouendo,
1097 2805 1191 2892 polli-

123 2892 293 2978 cendoque
307 2903 433 2978 gratum
456 2891 488 2954 id
512 2890 643 2979 singulis
659 2889 818 2975 privatim,
833 2903 960 2977 gratum
982 2891 1130 2958 universo
1143 2915 1190 2958 se·

123 2979 218 3044 notui
243 2977 321 3055 fore,
341 2999 395 3043 sex
417 2977 458 3042 ad
480 2977 734 3042 intercessionem
763 2997 998 3062 comparavere.
1044 2979 1191 3045 Postero-

123 3087 188 3152 que
202 3064 257 3130 die
278 3085 376 3150 quum
398 3085 439 3128 ex
462 3063 640 3145 composito
666 3062 798 3127 relatum
821 3062 863 3127 ad
885 3075 1026 3128 senatum
1050 3080 1130 3130 esset
1150 3067 1192 3132 de

123 3151 295 3228 seditione,
322 3171 418 3236 quam
446 3149 605 3216 Maecilius
630 3148 838 3236 Metiliusque
863 3149 910 3214 lar
934 3149 1030 3215 itione
1049 3153 1190 3237 pessimi

120 3237 268 3323 exempli
289 3237 470 3312 oorrcirent3
493 3257 539 3300 eae
554 3235 712 3300 orationes
734 3258 753 3299 a
774 3173 968 3321 primoridus
985 3237 1116 3302 Petrum
1132 3239 1190 3304 ha-

121 3323 200 3390 uiro
215 3337 303 3406 suut,
317 3337 354 3388 ut
367 3344 428 3409 pro
442 3345 474 3388 se
488 3322 622 3409 quisque
641 3323 708 3408 jam
731 3343 791 3386 nec
805 3322 970 3386 consilium
994 3324 1053 3389 sibi
1075 3326 1190 3412 subpea

331 3477 447 3522 'masilia
459 3478 529 3522 Cres.
658 3477 672 3508 ¹
678 3475 820 3536 prioratibus
831 3477 905 3524 Grou.
917 3477 987 3525 Crem
1090 3459 1093 3466 ⁴

154 3607 173 3655 3
189 3605 277 3667 aperta
284 3603 421 3652 Motus.
434 3607 509 3652 ...et
519 3601 641 3666 Metilius]
674 3605 825 3653 discorditis
838 3607 903 3654 idem
920 3613 958 3654 est
968 3622 996 3655 sc
1007 3609 1105 3670 cogendo
1115 3613 1191 3658 moct-
1308 3645 1311 3658 .

120 3672 207 3718 Ambo
229 3669 349 3716 anuum
370 3681 504 3730 cognomen
521 3667 643 3715 mosum
673 3669 714 3718 lla·

120 3735 234 3798 Spurius.
280 3733 406 3780 Hactenus
446 3733 562 3780 edebatur
600 3731 642 3794 Sp.
707 3733 872 3798 fiProouum]
890 3735 988 3798 Proprie
1007 3741 1118 3786 ausum.
1152 3742 1191 3790 De

118 3797 194 3854 Quod
217 3805 283 3846 recte
309 3798 378 3844 uobis
403 3797 555 3857 interpretari
577 3797 643 3843 visus
675 3799 764 3859 tetrus
774 3801 822 3845 rid.
836 3799 1011 3862 luctuum.

119 3869 160 3910 est
179 3862 296 3925 Sigonius
314 3862 413 3924 Spurii:
431 3869 505 3922 atque
524 3862 559 3906 ita
577 3862 643 3908 dedi·
710 3861 1066 3925 i'Pmsortanoilltrauimor
1081 3883 1127 3916 erre
1157 3873 1192 3920 11.

119 3927 388 3988 mutambigultas
398 3927 530 3974 tolleretur.
676 3929 755 3974 lorum
778 3930 878 3975 consilto
899 3943 930 3975 ex
951 3931 1049 3980 tortum
1070 3947 1115 3994 pen
1181 3954 1190 3998 ς

155 3991 257 4054 ddger
276 4004 306 4038 cr
324 3991 425 4038 mmo-r
447 3989 539 4053 coptus]
566 3990 642 4045 Quid·
674 4005 725 4050 eos,
746 3993 845 4052 perinde
867 4001 894 4040 ut
913 4007 939 4040 sc
960 3997 1058 4046 fortuna
1082 4001 1132 4056 det,
1155 4003 1191 4050 ite

120 4057 182 4117 quid
192 4057 247 4118 egri
257 4057 289 4102 ab
300 4057 360 4103 urbe
374 4055 472 4102 condita
487 4067 518 4101 ex
534 4055 643 4102 hostibus
675 4057 795 4103 animatos
806 4071 865 4105 esse.

119 4127 222 4182 upum
244 4125 307 4176 eret,
325 4127 414 4182 praem
430 4120 456 4166 ld
477 4120 542 4180 quod
565 4121 644 4166 rente·
706 4122 723 4168 8
740 4119 790 4168 Per
803 4135 872 4182 quom
887 4125 1005 4190 ormo]
1023 4125 1113 4176 Mallus
1125 4132 1192 4178 ride-

120 4193 170 4241 nt,
193 4185 378 4247 urtgmtumse
399 4184 495 4246 publice
523 4191 584 4239 erat,
614 4191 643 4232 ut
675 4191 743 4231 retur
763 4187 829 4246 quod
850 4187 899 4247 legi
917 4185 989 4249 jubet
1009 4191 1070 4238 Tan.
1094 4193 1188 4244 Fabae

121 4250 425 4365 μῗῦιῶεωῶυιω
525 4314 643 4379 Μ]
675 4248 726 4296 Per
742 4263 811 4328 quom
829 4264 900 4312 quum
919 4253 1027 4302 ortum
1041 4256 1128 4314 ordini,
1139 4264 1190 4338 tsps

124 4376 354 4432 vuormatiensis
374 4377 520 4440 populeo
555 4379 643 4440 Coges·
962 4401 964 4406 ·
1082 4384 1087 4391 ’
