3032 4924
313 191 387 274 'ars
616 267 621 278 ,
707 203 820 266 r1r1
848 202 992 264 n1v11

166 385 196 437 u.
207 387 234 434 c.
247 385 303 434 ars
328 369 431 436 hostile
450 377 524 443 erut·
544 389 582 432 ne
601 367 660 448 ipsi
676 367 798 452 nubem
813 364 963 448 serenent.
999 367 1126 442 Pacem
1141 387 1234 452 quam
1247 389 1301 436 nor
1312 390 1390 451 pra·

167 453 198 504 A*
211 454 238 502 θ’
247 451 304 500 ⁸⁷⁸·
327 456 467 529 stitimus,
481 475 582 521 eunuc
597 455 679 518 uobis
701 454 849 536 petimur.-
873 453 979 518 bellum
993 475 1038 529 eo,
1052 453 1143 518 nimbi
1161 463 1216 531 est,
1233 457 1388 532 moinum,

263 535 265 542 Α
323 563 492 624 precamur.
536 541 576 604 In
596 541 737 623 sinequirl
751 561 841 604 erma
861 539 996 621 polleant
1010 549 1123 615 uestro,
1138 540 1322 622 eiputieaclo
1336 564 1390 608 ero·

323 629 503 710 perinudum
525 637 580 705 est,
596 626 722 692 inermes
737 627 929 709 reperiemur.
975 627 1056 694 Herc
1079 647 1162 695 meua
1195 637 1300 693 nostro
1326 637 1390 704 eal,-

327 715 387 782 Dii
402 713 576 778 inmortales
592 709 727 793 suriunt,
744 723 807 778 tnm
820 711 914 792 felic,
939 733 1030 796 quum
1050 711 1120 796 piu.
1166 711 1257 788 Quen
1270 715 1315 778 nul
1328 715 1387 780 cri-

326 801 410 864 mino
431 800 557 875 cunei,
573 799 677 882 quibus
698 797 773 862 moti
796 799 904 862 tetum
917 797 1086 876 indixistisr
1108 800 1166 865 etsi
1178 799 1290 870 rurictn
1305 801 1391 866 rebus

327 887 424 952 uerbis
446 884 601 966 confutare
621 885 694 948 nihil
719 886 850 960 ndunet,·
881 895 991 961 tumere,
1018 885 1135 951 etionui
1157 907 1229 950 omn
1250 887 1320 968 mut,
1342 887 1390 952 nel

317 971 418 1055 soteri
428 973 509 1036 nobis
517 994 563 1049 eo,
575 993 668 1055 qurum
684 983 748 1037 tune
762 973 911 1036 euidenter
922 971 1102 1052 paenituerit,
1115 981 1212 1037 tutum
1226 993 1387 1043 numentum

328 1061 472 1124 Peccetnr
485 1059 515 1122 iu
530 1081 591 1132 uns,
608 1060 678 1122 dum
693 1058 780 1142 digni
793 1059 870 1132 sitis,
886 1058 991 1141 quibus
1003 1058 1047 1122 ito
1061 1058 1201 1140 satisfiat.
1246 1057 1388 1126 Tantum

267 1169 269 1176 ’
326 1144 392 1213 fere
405 1144 573 1210 verborum
588 1144 630 1208 sb
645 1143 835 1213 Tusculanis
855 1141 983 1211 fictum.
1029 1143 1144 1209 Pacem
1161 1144 1192 1211 iu
1208 1145 1386 1229 praesentin,

326 1254 388 1298 nec
404 1232 449 1295 ita
463 1232 565 1296 multo
584 1245 655 1316 poet
677 1231 834 1300 civitatem
857 1229 961 1308 etiem,
978 1231 1226 1314 impetraverunt.
1248 1231 1290 1296 ub
1306 1231 1388 1296 Tus-

326 1318 399 1385 culo
414 1317 439 1356 ¹⁴
448 1317 588 1402 legiones
604 1316 753 1386 reductus.

370 1403 520 1471 XXVli.
554 1403 708 1470 Camillus
734 1402 1063 1472 consiliosissimum
1091 1403 1124 1466 in
1151 1402 1268 1470 Volsco
1294 1403 1388 1486 bellun

319 1489 474 1557 felicitate
489 1490 521 1554 in
542 1489 723 1557 Tusculana
743 1488 955 1574 expeditione,
980 1487 1148 1575 utrobique
1165 1489 1318 1590 singulari
1332 1489 1387 1556 ad·

327 1599 435 1643 versus
460 1575 613 1664 collegam
634 1575 787 1660 patientis
808 1587 840 1640 et
864 1575 1082 1643 moderatione
1107 1574 1249 1664 insignus,
1270 1577 1387 1664 megis-

327 1677 412 1734 tretu
432 1663 526 1738 abiit3
549 1667 660 1728 creatis
683 1661 817 1726 tribunis
836 1660 1025 1726 militaribus
1046 1661 1079 1726 in
1102 1661 1318 1748 insequentem
1333 1685 1388 1728 au·

167 1763 302 1812 unsre
327 1771 417 1830 num,
434 1751 470 1812 1..
485 1763 516 1812 et
535 1749 570 1814 P.
587 1747 730 1823 Valeriis,
756 1749 860 1815 Lucio
879 1750 1040 1834 quintum,
1064 1747 1181 1814 Publio
1203 1750 1342 1828 tertium,
1357 1762 1389 1814 et

165 1827 303 1877 ⁶³²⁸st
329 1836 367 1900 C.
393 1835 508 1920 Sergio
538 1835 674 1911 tertium,
701 1834 742 1901 L.
767 1833 921 1900 Menenio
949 1834 1142 1910 secundum.
1161 1835 1220 1919 Sp.
1246 1836 1386 1922 Papirio,

165 1893 279 2014 Ῑῆᾔζήὶ,
328 1923 399 1992 Ser.
415 1919 568 1990 ¹Cornelio
587 1919 820 2007 Maluginense.
865 1920 1056 1987 Censoribus
1078 1941 1203 2007 quoque
1222 1925 1313 2010 egnit
1333 1944 1389 1990 un·

162 2022 398 2085 cummianus,
415 2007 590 2074 ¹⁵muninus
609 2023 739 2091 propter
757 2009 906 2074 incertum
922 2006 1036 2074 famam
1052 2008 1124 2072 reris
1139 2007 1251 2084 alieni3
1274 2009 1387 2094 adgra-

165 2089 304 2199 ffiffim
327 2095 474 2164 vantibus
487 2111 643 2162 summam
659 2095 753 2158 etiem
776 2092 903 2161 invidias
926 2093 991 2193 cius
1012 2092 1146 2161 tribunis
1158 2094 1273 2179 plebis,
1288 2117 1386 2180 quum

166 2215 259 2264 nome.
271 2167 314 2200 ⁰¹¹¹
326 2183 368 2248 ab
389 2181 428 2246 iis
450 2181 634 2256 elevaretur,
655 2180 768 2266 quibus
788 2178 851 2243 fide
865 2201 977 2267 magus,
994 2201 1088 2263 quam
1110 2179 1248 2259 surmus,
1267 2181 1385 2250 dehen-

325 2268 405 2337 tium
420 2267 566 2334 laborare
580 2266 734 2330 creditum
758 2265 855 2332 uideri
876 2265 1076 2350 expediebat.
1119 2267 1388 2332 Creaticensores

327 2355 366 2422 C.
384 2353 542 2440 Sulpicius
569 2353 764 2432 Camerinus,
789 2352 844 2435 Sp·
867 2350 1048 2416 Postumius
1077 2351 1275 2438 Regillensis,
1300 2375 1387 2440 coep-

326 2458 421 2529 taque
438 2443 505 2528 jam
526 2463 572 2506 res
587 2453 688 2505 morte
705 2437 870 2514 Postumii,
888 2437 996 2525 ¹⁶qnia
1016 2437 1172 2526 collegam
1188 2439 1301 2505 subiici
1316 2463 1387 2506 oen·

316 2529 389 2594 sori
411 2527 524 2614 religio
549 2540 627 2603 erat,
649 2524 850 2610 interpellata
875 2539 932 2590 est.
977 2524 1080 2610 lgitur
1104 2547 1202 2610 quum
1227 2527 1386 2613 Sulpicius

323 2615 499 2684 abdicasset
515 2637 548 2678 se
562 2611 758 2700 magistratu,
774 2633 920 2675 censores
939 2610 1003 2688 ulii,
1018 2611 1095 2674 vitio
1110 2612 1218 2690 oresti,
1235 2634 1300 2678 non
1316 2632 1384 2714 ges·

323 2714 433 2768 serunt
458 2700 686 2787 magistratum.
709 2697 818 2762 tertios
844 2696 943 2762 creari
967 2696 1066 2781 (velut
1089 2697 1163 2764 Diis
1184 2721 1249 2762 non
1272 2701 1385 2785 uscipi-

324 2787 451 2854 entibns
472 2787 505 2848 in
528 2807 602 2852 euru
630 2805 749 2848 annum
776 2784 954 2862 censuram)
980 2783 1164 2870 religiosum
1189 2781 1260 2850 snit.
1307 2786 1385 2854 Eam

162 2887 247 2934 minu
258 2889 293 2934 rt.
325 2895 401 2939 uero
436 2871 686 2940 ludificationem
723 2869 824 2953 plebis
858 2869 978 2934 tribuni
1013 2868 1173 2937 terendam
1214 2873 1383 2955 negabant.

161 2953 274 3028 emtum
326 2959 481 3044 1⁷Fugere
502 2968 638 3042 sennium
668 2966 766 3032 testes,
793 2953 911 3022 inbutus
931 2956 1081 3038 publicos,
1106 2978 1211 3022 sennes
1235 2956 1385 3044 opusque,

161 3025 246 3064 ‘mm'
324 3047 398 3130 quio
418 3045 511 3108 nolint
534 3044 662 3124 conspici
689 3063 835 3108 summum
857 3042 931 3106 ceris
951 3043 1051 3118 aliern,
1067 3043 1322 3127 qnaeindicuturu
1336 3047 1384 3123 sit,

324 3135 493 3198 &mnsam
513 3139 633 3211 purtem
653 3151 675 3194 n
693 3139 782 3211 purte
803 3128 948 3194 ciuitatis:
978 3150 1069 3212 quum
1083 3129 1201 3194 interim
1222 3132 1385 3196 nbrerntnrn

320 3219 436 3301 plebem
450 3215 594 3301 objectori
609 3215 681 3282 nliis
702 3225 794 3299 utque
815 3215 882 3280 uliis
906 3215 1048 3281 hostibus.
1092 3217 1217 3283 Passim
1232 3215 1308 3300 jum
1328 3220 1388 3284 siue

759 3366 765 3404 ¹
769 3370 863 3433 socient
874 3369 948 3415 Gron.

354 3529 387 3578 tt
403 3527 515 3590 [ng-tom
531 3519 640 3588 redime]
657 3523 737 3585 Magis
757 3525 835 3584 plane·
866 3521 902 3567 sic
916 3519 1059 3577 existimari,
1071 3517 1216 3566 solutionem
1236 3519 1383 3566 creditarum

320 3603 358 3644 ret
377 3597 478 3644 verbum
496 3594 522 3638 in
538 3592 590 3638 'bac
608 3603 634 3636 re
653 3589 777 3650 proprium
796 3587 845 3656 aea*
866 3586 1023 3645 pecuniarum
1052 3585 1107 3632 ideo
1134 3584 1215 3642 potius
1241 3582 1384 3644 impeditam

320 3661 404 3720 dume,
426 3659 499 3720 quod.
513 3657 626 3717 Sigonius
649 3655 720 3700 affert
740 3667 754 3700 e
777 3658 834 3700 vett
868 3650 1004 3710 esae.qnod
1024 3649 1091 3703 fides,
1111 3661 1187 3708 quam
1206 3649 1272 3708 quod
1289 3649 1386 3705 fortuna
1425 3669 1429 3685 ·

321 3727 397 3782 libris,
412 3731 437 3774 et
454 3737 498 3770 nos
515 3722 541 3767 iu
556 3734 606 3768 uno
616 3732 629 3764 e
641 3719 728 3766 nostris
744 3717 837 3764 invern-
869 3714 982 3760 debentes
1003 3713 1121 3759 deficeret.
1155 3711 1188 3757 Ut
1198 3721 1281 3760 autam
1297 3714 1323 3760 in
1340 3715 1385 3759 hac

321 3803 384 3837 mus.
869 3778 984 3824 venerate
1011 3789 1150 3824 sermonum
1182 3777 1269 3836 dispici
1295 3781 1384 3838 poseat.

356 3854 387 3902 15
398 3853 508 3900 Monimo
516 3849 728 3912 prepterincertum
729 3843 836 3908 fimum]
868 3843 926 3903 quid
950 3854 1035 3888 uerum
1057 3841 1383 3898 numerumnunerum,

322 3919 432 3966 Maxime
454 3921 550 3978 propter
578 3907 656 3959 numos
682 3919 707 3957 et
734 3911 837 3956 incertos
869 3920 942 3966 quarn
959 3905 1111 3966 singulorum
1124 3905 1252 3952 facultates
1268 3919 1314 3968 per
1329 3919 1383 3952 oeu-

320 3995 431 4032 rumorca
449 3983 479 4030 de
495 3977 664 4040 magnitudine
683 3973 836 4030 anselimi,
870 3983 925 4018 rum
936 3970 1030 4031 inspici.

321 4062 352 4096 ax
370 4061 398 4093 eo
416 4051 481 4092 ortos
499 4045 563 4104 quod
583 4041 640 4088 hinc
655 4039 746 4088 tribuni
761 4038 838 4098 plebis
903 4035 934 4082 ln
952 4033 1013 4090 Quin
1028 4035 1137 4096 collegam
1154 4033 1227 4092 neffid
1243 4036 1331 4081 oenmri
1350 4047 1385 4082 rr·

320 4121 438 4172 angerent
457 4123 509 4156 rem
521 4107 610 4166 verbis,
629 4113 654 4151 et
670 4104 838 4164 exaggerando
869 4101 928 4162 ligio
938 4099 1000 4161 mat]
1018 4097 1076 4146 vid.
1088 4111 1160 4158 snpra
1171 4095 1205 4145 V.
1215 4097 1255 4145 31.

318 4175 501 4224 ,invidiosiorem
534 4173 618 4224 etim.
646 4183 720 4230 quam
748 4167 836 4214 veritas
903 4165 931 4212 lt
950 4163 1044 4223 Fugere
1054 4160 1169 4224 smmum]
1183 4161 1261 4233 ‘Nolle
1271 4169 1382 4210 senatum

322 4241 423 4297 terebat,
437 4239 560 4292 lacerante
578 4236 643 4282 illinc
654 4248 706 4280 rem
722 4239 839 4280 extenua·
869 4237 943 4276 testes
953 4229 1040 4275 babere
1054 4240 1141 4275 census
1152 4239 1278 4288 cujusque,
1290 4227 1382 4274 tabulas

322 4311 387 4363 mut,
397 4311 421 4350 et
438 4299 491 4366 ujus
508 4300 625 4348 insidiam
641 4298 736 4346 mollire
747 4311 775 4344 ac
792 4295 838 4344 mi·
870 4293 986 4355 publicas.

322 4383 396 4416 numa
407 4373 550 4416 conarentur
562 4365 588 4422 ii,
598 4364 686 4423 quibua
696 4361 838 4422 expediebat
