2978 4918
367 184 424 253 m
653 203 658 212 ·
702 206 705 214 ⁴
751 176 1031 241 'l'l'l'llell
1128 206 1131 214 Α

204 361 339 416 att-mn
364 348 424 432 per
442 343 552 409 urbem
572 343 743 432 egreatlm
763 345 840 434 iuga
857 343 1099 430 trepidationem
1119 341 1236 430 bajecit.
1277 331 1401 410 Decem·

203 433 235 480 Ᾰ·
247 421 340 478 0⁴⁴⁷·
364 433 422 496 viri
439 429 629 508 consultant,
644 429 722 516 quid
743 450 822 516 opus
843 427 925 495 facto
940 431 989 494 sit.
1018 429 1174 496 destitutis
1188 430 1267 492 inter
1282 429 1400 496 Petram

202 530 348 593 mqut'i'ur·
363 531 396 584 et
445 517 511 580 ebis
525 517 598 582 odia
613 516 756 580 addidit!
771 529 923 581 terrorem
935 517 1065 602 insuper
1076 517 1171 581 alium
1182 514 1314 580 fortuna.
1354 515 1402 580 Ε.-

203 598 328 646 rubrum
363 628 386 691 q
434 603 496 668 alia
510 623 551 668 ex
571 617 662 688 parte
684 615 785 666 castra
800 604 831 665 in
848 603 967 690 Algido
981 602 1103 668 locant:
1128 600 1402 688 depopulatamque

362 691 437 756 inde
462 688 699 754 excursionibus
714 685 931 752 Tusculanum
957 711 1068 774 agrum
1092 689 1188 776 legati
1209 687 1249 751 ab
1265 687 1401 764 Tusculo,

362 775 546 861 praesidium
563 787 699 850 orantes,
715 775 879 839 nunciant.
925 774 957 838 Is
971 797 1071 860 pavor
1094 773 1250 862 perpulit²
1262 771 1405 838 decemvi-

363 879 427 940 ros,
442 874 641 939 utaenatum,
657 861 749 924 simul
763 861 885 926 duobus
900 861 1176 926 circumstantibus
1192 861 1298 924 urbem
1314 857 1402 936 bellis,

363 947 574 1013 consulerent.
604 947 693 1012 citari
715 946 831 1033 jubent
854 948 886 1010 in
907 948 1028 1012 curiam
1046 947 1166 1025 Patres,
1193 947 1277 1010 haud
1302 945 1404 1046 ignari,

363 1049 483 1124 quanta
510 1033 639 1100 invidiae
664 1033 832 1098 inmineret
859 1045 1044 1120 tempestas:
1076 1057 1185 1100 omues
1209 1045 1321 1098 vastati
1346 1031 1404 1116 agn'

363 1121 641 1208 periculorumque
655 1119 873 1185 inminentium
886 1141 1011 1186 caussas
1024 1120 1056 1183 in
1072 1143 1104 1185 se
1119 1131 1335 1208 congesturos,
1347 1131 1406 1181 ten-

363 1208 578 1296 tationomque
593 1229 659 1271 eam
675 1204 743 1272 fore
757 1203 903 1270 abolendi
918 1205 977 1269 sibi
990 1207 1200 1292 magistratus,
1216 1205 1251 1269 ni
1266 1223 1405 1269 consensu

286 1355 290 1362 .
364 1295 552 1373 resisterent,
568 1292 763 1377 imperioque
776 1291 948 1356 inhibendo
959 1295 1072 1358 acriter
1086 1293 1119 1358 in
1157 1313 1256 1357 auroa
1270 1288 1408 1377 praeiera-

364 1382 409 1445 cis
423 1381 534 1460 animi,
548 1393 679 1444 conatus
694 1377 826 1443 aliorum
839 1378 1091 1464 comprimerent.
1130 1317 1304 1464 {nmquam
1315 1375 1410 1440 audita

205 1483 322 1531 aeneum
364 1486 426 1534 vox
440 1467 473 1530 in
488 1464 558 1530 foro
572 1472 618 1531 est
638 1465 805 1552 praeconis,
823 1464 933 1529 Patres
960 1467 992 1529 in
1015 1466 1134 1531 curiam
1162 1465 1204 1529 ad
1229 1461 1408 1528 decemviros

205 1549 343 1596 meus-
366 1555 523 1629 vocantis3
546 1553 630 1616 velut
646 1573 727 1618 nova
742 1573 800 1627 res,
817 1553 891 1638 quia
905 1552 1135 1617 intermiserant
1151 1549 1281 1638 jamdiu
1302 1567 1409 1612 morem

203 1613 311 1662 “mm
366 1637 550 1704 consulendi
561 1650 696 1714 senatus,
712 1635 931 1702 mirabundam
946 1637 1069 1725 plebem
1092 1637 1262 1712 convertit,
1278 1637 1410 1720 quidnam

365 1725 530 1802 incidisset,
545 1745 600 1790 cur
617 1745 655 1788 es
676 1733 764 1788 tanto
787 1726 1031 1790 interpellarent
1054 1727 1209 1790 &neriam
1231 1729 1411 1804 nnopermt.

365 1809 514 1875 Hostibus
528 1811 661 1895 belloque
678 1811 816 1894 gratiam
831 1808 1008 1888 habendam,
1025 1813 1107 1896 qnod
1117 1811 1243 1875 solitum
1259 1810 1411 1894 quidquem

363 1897 469 1962 liberte
481 1897 724 1980 ciuitatisfieret.
763 1893 1194 1982 Circumspectareomnibus
1210 1893 1413 1980 ioripartibus

365 1995 552 2059 senatorem,
568 2004 622 2046 rar
665 2003 705 2047 ue
719 2003 851 2066 usquam
874 1983 1047 2047 noscitarer
1071 1983 1194 2048 curiam
1209 1979 1285 2046 inde
1299 2002 1335 2044 ac
1348 1976 1412 2041 soli·
1482 2029 1483 2032 ,

364 2067 508 2134 tudinem
530 2067 614 2133 circa
662 2067 831 2132 ecemriros
857 2069 991 2148 intueri3
1013 2069 1146 2154 “quum
1163 2082 1196 2134 et
1212 2067 1274 2156 ipsi
1289 2066 1413 2131 invisunt

364 2165 540 2221 consensu·
562 2155 788 2242 imperiumst
810 2153 910 2238 plebs,
926 2155 1001 2241 quia
1019 2156 1150 2240 privatis
1172 2155 1228 2240 jus
1254 2172 1319 2218 non
1344 2159 1413 2216 esset
1482 2187 1483 2192 κ

365 2241 500 2308 uocandi
525 2253 678 2318 senatum,
704 2261 769 2304 non
793 2241 960 2306 convenire
983 2241 1092 2306 Patres
1117 2241 1415 2328 interpretarentur;
1482 2311 1483 2314 Ἴ

364 2327 390 2368 Β
392 2329 459 2414 jani
482 2341 575 2410 caput
603 2328 670 2392 lieri
693 2327 866 2392 libertatem
895 2329 1113 2412 repetentium,
1128 2327 1153 2391 si
1171 2347 1206 2392 se
1224 2327 1314 2412 plebs
1328 2322 1415 2388 comi·
1482 2335 1483 2350 ¹

364 2427 427 2480 tem
450 2414 571 2482 senatui
586 2413 650 2492 det,
667 2427 708 2494 et,
746 2413 990 2480 uemadmodum
1007 2413 1115 2478 Patres
1137 2413 1246 2478 vocati
1273 2433 1337 2475 non
1352 2409 1415 2474 cot·

262 2531 264 2538 ,
363 2515 420 2566 snt
434 2501 467 2566 in
482 2515 635 2578 senatum,
651 2500 695 2566 sic
711 2437 799 2585 piebs
814 2503 931 2568 abnuat
946 2499 1112 2565 delectum.
1158 2499 1251 2564 Hoec
1266 2493 1416 2563 fremunt*

362 2585 481 2674 plebes.
526 2587 657 2652 Patrum
681 2586 765 2651 baud
790 2585 853 2650 fere
875 2587 1041 2672 quisquam
1056 2586 1088 2648 in
1104 2583 1187 2666 foro,
1205 2587 1239 2650 in
1259 2586 1340 2650 urbe
1359 2577 1416 2644 rari

362 2689 462 2740 erant.
492 2674 681 2760 indignitate
695 2691 800 2736 rerum
823 2685 979 2736 cesserant
1000 2673 1033 2736 in
1059 2695 1077 2736 a
1102 2693 1169 2748 roa;
1191 2671 1418 2754 “suarumque

362 2775 471 2825 rerum
493 2771 592 2836 erant,
616 2759 730 2824 amissa
753 2756 898 2844 publica:
923 2771 1044 2822 tantam
1066 2695 1108 2824 ab
1133 2759 1305 2844 injuriose
1320 2756 1417 2820 abesse

363 2845 434 2922 rati,
451 2856 604 2933 quantum
625 2847 664 2907 a*
683 2854 768 2908 coetu
790 2865 1020 2931 congressuque
1042 2845 1259 2931 inpotentium
1283 2842 1422 2909 domino-

298 2995 301 3000 .
362 2953 435 2997 rum
461 2955 494 2995 se
519 2930 717 2998 amavissent.
773 2929 943 3016 Postquam
968 2931 1056 2994 citati
1083 2953 1145 2994 non
1176 2929 1417 2999 conveniebant,

360 3017 588 3082 dimissi-circa
609 3017 718 3080 domos
740 3016 943 3101 adparitores,
963 3016 1056 3082 simul
1077 3017 1153 3082 l⁰ad
1175 3019 1322 3107 pignora
1343 3011 1421 3100 capl-

396 3169 647 3218 raaaaarsscm.
775 3169 974 3231 *peruersa
1101 3166 1421 3220 *mmmmm

361 3233 603 3299 asmantia..
669 3235 782 3284 teum.

394 3383 426 3432 67
444 3383 522 3440 Quoia
544 3388 566 3431 ct
586 3385 644 3450 ipsi]
673 3384 756 3439 Quum
777 3389 802 3431 et
829 3383 876 3445 ipsi
907 3383 994 3430 mutis.
1027 3384 1067 3432 Sic
1086 3385 1104 3430 i.
1122 3382 1157 3432 11.
1172 3395 1263 3444 supra,
1281 3397 1304 3430 c.
1321 3383 1346 3430 9.
1366 3378 1424 3426 Setis
1478 3387 1482 3422 i

248 3448 252 3455 ’
362 3447 499 3496 Decemviri
515 3451 730 3510 interpretarentur
746 3457 818 3495 suum
829 3451 879 3495 im·
906 3448 1032 3494 libertatem
1063 3447 1138 3509 ipsam
1169 3446 1258 3494 tanen
1291 3443 1423 3497 &Misia

359 3515 455 3574 perium
473 3515 579 3561 invisunt
598 3527 649 3561 esse
671 3525 806 3572 consensu;
823 3514 840 3561 i.
854 3527 876 3562 e.
908 3511 1333 3574 nr'si.....regaaregrrdqtbnriorrt.

360 3575 434 3640 hujus
446 3577 581 3626 solitudinis
598 3591 695 3626 causam
715 3590 766 3623 esse
781 3573 876 3639 jadice-
938 3573 1239 3623 69'Suursm...rmrm
1259 3580 1339 3631 mebi,
1359 3571 1424 3620 restit⁴

359 3650 425 3702 rent,
441 3644 506 3704 qubd
521 3643 651 3704 imperium
673 3655 744 3690 suum
762 3639 875 3690 omnibus
906 3655 931 3687 sa
948 3639 1053 3703 publica]
1082 3637 1186 3686 amissa
1200 3639 1355 3704 reipublice
1378 3651 1428 3700 pot·

335 3709 577 3756 omninoinvtsum
592 3714 670 3754 esset:
688 3713 713 3752 et
723 3705 790 3766 plebs
801 3706 874 3754 inter·
905 3706 1019 3763 sessione,
1032 3718 1105 3766 quam
1123 3717 1166 3771 pro
1181 3704 1293 3753 libidine
1312 3706 1427 3753 vexabant

359 3773 568 3832 premretarstdeo
585 3771 771 3819 nonconvenire
781 3767 874 3831 Patres,
906 3769 1052 3828 Decemviri,
1085 3769 1244 3816 solummodo
1280 3771 1428 3832 privatarum

274 3841 278 3850 '
356 3837 478 3897 quia....
903 3845 1187 3882 rerumsuarumcuram
1199 3837 1336 3894 gerebant.

391 3901 423 3949 68
438 3899 575 3962 ercapnt
584 3899 653 3964 steri]
670 3899 737 3957 Jam,
754 3899 813 3946 dum
833 3899 873 3948 de·
936 3899 969 3945 'io
983 3897 1024 3945 Aa
1031 3901 1134 3959 pig-rura
1153 3899 1286 3964 septeredo]
1305 3899 1429 3946 Senatores

358 3971 463 4012 tractant
483 3972 605 4011 senatores
623 3963 752 4024 imperium
769 3962 872 4011 Decem·
904 3965 1027 4024 oportebat
1045 3963 1177 4010 incuriam
1198 3964 1233 4008 ad
1250 3965 1365 4010 edietum
1381 3973 1430 4008 ms·

359 4031 443 4086 virale,
458 4029 510 4091 dari
528 4030 789 4090 quodammodocaput
805 4041 875 4090 repe·
904 4029 1019 4089 gistratus
1037 4028 1173 4075 convenire.
1206 4027 1287 4081 Quod
1311 4030 1334 4076 si
1357 4027 1432 4074 sacen

358 4094 467 4140 te'ritibus
492 4093 639 4147 libertinam,
662 4093 791 4153 omniaque
812 4093 873 4140 bene
905 4093 1076 4154 neglexissent,
1103 4091 1194 4138 mulcta
1227 4093 1261 4139 iis
1297 4095 1430 4140 dicebatur·

358 4171 463 4214 mum,
480 4158 500 4203 si
519 4171 545 4206 se
563 4159 631 4218 plebs
653 4159 767 4204 comitem
778 4155 882 4204 senami'
906 4157 968 4203 iiam
991 4163 1018 4202 at
1037 4157 1128 4204 solvere
1147 4163 1313 4217 cogerentur,
1333 4159 1432 4220 pignora

356 4223 408 4268 det.
450 4221 519 4282 Saepe
540 4227 598 4268 ante
618 4222 749 4282 particulas
773 4222 804 4277 ri,
829 4227 871 4267 aut
903 4221 981 4268 abiis
999 4221 1184 4268 auferebantur:
1203 4233 1280 4281 qua,
1302 4223 1325 4270 si
1343 4221 1434 4269 miricis

358 4287 416 4344 aiei,
431 4287 538 4348 suppleri
556 4291 651 4346 oportet
669 4287 767 4346 aliquod
784 4285 872 4332 oratin-
904 4284 983 4332 soluts
996 4299 1044 4334 non
1063 4293 1134 4341 esset,
1146 4285 1327 4346 cedebantur,
1347 4287 1434 4337 idest.

358 4349 799 4398 nbmembrumexsenauetmente
815 4350 874 4397 scri·
904 4351 1077 4397 vendebantur.
1119 4346 1201 4412 nujus
1228 4353 1313 4398 maris
1341 4351 1434 4410 insigne
