3008 4908
420 255 514 316 rra.
539 253 595 316 111.
623 253 726 314 cae.
746 207 859 314 arim.
1107 256 1164 314 aas

94 433 153 478 non
173 431 268 498 posse
290 417 366 482 ilios
388 420 528 484 resistere
547 419 617 496 sibi,
642 419 748 504 quidm
768 421 907 504 emiseris
926 421 1064 502 peditum
1084 421 1203 484 aciesu
1216 434 1242 480 e.
1254 435 1311 482 soa.

96 504 236 566 cessisset.
287 503 394 568 Haud
414 505 516 568 surdis
539 505 666 570 auribus
690 505 790 570 dicta:
814 507 1009 591 inpressione
1030 527 1094 568 una
1116 517 1164 570 to-
1174 499 1309 548 mm·

101 602 165 652 tum
181 590 364 674 equitatum
379 587 500 668 fudere,
519 612 662 678 magnam
675 591 738 654 vim
754 607 794 654 ex
809 591 898 677 equis
917 589 1164 676 praecipitavere,

104 674 183 822 ipsos
198 697 367 762 equosque
386 676 514 760 spiculis
534 675 709 742 confodere.
735 678 761 740 is
784 675 855 740 finis
874 699 991 828 pugnae
1013 668 1166 763 equestria

119 763 172 826 uit.
216 761 327 840 Tunc,
342 762 445 828 adorti
462 764 600 844 pediturn
618 764 729 842 aciem,
745 763 878 827 nuncios
899 788 917 828 a
962 761 1106 828 consules
1121 765 1166 828 rei

157 862 198 912 toe
213 848 361 924 mittunt,
377 848 431 914 ubi
449 850 514 932 jam
530 849 742 913 inclinabatur
759 848 898 914 hostiurn
918 850 1009 916 acies.
1031 849 1167 934 nuncius

127 933 219 998 einde
233 947 266 998 et
280 934 479 1000 vincentibus
502 937 654 1000 Romanis
675 934 798 999 animos
820 936 920 1012 auxit,
940 950 971 1001 et
998 933 1166 1002 referentes

105 1018 240 1106 gradum
254 1019 391 1104 perculit
406 1019 541 1106 AEquos.
588 1021 625 1085 ln
643 1020 746 1086 media
759 1022 897 1105 primum
913 1022 980 1086 acie
999 1021 1083 1087 vinci
1099 1045 1166 1086 coe-

106 1105 161 1188 pti,
199 1127 242 1170 ua
266 1106 433 1190 permissus
447 1107 602 1207 equitatus
617 1106 798 1172 turbaverat
812 1107 948 1172 ordines.
995 1107 1166 1174 Sinistrum

105 1129 220 1256 deinde
235 1215 336 1256 cornu
360 1192 401 1256 ab
422 1193 576 1270 Quinctio
590 1193 718 1258 consule
733 1191 805 1278 pelli
821 1205 979 1278 coeptum;
1003 1193 1035 1258 in
1051 1193 1166 1258 dextro

106 1276 278 1361 plurimum
305 1277 422 1343 laboris
445 1277 513 1344 fuit.
559 1280 606 1344 lbi
630 1280 782 1366 Agrippa,
803 1294 898 1344 oetate
918 1278 1100 1366 viribusque
1123 1279 1166 1346 fe·

103 1385 171 1442 ros,
188 1387 289 1450 quum
311 1365 398 1430 omui
421 1378 511 1449 parte
526 1388 643 1452 pugnae
662 1365 773 1430 melius
788 1379 859 1429 res⁶
872 1366 950 1466 geri,
966 1387 1095 1451 quama
1119 1367 1161 1430 ud

106 1473 148 1526 se,
164 1451 297 1528 videret,
312 1464 440 1537 accepta
460 1451 553 1539 signa
571 1454 611 1516 ab
627 1449 780 1537 signiferis
795 1451 861 1538 ipse
876 1449 1000 1526 inserte,
1016 1389 1164 1536 quaedam

100 1537 205 1620 jacere
231 1536 326 1602 etiam
353 1538 385 1600 in
412 1537 569 1612 confertos
594 1539 696 1602 hostes
710 1539 819 1623 coepit.
866 1537 966 1622 Cujus
981 1539 1165 1625 ignominiae

106 1634 190 1688 metu
204 1623 359 1688 concitati
373 1623 498 1700 milites,
515 1624 654 1688 invasere
670 1622 800 1688 bostem.
824 1623 868 1688 ita
882 1640 1007 1724 aequata
1022 1647 1062 1688 ex
1078 1626 1164 1690 omui

104 1721 194 1792 parte
215 1710 347 1774 victoria
372 1722 429 1774 est.
474 1711 622 1774 Nuncius
656 1724 722 1774 tum
753 1733 773 1774 a
797 1708 952 1787 Quinctio
983 1711 1077 1788 veuit,
1100 1711 1166 1776 vic·

105 1807 205 1859 torem
227 1797 296 1880 jam
323 1818 356 1858 se
377 1795 531 1860 inminere
556 1795 693 1860 hostiurn
717 1797 844 1873 castris;
866 1795 951 1862 nolle
973 1795 1165 1882 inrumpere,

105 1895 157 1945 aut
201 1903 274 1944 uam
304 1881 382 1946 sciat
404 1881 594 1946 debellatum
622 1895 652 1946 et
680 1884 711 1945 in
737 1883 864 1946 sinistro
887 1903 986 1946 cornu
1009 1906 1084 1948 esse.
1131 1883 1165 1950 Si

99 1967 164 2049 jam
194 1967 312 2032 udisset
327 1966 442 2040 hostes,
464 1968 619 2033 conferret
639 1968 679 2032 ad
704 1991 737 2032 se
759 1970 860 2054 signa,
884 1980 920 2033 ut
944 1969 1037 2036 simul
1061 1971 1165 2034 omnia

104 2054 264 2116 exercitus
289 2053 399 2137 praeda
424 2054 590 2138 potiretur.
635 2053 747 2118 Victor
776 2055 922 2143 Agrippa
951 2077 1024 2119 cum
1053 2069 1167 2122 mutua

1 2145 2 2169 ¹
105 2138 319 2218 gratulatione
333 2139 374 2204 ad
390 2140 541 2206 victorem
564 2139 716 2228 collegam
738 2158 902 2226 castraque
916 2138 1054 2205 bostium
1068 2143 1164 2220 venit,

107 2225 146 2288 ibi
163 2226 274 2312 paucis
288 2223 538 2304 defendentibus,
554 2240 780 2312 momentoque
802 2227 888 2306 susis,
910 2227 977 2290 sine
992 2229 1167 2294 certamine

107 2313 136 2374 in
158 2311 355 2378 monitiones
376 2313 578 2398 inrumpunt:
608 2313 632 2352 ⁹¹
645 2313 817 2398 praedaque
842 2312 961 2399 ingenti
985 2326 1165 2398 compotem

105 2399 290 2476 exercitum,
317 2399 382 2463 suis
405 2399 499 2464 etiarn
522 2399 616 2463 rebus
640 2397 843 2483 recuperatis,
863 2419 935 2484 quae
958 2397 1165 2484 populatione

104 2505 253 2572 agrorum
277 2483 402 2549 amissae
422 2498 523 2560 arant,
541 2487 706 2550 reducunt.
752 2481 967 2568 Triumphum
994 2504 1053 2548 nec
1080 2484 1164 2568 ipsos

105 2571 291 2653 postulasse,
307 2592 366 2634 nec
380 2569 517 2636 delatum
534 2571 572 2636 iis
587 2570 628 2635 ab
642 2583 763 2646 senatu,
785 2567 852 2633 acci
876 2569 923 2632 io:
946 2589 1004 2634 nec
1026 2569 1164 2634 traditur

22 2730 23 2739 χ
105 2677 214 2722 caussa
239 2657 338 2742 spreti
363 2669 418 2721 aut
444 2679 507 2720 non
535 2657 649 2742 sperati
672 2655 808 2720 honoris.
852 2591 928 2742 ilgo
953 2670 1107 2741 quantum
1130 2657 1164 2720 in

22 2742 24 2809 l
107 2755 194 2808 tanto
223 2741 392 2808 intervallo
421 2753 601 2828 temporum
626 2742 771 2828 conjicio,
797 2762 895 2827 quum
919 2739 1048 2805 Valerio
1072 2755 1166 2828 atque

108 2826 247 2894 Horatio
268 2828 461 2905 consulibus,
483 2831 538 2916 qui
562 2841 679 2914 preater
694 2827 828 2893 Volscos
849 2841 881 2892 et
903 2825 1029 2914 AEquos
1054 2827 1164 2894 Sabini

106 2915 197 2980 etiam
223 2913 297 2979 belli
320 2911 449 2999 perlecti
471 2914 605 3004 gloriam
627 2929 824 3000 pepererant,
840 2927 971 3002 negatus
993 2913 1034 2978 ab
1055 2929 1164 2980 senatu

107 3001 198 3066 trium
224 2999 285 3065 hus
306 3011 397 3077 esset,
413 3001 613 3065 verecundiae
635 2999 696 3066 fuit
718 3019 778 3086 pro
802 3013 892 3088 parte
906 2999 1035 3065 dimidia
1057 3023 1164 3065 rerum

107 3023 285 3152 conauiibus
296 3099 403 3171 petere
419 3085 627 3173 triumphum.
643 3109 684 3152 ne
698 3087 803 3162 etiam,
820 3086 845 3150 si
860 3085 1081 3172 inpetrassent,
1097 3087 1164 3152 ina·

107 3173 152 3260 gia
166 3172 337 3238 hominum
353 3173 444 3250 ratio,
460 3197 556 3261 quam
572 3174 768 3252 meritorum,
783 3172 894 3240 habita
907 3173 1077 3240 videretur.

146 3258 284 3326 LXXI.
308 3259 481 3324 Victoriam
509 3261 684 3337 honestam,
700 3281 739 3323 ert
755 3259 897 3326 hostibus
919 3274 1055 3342 partam,
1070 3275 1305 3346 turpemrpeju.

107 3343 189 3412 domi
203 3346 247 3412 de
257 3344 376 3410 linibus
391 3348 549 3410 sociorum
559 3346 715 3433 judicium
731 3345 843 3431 populi
853 3343 1051 3410 deformavit.
1090 3347 1264 3410 Ari-tlicium

107 3433 164 3498 cini
179 3449 280 3520 atque
294 3429 450 3498 Ardeates
465 3433 505 3497 de
520 3434 670 3518 ambiguo
685 3453 763 3518 agro
777 3453 874 3517 quum
893 3453 977 3516 saepe
998 3430 1081 3496 bello
1096 3454 1163 3496 cer·
1173 3413 1294 3525 {unffi

108 3531 231 3597 uuerrt,
257 3518 366 3582 multis
387 3518 421 3582 in
444 3519 545 3583 vicem
568 3518 710 3584 cladibus
735 3515 816 3595 lessi,
842 3517 982 3604 judicem
1009 3517 1164 3602 populum
1174 3543 1269 3590 antuus

110 3601 328 3670 Romanumc
388 3625 431 3670 re.
476 3604 586 3682 Quum
603 3603 642 3667 ad
665 3625 806 3668 caussam
828 3603 979 3668 orandam
995 3607 1163 3680 venissent,

12 3761 13 3766 γ
109 3691 239 3758 mocilio
254 3711 319 3776 pop
356 3690 366 3752 i
381 3711 399 3752 a
415 3689 650 3780 magistratibus
665 3689 751 3766 dato,
767 3711 883 3778 magna
897 3691 1100 3754 contentione
1114 3713 1165 3755 ac-

109 3787 180 3844 tutu.
197 3781 333 3866 jamque
343 3775 436 3840 editis
448 3778 588 3854 testibus,
603 3797 702 3862 quum
718 3775 820 3840 tribus
830 3776 947 3848 vocari,
963 3788 994 3838 et
1008 3774 1169 3860 populum

111 3861 181 3930 inire
202 3861 393 3951 suffragium
416 3883 436 3926 o
480 3875 583 3938 rteret,
600 3863 764 3946 consurgit
786 3860 822 3926 P.
838 3862 984 3944 Scaptius
1006 3861 1047 3924 de
1062 3861 1165 3946 plebe,

14 3977 15 3980 ¹
112 3967 221 4038 magno
235 3963 333 4016 natu:
357 3959 400 4025 et,
415 3885 542 4025 Siiicet,
555 3947 667 4035 inquit,
680 3950 824 4027 consules,
838 3949 876 4012 de
887 3947 1042 4030 republica
1054 3950 1164 4026 dicere,

114 4055 208 4102 mere
220 4057 277 4122 ego
286 4037 435 4120 populum
451 4037 485 4100 in
498 4037 557 4098 hec
570 4057 677 4099 caussa
692 4056 752 4098 nea
763 4036 884 4116 patiar.
930 4033 1052 4109 Quum,
1067 4046 1102 4097 ut
1112 4057 1166 4099 va·

115 4139 191 4204 num,
205 4145 279 4188 eum
296 4133 452 4210 negarent
466 4121 610 4186 consules
626 4117 818 4186 audiendum
834 4141 911 4196 esse,
927 4119 1166 4186 vociferantem-

500 4247 522 4315 ,θ
538 4258 587 4290 rem
597 4245 674 4290 Gron-
686 4243 754 4290 Creu.

144 4354 465 4419 tt'Pmta....ngeatt
483 4359 618 4423 sompnum]
649 4373 699 4420 guo
717 4361 774 4406 retii
790 4362 920 4418 σωγαναι.
955 4355 1038 4420 qum
1052 4359 1167 4419 loquendi

121 4415 151 4465 Sit
165 4421 301 4483 tunultu,
313 4436 386 4484 mque
399 4423 486 4482 nino,
495 4437 566 4484 aeque
575 4424 620 4470 lin·
653 4425 738 4473 former
750 4423 938 4470 rarissimarum
949 4424 1069 4484 exempla.

152 4501 217 4548 rorn
235 4507 260 4553 r.
344 4509 348 4526 ¹
694 4505 716 4568 p
