3034 4916
413 169 506 232 tte.
529 163 568 230 x.
596 171 696 230 cue.
725 171 886 232 xxxvu.
1107 167 1164 244 sus

113 332 465 420 legionesSaurnitium.
509 335 629 401 Omnes
649 335 788 418 undique
809 333 910 398 adnisi
937 335 977 398 ad
996 333 1197 401 restitnen-U.
1211 355 1303 402 cetu

111 421 184 486 darn
200 439 351 506 pugnarn,
363 421 467 499 duces,
483 421 606 498 milites,
623 420 762 506 pediturn
774 420 977 507 equitumque
988 422 1052 486 vis:
1068 422 1199 486 ⁴³nual-
1209 421 1236 467 0·
1249 419 1320 468 ²⁹⁴⁸·

113 527 183 570 meu
207 507 301 572 etiam
328 505 471 572 Deorum
499 507 669 591 respexisse
696 527 812 571 nomeu
845 506 1022 572 Romanum
1049 509 1171 574 visum.'

113 593 193 658 adeo
213 591 304 658 facile
326 591 479 658 inclinata
502 615 561 673 res,
584 592 761 678 repulsique
784 591 930 658 acastris
944 592 1065 670 hostem
1088 615 1162 660 mox

111 679 207 744 edam
229 678 349 743 redacti
366 679 405 744 ad
425 701 499 744 euru
522 678 637 756 locum,
653 679 685 742 in
701 701 764 765 quo
782 679 948 743 commissa
962 701 1069 766 pugne
1083 697 1161 746 erut.

111 763 173 916 libi,
194 765 356 914 obgacente
378 767 569 831 sarcinarum
595 763 733 842 cumulo,
748 785 825 850 quas
838 765 1035 850 conjecerant
1049 766 1080 830 in
1096 789 1162 830 me·

136 871 214 930 rum,

251 871 348 916 resera
370 851 523 935 inpediti:
546 849 672 927 deiude,
689 871 728 914 ne
742 849 954 936 diriperentur
973 873 1030 928 res,
1052 852 1160 916 orbem

111 949 305 1002 armatorum
327 937 456 1002 sarcinis
481 937 689 1002 circumdant.
733 934 817 1000 Tum
845 957 920 1000 vero
941 959 995 1001 eos
1017 959 1035 1002 u
1060 937 1163 1004 fronte

111 1043 249 1110 urguere
263 1021 393 1108 pedites,
417 1023 458 1088 ab
472 1035 563 1110 tergo
583 1021 782 1088 circumvecti
797 1022 928 1105 equites.
944 1021 987 1087 ita
1008 1023 1040 1087 in
1058 1025 1162 1088 medio

111 1109 186 1174 caesi
201 1110 376 1195 captiqua'
400 1109 605 1194 Captivorum
630 1127 779 1172 numerus
801 1107 861 1172 tuit
884 1120 1001 1194 septem
1029 1109 1162 1174 millium

111 1217 148 1260 ac
170 1192 406 1272 ducentorum‘,
422 1197 477 1282 qui
502 1215 610 1258 omnes
634 1191 711 1258 nudi
733 1191 792 1258 sub
811 1193 846 1278 ju
892 1215 924 1256 m
947 1193 1043 1258 missi.
1066 1217 1164 1260 coeaos

111 1279 138 1320 ⁴⁴
148 1282 284 1345 retulere
294 1281 335 1345 ad
349 1295 486 1366 quatuor
495 1280 593 1344 millia
606 1280 815 1366 octingentos.
893 1293 911 1343 e
927 1277 1080 1344 Romanis
1094 1284 1163 1366 qui·

110 1367 186 1432 deur
209 1365 281 1432 laets
305 1367 438 1432 victoria
459 1367 528 1431 fuit.
550 1379 731 1432 recensente
745 1364 874 1429 consule
890 1365 989 1430 biduo
1003 1387 1076 1430 acce
1098 1380 1163 1430 tarn
1235 1421 1237 1426 .

111 1452 248 1534 cladem,
262 1454 447 1518 amissorum
462 1452 596 1516 militum
609 1471 758 1516 numerus
769 1453 883 1514 relatus
897 1464 1014 1536 septem
1031 1389 1163 1517 millium

111 1561 151 1604 ae
172 1537 381 1604 ducentorum
391 1539 414 1601 ¹¹.
458 1537 547 1604 Dum
572 1537 643 1602 luec
667 1539 744 1602 inA
770 1535 833 1601 ulia
849 1537 1049 1624 gerebantur,
1065 1538 1165 1603 altero

111 1626 256 1692 exercitu
281 1625 436 1690 Samnites
458 1623 682 1700 interamnam,
705 1559 860 1687 coldniam
886 1623 1075 1704 Romanam,
1093 1645 1165 1709 quae

112 1712 164 1776 vin
193 1709 310 1776 Latina
333 1725 389 1787 est,
413 1729 570 1796 occupare
595 1708 710 1787 consti,
741 1709 852 1772 urbem
882 1729 945 1774 non
977 1722 1163 1774 tenuerunt:

112 1818 209 1886 agros
230 1795 412 1884 depopulati
434 1817 531 1882 quum
557 1795 696 1880 predum
720 1794 814 1858 uliam
830 1793 904 1859 inde
918 1797 1047 1860 mixtum
1065 1795 1166 1860 homi-

111 1905 191 1948 num
206 1895 301 1970 etque
312 1882 479 1968 pecudum,
495 1881 685 1969 colonosque
694 1893 802 1965 captos
813 1895 952 1966 agerent,
968 1882 1000 1946 iu
1015 1883 1165 1946 victorem

78 2029 83 2034 .
112 1968 260 2034 incidunt
273 1968 443 2046 consulem,
458 1969 500 2034 nb
517 1970 648 2034 Luceria
662 1967 862 2032 redeuntem:
887 1989 945 2032 nec
983 1968 1100 2032 raedam
1117 1991 1166 2032 so-

113 2055 181 2120 lum
216 2055 376 2134 amittunt,
397 2055 463 2118 ‘sed
494 2055 555 2138 ipsi
584 2053 720 2138 ⁴⁵longo
749 2067 843 2136 utque
872 2051 927 2137 inp
968 2055 1013 2116 ito
1041 2055 1168 2140 agmine

112 2141 315 2224 incompositi
330 2141 504 2204 creduntur.
537 2137 668 2217 Consul,
686 2137 898 2200 Interamnam
914 2138 1018 2202 edicto
1032 2141 1169 2202 dominis

111 2228 154 2292 ad
171 2247 220 2288 res
238 2246 309 2289 suas
322 2223 497 2288 noscendas
513 2223 768 2307 recipiendasque
789 2223 951 2299 revocatis,
972 2235 1005 2288 et
1027 2225 1168 2290 exercitu

114 2310 163 2376 ibi
176 2308 297 2388 relicto,
312 2309 511 2374 comitiorum
535 2329 644 2373 caussa
666 2309 799 2372 Romam
823 2323 870 2371 est
891 2307 1057 2393 proiectus.
1104 2310 1166 2374 Cui

112 2397 159 2462 de
172 2394 335 2481 triumpho
357 2393 463 2478 agenti
487 2404 619 2476 negatus
642 2393 753 2469 honos,
774 2407 807 2456 et
824 2393 867 2458 ob
881 2394 993 2458 amissa
1008 2407 1056 2460 tot
1070 2395 1184 2462 millia·

114 2482 266 2560 militurn,
282 2495 314 2548 ct
327 2479 450 2568 ”quod
469 2481 608 2568 captivos
622 2480 689 2544 sine
709 2479 855 2564 pactione
869 2479 1050 2570 subjugum
1067 2482 1168 2547 misis·
1281 2497 1284 2503 ·

152 2583 174 2634 t.

115 2593 350 2722 seXXXVII.
375 2655 495 2721 Consrtl
516 2653 596 2720 alter
617 2655 808 2732 Postumius,
825 2657 898 2740 qnia
918 2656 949 2719 in
974 2655 1170 2721 Samnitibus
1180 2667 1302 2744 numus·

117 2743 252 2808 materia
264 2741 339 2808 belli
353 2743 471 2820 decret,
483 2742 515 2805 iu
532 2741 693 2806 Etruriam
705 2739 852 2806 traducto
866 2742 1016 2820 exercitu,
1032 2743 1169 2826 primum
1180 2735 1307 2843 '’⁰⁸¹“'2m'0

116 2841 350 2916 pervastaverat
373 2827 598 2893 Volsiniensem
625 2849 755 2915 agrum:
777 2827 952 2892 dein¹cum
978 2831 1110 2916 egressis
1130 2810 1281 2895 adesses.

119 2915 255 2978 tuendos
269 2915 347 2978 fines
362 2913 447 2978 haud
457 2913 568 3000 procul
588 2913 744 2978 moenibus
755 2913 895 2996 ipsorum
911 2914 1083 3003 depugnat.
1106 2915 1172 2980 duo

116 2999 218 3066 millia
243 3001 443 3086 octingenti·
468 2999 675 3066 Etnrscorum
699 3000 789 3064 caesi:
812 3011 932 3065 ceteros
952 3003 1172 3090 propinquitas

118 3085 207 3152 urbis
218 3099 319 3151 tutata
333 3099 391 3152 est.
434 3085 473 3150 ln
492 3086 696 3151 Rusellanum
711 3107 822 3172 agrum
834 3087 988 3168 enercitus
998 3087 1171 3154 traductus.

114 3172 164 3236 ibi
180 3193 243 3236 non
266 3174 332 3260 agri
355 3185 476 3238 tuntum
492 3173 613 3246 vestati,
635 3173 686 3236 sed
712 3172 867 3255 oppidum
888 3174 983 3237 etiem
1009 3195 1173 3276 expugna·

116 3271 206 3324 tum:
228 3275 320 3346 capta
333 3257 470 3343 amplius
488 3255 554 3322 duo
574 3257 671 3321 millia
684 3255 861 3333 homiuum,
876 3259 982 3323 miuus
995 3259 1060 3324 duo
1075 3260 1174 3325 mrlliu

116 3345 204 3409 circa
217 3365 325 3410 muros
339 3365 431 3410 cesa.
478 3343 545 3408 Pax
561 3359 664 3407 tamen
680 3342 796 3407 clarior
809 3344 982 3430 majorque,
997 3367 1091 3494 quam
1106 3345 1173 3410 bel·

117 3429 185 3494 lurn
200 3431 234 3494 iu
251 3429 379 3496 Etruria
394 3452 433 3494 eo
447 3449 532 3494 anno
546 3428 658 3510 suerat,
672 3443 763 3514 parta
778 3441 834 3492 est.
878 3428 961 3494 Tres
975 3453 1013 3494 ra
1027 3431 1173 3496 idissimae

149 3573 321 3656 ligecurtem
331 3583 405 3629 Gron.
417 3580 486 3628 crer.
551 3575 659 3640 kreptent
670 3577 745 3626 millia
757 3577 852 3626 temeti
864 3577 931 3626 Eteri.
998 3574 1005 3614 ¹
1016 3579 1096 3626 deinde
1107 3579 1177 3629 End.

122 3665 142 3696 ⁸
154 3663 205 3712 CC·
218 3661 287 3708 Bari.

151 3809 310 3860 ss'Nrrrrren
326 3812 397 3858 cuae
412 3810 505 3858 mrem
522 3811 632 3871 neptale-
664 3823 721 3858 eum
732 3815 847 3870 aequente
858 3810 942 3856 socen.

117 3873 633 3937 ammonenlnllquo·
697 3873 1179 3934 &Quodmplioarsintpaellorreeel

117 3938 504 4002 querlslrespulnellomauae.
658 3940 747 4000 jugum
768 3937 879 4000 erutuet]
908 3935 1003 3998 Nempe
1025 3937 1070 3984 rub
1088 3933 1178 4000 jugum

152 4000 334 4063 svmentes]
351 4002 471 4064 liquibus
488 4005 573 4050 datum
591 4015 633 4048 ue·
666 4001 734 4048 misal
751 4003 914 4049 liberabantur
935 4008 960 4048 et
981 4001 1048 4048 abire
1069 4001 1180 4050 ureban-

117 4069 215 4132 qotium
231 4071 283 4114 erat
297 4071 327 4112 ut
341 4077 458 4114 cuorum
478 4077 632 4126 eorpumnu·
665 4073 713 4113 tur.
746 4066 776 4113 ld
792 4079 850 4126 ergo
867 4065 1024 4126 indignantur
1042 4065 1180 4124 Patree,tot

117 4137 249 4181 metarent-
667 4129 775 4190 captivet
797 4131 831 4175 ita
853 4131 966 4176 nmium
986 4143 1048 4184 esse,
1070 4137 1098 4178 ut
1119 4131 1180 4178 nihil

152 4199 185 4245 46
202 4197 283 4258 Longo
298 4209 328 4244 ae
344 4194 453 4256 tepente
465 4192 571 4256 warin]
589 4192 636 4240 Le-
667 4193 724 4240 iude
741 4193 863 4240 commum
879 4193 1014 4254 respublica
1025 4195 1134 4244 llotrrarra
1144 4211 1186 4246 re.
1306 4249 1310 4258 .

118 4276 149 4320 ze
165 4267 187 4308 et
206 4259 321 4322 madito.
354 4257 442 4305 Vitam
460 4259 527 4306 enlm
547 4258 634 4317 optimi
667 4258 776 4317 σεμνοί.

117 4327 246 4385 saumones
273 4336 417 4372 concumnm
451 4322 578 4384 partiaria
608 4336 635 4368 ae
