2986 4930
378 205 415 258 δί
473 223 474 230 “
611 194 699 257 ΤΙΤΙ
720 191 824 254 L1v11
845 191 1033 254 EPITOME
1054 195 1132 253 LIB.
1156 193 1198 253 11.

377 362 547 444 Superdm
571 381 638 422 mum
661 359 839 424 Latinorum
873 358 1000 422 euercitu
1027 357 1136 422 bellum
1169 355 1350 440 inferentem,
1376 354 1413 418 A.

380 447 550 512 Postumius
576 445 706 510 dictator
737 466 876 528 prospere
907 445 1055 529 pugnavit
1083 447 1165 526 opud
1197 445 1293 508 lomim
1319 440 1414 526 Regil-

379 534 450 597 lum.
492 532 593 608 Plebs,
609 553 701 615 quum
721 542 843 614 propter
867 553 958 594 nenos
979 533 1015 593 ob
1037 551 1077 596 es
1095 531 1226 594 alienum
1249 529 1415 594 insacrum

377 627 505 682 muntem
538 618 712 695 secessisset,
745 618 861 682 oonsilio
892 615 1026 680 Menenii
1054 616 1201 703 Agrippa
1234 636 1255 678 o
1284 613 1416 678 seditione

282 762 286 774 .
376 714 516 768 reuocata
550 713 605 767 est.
663 705 750 768 Idem
786 703 938 789 Agrippa,
974 723 1064 787 quum
1098 702 1274 778 decessisset,
1308 707 1417 783 propter

373 799 582 872 paupertatem
608 790 726 871 publico
754 791 891 872 inpendio
925 788 1023 854 elatus
1054 798 1109 852 est.
1172 787 1300 852 Tribuni
1330 783 1416 867 plebis

376 876 503 960 quinque
530 877 624 939 creati
651 887 732 940 sunt.
778 875 930 958 Oppidum
963 875 1133 939 Volscorum
1163 873 1278 938 Corioli
1303 881 1416 954 coptum

376 971 419 1026 est
444 961 552 1026 virtute
576 971 606 1024 et
626 983 718 1044 opera
733 963 767 1026 C.
784 962 909 1037 Marcii,
925 961 976 1046 qui
998 963 1035 1024 ob
1061 962 1116 1048 doc
1144 961 1316 1025 Coriolanus
1335 977 1415 1027 osca·

375 1057 423 1112 tus
444 1057 496 1112 est.
545 1047 593 1112 Ἰῖ.
609 1049 736 1124 Atinius,
751 1049 798 1112 nir
826 1050 864 1111 de
890 1047 984 1128 plebe,
1005 1067 1095 1131 quum
1114 1047 1146 1110 iu
1169 1047 1234 1110 oisu
1257 1043 1417 1108 admonitus

375 1144 460 1211 esset,
475 1145 509 1198 ut
528 1135 568 1198 de
592 1134 766 1217 quibusdam
786 1133 978 1219 religionibus
998 1134 1041 1195 od
1061 1142 1199 1196 senatum
1221 1129 1374 1214 perferret,
1391 1137 1417 1188 et

374 1219 564 1305 neglecisset,
596 1221 707 1284 omnso
732 1219 814 1298 filio,
844 1217 949 1283 debilis
974 1217 1091 1300 sactus,
1122 1228 1281 1302 postquam
1311 1215 1419 1280 delens

375 1305 418 1370 od
444 1317 580 1370 senatum
608 1305 714 1370 lectica
741 1307 847 1370 eodem
871 1306 926 1369 illo
949 1305 1142 1379 iudicaverat,
1167 1325 1222 1369 rme
1246 1305 1354 1388 pedum
1376 1319 1418 1364 re·

374 1403 467 1475 cepto,
492 1395 610 1456 domum
637 1411 770 1456 reuersus
796 1401 850 1456 est.
896 1391 996 1466 Quium
1022 1392 1057 1455 C.
1077 1391 1218 1454 Marcius
1241 1388 1418 1463 Coriolanus,

373 1481 426 1564 oui
452 1481 483 1541 iu
507 1477 643 1541 exsilium
667 1487 734 1542 erat
756 1477 869 1559 pulsus,
893 1479 957 1540 dus
981 1475 1151 1542 Volsconrm
1172 1475 1293 1557 suctus,
1315 1471 1418 1538 euersi-

374 1573 437 1627 tum
464 1562 590 1628 hostium
613 1564 679 1626 urbi
704 1565 814 1627 Romus
835 1565 1020 1639 admouisset,
1043 1573 1073 1626 et
1097 1563 1183 1626 missi
1207 1565 1250 1626 ad
1272 1583 1339 1626 eum
1360 1559 1418 1641 pri-

372 1645 458 1712 muni
486 1649 588 1734 legati,
611 1659 716 1732 posteo
745 1651 912 1713 sacerdotes
931 1647 1050 1730 frustra
1078 1650 1233 1731 deprecati
1261 1656 1363 1724 esseut,
1387 1665 1419 1707 ne

373 1733 481 1798 delium
507 1736 613 1817 patrico
647 1733 787 1816 inferret,·
830 1735 949 1799 Veturia
977 1745 1071 1798 mater
1103 1745 1132 1798 et
1168 1734 1326 1800 Volumnio
1352 1751 1418 1796 uuor

371 1821 591 1902 impetrauerant
604 1823 643 1886 ob
662 1843 705 1898 eo,
720 1830 755 1884 ut
775 1821 931 1886 recederet.
973 1823 1044 1884 Leo
1065 1822 1190 1906 agrario
1211 1822 1342 1906 primum
1363 1819 1419 1880 lato

372 1916 427 1971 est.
473 1907 525 1989 Sp.
549 1908 674 1974 Cassius
694 1908 858 1972 consularis
879 1907 964 2005 regui
984 1907 1105 1972 crimine
1126 1909 1290 1972 damnatus
1307 1915 1352 1970 est
1372 1924 1418 1966 ue·

371 2002 519 2080 cotruque.
565 1991 666 2076 Oppio
694 1994 780 2080 uirgo
815 1993 940 2056 Vestales
967 1991 1004 2057 ob
1037 1993 1279 2059 incestum'oioo
1308 1989 1418 2074 defosso

370 2087 425 2142 est.
471 2082 568 2155 Quum
591 2080 679 2144 uicini
708 2081 806 2144 hostes
837 2080 970 2144 Veientes
996 2080 1175 2143 incommodi
1198 2081 1310 2164 magis,
1337 2095 1419 2164 quom

368 2185 481 2250 graues
501 2176 606 2241 esseut,
620 2164 750 2246 samilio
772 2165 933 2230 Foliomru
956 2167 990 2229 id
1014 2165 1120 2228 bellum
1143 2170 1311 2250 ger-maun
1336 2167 1418 2244 depo·

366 2253 461 2333 poscit
472 2287 483 2325 ,·
507 2253 645 2337 cumdque
664 2253 695 2316 iu
715 2253 747 2315 id
768 2261 912 2315 trecentos
932 2274 984 2316 seu
1008 2261 1151 2332 armatos,
1165 2255 1217 2338 qui
1242 2255 1288 2316 ad
1307 2251 1419 2318 crem

369 2341 604 2404 remediorum
625 2339 664 2402 ol>
686 2339 813 2402 hostibus
837 2339 903 2402 cesi
924 2347 1003 2416 suut,
1026 2359 1086 2400 nuo
1111 2339 1252 2423 inpulere
1274 2339 1356 2404 domi
1378 2356 1419 2400 re·

372 2422 452 2488 licto.
496 2427 556 2507 Ap.
581 2425 724 2489 Claudius
750 2425 860 2504 consul,
883 2445 975 2510 quum
1003 2425 1146 2488 adversus
1175 2423 1297 2492 Volscos
1324 2431 1419 2489 contu·

370 2513 470 2576 mocio
506 2512 650 2576 exercitus
683 2510 763 2574 male
792 2533 834 2593 pn
878 2520 963 2574 otum
990 2521 1074 2587 esset,
1103 2511 1250 2576 dedmrsm
1282 2528 1421 2596 quemque

368 2595 497 2662 militum
512 2596 601 2678 suste
623 2597 775 2679 percussit.
906 2607 1053 2677 preterea
1077 2599 1238 2661 adversum
1259 2599 1421 2672 Volumus

370 2682 499 2768 AEquos,
529 2695 559 2747 et
594 2683 735 2759 Veientes,
765 2693 794 2746 et
825 2683 982 2747 seditiones
1009 2685 1083 2748 inter
1117 2685 1232 2750 Patres
1257 2685 1422 2766 pledeuuaus

368 2770 506 2834 eontinet.
