3032 4924
367 228 423 280 aus
633 301 637 312 ¹
705 291 708 298 Ι
758 221 868 281 rrrr
898 221 1065 282 L1v11·

369 384 443 450 setis
465 382 565 448 lidum
591 371 792 469 supertecta
813 405 849 446 re
873 381 983 448 Patres
1008 383 1080 463 rati,
1104 380 1279 464 decrevere,
1301 383 1412 471 legatos

369 484 467 534 sortes
490 493 529 534 ue
543 468 663 534 oraculi
677 469 703 507 ⁵⁹
717 467 843 556 Pythici
856 468 1092 554 exspectandas.

208 563 340 612 iic-8⁵8⁴
412 493 510 620 XVqI.
535 555 757 642 Priusquam
772 554 908 637 Delphis
933 569 1073 620 oratores
1096 557 1244 634 redirent,
1266 553 1412 620 Albanive

207 627 342 678 ΗΜ·
392 642 506 726 rodigii
530 641 656 726 piacula
681 641 909 722 invenirentur,
925 642 998 706 novi
1014 642 1135 706 tribuni
1152 641 1286 706 militnm
1307 663 1413 706 consu-

207 665 427 794 MulioJu-lbri
448 743 614 814 potestate,
632 728 671 792 L.
686 727 790 793 Julius
804 727 907 804 Julus,
926 727 964 792 L.
982 727 1096 792 Furius
1114 727 1307 792 Medullinus
1327 749 1415 813 quar-

206 800 334 912 ssflff·
370 831 449 894 tum,
481 815 519 878 L.
546 815 673 880 Serius
705 813 850 892 Fidenas,
877 819 919 880 A.
946 813 1130 880 Postumius
1157 814 1350 902 Regillensis,
1379 811 1412 876 P.

228 881 248 912 τ’
288 879 295 910 ¹
348 955 350 962 .
372 899 540 968 Cornelius
557 839 800 988 Maluginensis,
815 905 856 965 A.
874 899 1026 978 Manlius,
1044 901 1260 1002 magistratum
1275 901 1414 964 inierunt.

208 995 342 1074 Tarquini-⁸
373 984 424 1052 Eo
442 1009 527 1052 anno
542 987 789 1074 Tarquinienses
804 988 878 1051 novi
893 987 1000 1052 hostes
1014 1005 1129 1052 exorn.
1151 987 1225 1072 quia
1236 985 1326 1050 simul
1342 983 1414 1048 mul·

207 1073 344 1172 ζζζέᾚῑ
371 1075 430 1140 ῑίει
443 1074 543 1150 bellis,
561 1073 798 1138 Volscorumad
815 1076 942 1151 Anxur,
951 1073 1005 1138 ubi
1020 1073 1204 1158 praesidium
1214 1071 1414 1146 obsidebatur,

207 1189 262 1234 ortt.
330 1151 338 1166 ’
372 1161 550 1248 AEquorum
573 1159 614 1224 ad
629 1159 772 1236 Lavicos,
788 1161 845 1247 qui
865 1159 1041 1224 Romanam
1059 1160 1102 1224 ibi
1121 1160 1278 1225 coloniam
1300 1157 1415 1244 obpug-

278 1304 284 1320 ,
371 1246 501 1325 nabent,
525 1246 565 1311 atl
581 1247 642 1312 hoc
658 1245 783 1311 Veienti
797 1269 924 1333 quoque
938 1261 969 1310 et
986 1245 1108 1312 Falisco
1130 1259 1162 1310 et
1177 1247 1327 1332 Capenati
1341 1243 1416 1308 bello

371 1350 543 1419 occupatos
572 1333 722 1398 videbant
749 1333 921 1408 Romanos,
943 1355 1001 1397 nec
1026 1333 1109 1396 intra
1140 1355 1247 1397 muros
1276 1333 1416 1419 quietiora

370 1422 500 1507 negotia
513 1443 579 1486 esse
593 1419 818 1484 certaminibus
842 1418 973 1483 Parrum
984 1441 1034 1482 ·ec
1056 1417 1174 1502 plebis3
1201 1421 1283 1484 inter
1297 1417 1362 1482 baec
1375 1416 1415 1480 lo-

371 1529 445 1572 cum
459 1507 586 1591 injuriae
606 1507 666 1571 rati
687 1529 765 1582 esse,
787 1505 964 1590 praedatum
989 1505 1022 1568 in
1045 1527 1159 1590 agrum
1178 1505 1354 1570 Romanum
1369 1524 1415 1566 co-

370 1592 478 1658 hortes
493 1593 654 1677 expeditas
677 1593 817 1656 mittunt.
839 1605 895 1655 aut
919 1592 1003 1654 enim
1029 1612 1177 1676 passuros
1204 1592 1333 1656 inultam
1356 1609 1415 1653 eam

370 1679 517 1764 injuriam
531 1679 706 1754 Romanos,
722 1699 782 1744 nec
792 1699 876 1740 novo
887 1676 971 1741 bello
981 1700 1014 1740 ae
1024 1691 1212 1744 onerarent:
1236 1696 1290 1743 aut
1304 1678 1415 1764 exiguo,

371 1787 471 1850 eoque
491 1786 604 1849 parum
629 1763 743 1840 valido,
768 1765 910 1828 exercitu
935 1777 1166 1847 persecuturos.
1216 1764 1362 1830 Romanis
1374 1763 1417 1824 in·

371 1849 509 1934 dignitas
535 1852 646 1936 major,
668 1872 762 1935 quam
793 1873 880 1926 cura,
911 1849 1124 1934 populationis
1150 1849 1426 1938 Tarquiniensium

370 1933 441 2000 suit.
456 1959 495 2000 eo
511 1959 568 2000 nec
585 1959 701 2022 magno
716 1949 831 2000 conatu
843 1949 998 2020 suscepta,
1011 1957 1070 2000 nec
1081 1937 1113 2000 in
1124 1937 1258 2002 loncum
1274 1937 1417 2002 dilatares

371 2035 429 2088 est.
472 2026 516 2088 A.
534 2023 715 2087 Postumius
730 2035 761 2087 et
777 2021 816 2085 L.
831 2021 938 2086 Julius
957 2043 1021 2086 non
1039 2023 1127 2106 justo
1149 1993 1283 2101 delectu,
1301 2021 1416 2108 (etenim

372 2109 413 2176 ab
428 2108 563 2173 tribunis
584 2107 685 2194 plebis
708 2107 963 2192 inpediebantur)
978 2107 1034 2172 sed
1048 2129 1149 2194 prope
1169 2112 1416 2182 voluntariorum,

372 2218 453 2282 quos
468 2194 668 2260 adhortando
683 2196 899 2272 incitaverant,
912 2206 1020 2259 coacta
1035 2217 1143 2277 manu,
1159 2219 1218 2280 per
1233 2219 1339 2286 agrum
1355 2195 1417 2258 Cae·

372 2295 470 2348 retem
486 2282 623 2367 obliquis
645 2281 824 2348 tramitibus
847 2281 970 2367 egressi,
996 2279 1163 2346 redeuntes
1184 2280 1418 2369 apopulationi-

372 2368 432 2436 bus
460 2389 635 2456 gravesque
666 2367 777 2452 praeda
806 2367 1053 2453 Tarquinienses
1083 2369 1282 2452 obpressere.
1315 2366 1419 2432 multos

371 2455 523 2520 mortales
548 2455 749 2538 obtruncant,
773 2476 881 2518 omnes
907 2467 1029 2518 exuunt
1051 2454 1293 2540 inpedimentis;
1318 2467 1356 2531 et,
1377 2474 1418 2516 re-

372 2544 472 2630 ceptis
494 2563 649 2626 agrorum
672 2563 800 2605 suorum
821 2539 939 2624 spoliis,
965 2538 1102 2604 Rumam
1120 2557 1330 2607 revertuntur.
1371 2538 1419 2602 Bi·

373 2627 473 2694 duum
485 2629 525 2693 ad
538 2625 807 2714 recognoscendas
819 2647 868 2690 res
879 2626 990 2690 datum
1001 2625 1155 2690 dominis:
1171 2629 1265 2694 tertio
1273 2627 1420 2714 incognita

373 2719 479 2798 (erant
493 2727 599 2780 autem
613 2736 651 2778 ea
665 2711 752 2796 plera
775 2734 815 2774 ue
825 2709 961 2775 hostiurn
973 2712 1127 2796 ipsorum)
1143 2713 1233 2780 ⁶⁰sub
1248 2715 1334 2780 basta
1345 2711 1420 2774 veni-

374 2822 442 2876 ere3
465 2801 614 2887 quodque
629 2798 704 2863 inde
717 2735 894 2879 redactum,
906 2797 1058 2862 militibus
1072 2815 1120 2864 est
1134 2799 1281 2866 divisum.
1318 2800 1420 2864 Cetera

375 2885 467 2962 bella,
485 2887 687 2971 maximeque
699 2883 826 2960 Veiens,
840 2884 950 2948 incerti
966 2885 1073 2949 exitus
1088 2902 1188 2952 erant.
1219 2887 1349 2972 Jamque
1364 2885 1420 2948 Ro·

375 2972 471 3052 mani,
500 2971 666 3058 desperata
692 2993 754 3056 ope
789 2969 940 3051 humana,
969 2968 1033 3034 fata
1061 2985 1092 3036 et
1121 2973 1209 3038 Deos
1236 2973 1419 3058 spectabant,

214 3085 334 3144 Apollinis
375 3080 473 3144 quum
489 3057 584 3144 legati
599 3057 639 3121 ab
657 3055 791 3141 Delphis
814 3071 979 3132 venerunt,
1005 3072 1120 3122 sortem
1148 3061 1268 3124 oraculi
1292 3059 1419 3124 adteren-

214 3149 432 3220 Delphines-tes,
448 3155 678 3232 congruentem
694 3165 846 3227 responso
860 3143 975 3228 captivi
990 3143 1078 3209 vatis
1122 3147 1273 3225 Romane,
1288 3145 1419 3230 ⁶¹oquan

212 3217 368 3326 ffflffl²
376 3231 530 3296 Albanam
545 3253 617 3296 cave
630 3233 700 3294 loen
713 3232 874 3306 contineri,
883 3253 956 3294 caue
970 3233 1002 3292 in
1017 3253 1101 3296 more
1109 3253 1239 3297 manare
1247 3231 1421 3320 costamine

215 3356 255 3390 no.
375 3317 1419 3402 sinas.emissonpcragrosrigabis,dissipatamqroeriuisersiingnes.

382 3405 458 3470 Tum
469 3415 503 3468 itt
513 3405 619 3468 insiste
632 3403 738 3466 cridae
747 3405 875 3466 hostium
889 3403 1003 3474 nuris‚·
1021 3425 1140 3482 mernor,
1154 3428 1243 3489 qnam
1252 3429 1312 3488 per
1321 3414 1363 3468 tot
1372 3423 1419 3464 art·

376 3513 431 3557 nos
455 3491 572 3556 obsides
585 3489 695 3566 urbem,
712 3511 750 3552 ee
763 3511 800 3551 eo
815 3489 874 3552 tihi
886 3488 944 3564 Itis,
961 3509 1029 3572 quar
1042 3511 1121 3553 nnnc
1139 3495 1331 3574 panduntur,
1344 3488 1420 3574 sctis
1454 3555 1457 3562 Ι

376 3580 536 3642 victoriam
559 3571 673 3640 dotant.
718 3575 808 3638 Bello
823 3574 971 3658 perfecto,
988 3576 1096 3639 donam
1126 3579 1257 3660 amplum
1282 3573 1420 3641 uictorcd

376 3665 564 3748 meatempta
573 3671 722 3744 portato.-
744 3681 892 3744 sacroque
900 3662 1023 3742 patria,
1035 3683 1160 3746 quornm
1175 3659 1362 3729 omisso'cura
1372 3667 1417 3733 esi,

378 3753 565 3825 instaurato,
581 3757 616 3812 ut
630 3749 757 3824 adsolet,
761 3746 879 3830 facito.

728 3905 740 3934 ¹¹
751 3903 832 3948 mattis
842 3901 913 3948 timul
923 3903 997 3950 Gron.
1008 3905 1077 3952 Cret.

377 4085 466 4134 aquam
493 4086 523 4118 cx
545 4073 599 4118 lecu
621 4073 731 4118 derivari.
759 4071 816 4118 Vid.
838 4083 891 4130 cap.
923 4069 948 4116 in
972 4073 1123 4120 auctionibus
1149 4074 1212 4132 apud
1241 4069 1356 4116 Romanos
1375 4061 1418 4110 fleri

376 4151 426 4198 seq.
437 4149 579 4194 responsum
591 4137 680 4182 oraculi
693 4135 812 4197 Delphici.
923 4135 1021 4182 solebat.
1056 4137 1124 4184 Unde
1146 4149 1209 4196 sape
1227 4135 1295 4180 hasta
1310 4143 1350 4192 pro
1368 4140 1416 4174 euc-

408 4201 440 4247 59
457 4199 565 4262 Pythia]
583 4201 620 4246 Dc
637 4201 682 4247 boc
699 4201 818 4259 Apollinis
834 4214 890 4260 cog·
924 4199 1049 4260 tioneipsa
1059 4202 1171 4248 sumitur.

377 4266 484 4316 nomine.
503 4271 528 4309 et
547 4265 652 4312 devote
671 4265 810 4320 sorteqtid.
827 4271 889 4310 nott.
954 4265 983 4312 ol
1002 4261 1276 4324 Aquom-...rigebir1
1299 4259 1336 4306 ste
1357 4256 1416 4312 Vlid·

376 4329 416 4376 29.
426 4337 451 4374 et
463 4327 503 4374 tt.
514 4329 544 4373 ed
555 4343 576 4374 c.
589 4327 628 4376 dd.
636 4329 652 4373 1.
666 4328 685 4374 1.
923 4327 969 4376 tv.
986 4329 1074 4391 Georg.
1092 4343 1114 4376 v.
1134 4329 1187 4376 115.
1206 4332 1227 4374 ct
1248 4327 1328 4372 antiret
1343 4319 1416 4379 irrigtl

408 4393 440 4437 60
456 4392 504 4437 A'nd
519 4391 596 4454 horto]
616 4393 693 4440 liutto
712 4391 806 4452 positar
823 4394 889 4452 quod
921 4393 1010 4440 imbres.
