2986 4930
664 72 671 106 l

293 239 313 298 4
686 231 799 298 ΤῙΤΙ
826 231 963 300 trvti

294 399 428 468 velentis
453 399 565 492 populi
586 401 666 466 vires
687 423 720 466 se
740 402 818 488 ipsse
839 401 1022 469 conficiunt.
1067 401 1140 494 Ego
1161 413 1273 469 contra
1293 401 1361 469 boe

296 511 423 576 quoque
439 487 556 552 loboris
574 489 745 573 praemium
763 503 879 575 petam,
897 491 952 555 utl
965 513 1017 556 me
1031 513 1051 556 a
1064 505 1235 578 conspectu
1254 490 1356 555 malo·

296 598 378 652 rum,
394 597 468 662 quae
490 588 598 638 nostru
621 589 669 640 tot
690 597 748 660 per
768 599 867 644 annos
888 575 969 648 ‚vidit
989 591 1076 655 oetss,
1092 579 1254 663 tentispr,
1271 575 1362 642 cene

297 661 374 726 dum
396 662 498 745 prisca
517 661 572 725 illa
590 673 657 728 tota
679 665 784 727 mento
805 679 923 748 repeto,
939 678 1088 743 avertam,
1103 665 1230 729 'omnis
1245 685 1361 748 expers

298 770 395 827 curae,
410 771 483 834 quae
505 747 670 812 scribentis
692 750 843 827 animum,
859 751 917 814 etsi
939 773 1004 814 non
1022 751 1177 816 flecteres
1194 773 1279 828 vero,
1294 750 1356 814 sol·

297 834 418 899 licitum
443 848 549 898 tumen
575 833 697 900 efficere
719 837 826 919 possit.
872 836 956 912 Quae
971 838 1068 902 lunte
1092 836 1253 902 conditam
1279 859 1359 901 con-

297 920 472 986 dendamve
494 919 617 1002 urbem,
632 922 763 1007 poeticis
778 922 879 1009 magis
894 922 1033 988 ⁹decora
1054 923 1176 1002 sabulis,
1192 945 1288 1010 quum
1308 924 1358 986 in-

297 1009 461 1093 conruptis
484 1029 588 1071 rerum
635 1025 771 1072 estarum
795 1010 1017 1089 monumentis,
1038 1009 1218 1088 truduntur,
1239 1033 1277 1074 ea
1297 1029 1359 1074 neo

297 1086 558 1180 ndlirma'rm'ec
581 1031 731 1172 redeller'e,
753 1096 786 1158 in
813 1095 921 1159 nnimo
943 1091 1019 1160 rats
1043 1093 1150 1161 Datur
1172 1095 1243 1160 hrec
1266 1095 1360 1159 verrin

296 1179 486 1266 antiquitati,
504 1193 548 1257 ut,
566 1181 726 1245 miscendo
745 1178 884 1246 humans
897 1181 1022 1260 diuinis,
1038 1183 1214 1267 primordia
1229 1183 1357 1248 urbium

296 1264 480 1354 augus'iiora
505 1265 607 1355 facist.
638 1267 705 1345 :Ee
729 1269 760 1332 si
776 1269 829 1333 cui
855 1269 975 1354 populo
999 1269 1096 1333 licere
1119 1281 1255 1355 oportet,
1279 1289 1363 1333 con·

296 1369 420 1418 serrare
441 1354 579 1441 origines
602 1376 683 1431 suas,
700 1367 731 1418 et
750 1355 792 1418 ad
814 1355 902 1420 Deos
924 1353 1039 1420 referre
1061 1368 1214 1432 auctores,
1230 1353 1358 1419 sabelli

295 1440 469 1529 gloriaest
491 1439 609 1526 populo
634 1441 793 1523 Romnum
816 1455 861 1518 ut,
883 1463 981 1526 quum
1007 1463 1101 1506 suum
1123 1441 1359 1528 conditorisque

295 1528 343 1594 sui
358 1542 521 1611 parentem
539 1526 678 1590 Martem
703 1527 899 1611 potissimum
918 1528 1009 1605 serat,
1024 1541 1088 1592 tam
1105 1541 1139 1591 et
1162 1526 1225 1592 hoc
1248 1541 1364 1615 gentes·

296 1615 446 1678 humanas
458 1609 621 1698 patianiu'r
635 1608 730 1699 eiquo
743 1615 861 1692 animo,
875 1635 971 1700 quam
993 1614 1158 1700 imperium
1182 1615 1357 1700 patiuntur.

296 1699 360 1765 Sed
383 1699 453 1763 haec
468 1711 500 1764 et
521 1693 569 1763 his
583 1700 706 1778 similia,
723 1699 749 1738 ¹⁰
758 1712 930 1786 utcumque
948 1701 1168 1766 animadversa
1180 1714 1236 1766 aut
1250 1699 1358 1766 existi-

294 1799 381 1852 mata
396 1800 499 1863 erunt,
515 1783 602 1851 haud
617 1787 649 1850 in
666 1807 783 1875 magno
796 1789 946 1874 equidem¹
956 1809 1073 1874 ponam
1088 1786 1280 1852 discrimine.
1303 1786 1357 1851 Ad

295 1873 349 1937 illa
366 1873 443 1937 mihi
465 1869 572 1959 prose
586 1869 719 1959 quisque
732 1873 846 1938 acriter
869 1875 1014 1940 intendat
1028 1875 1179 1948 animum,
1195 1893 1268 1958 quae
1282 1873 1369 1951 vitu,

295 1960 351 2046 qui
366 1981 469 2024 mores
484 1959 620 2024 fuerint:
644 1981 702 2045 per
718 1979 798 2046 quos
812 1960 906 2040 viros,
923 1961 1102 2048 quibusque
1122 1960 1252 2038 artibus,
1268 1960 1369 2024 domi.

295 2045 489 2133 militiaeque,
519 2057 551 2110 et
581 2061 708 2132 partum
738 2059 769 2110 et
798 2061 925 2112 auctum
956 2049 1123 2134 imperium
1153 2049 1202 2112 sit.
1232 2045 1369 2112 labente

295 2132 411 2197 deinde
434 2129 598 2217 paullatim
613 2131 790 2216 disciplina,
806 2134 891 2199 reiut
906 2134 931 2173 ¹¹
941 2133 1117 2200 desidentes
1130 2134 1236 2218 primo
1255 2153 1364 2196 mores*

295 2215 585 2304 sequutur'animot
608 2217 724 2284 deinde
739 2235 774 2284 ut
797 2221 898 2307 magis
912 2242 942 2284 m
988 2223 1074 2308 'sque
1087 2220 1167 2305 lapsi
1182 2219 1265 2294 sint3
1288 2231 1368 2282 tum:

295 2305 342 2369 ire
367 2307 523 2390 coeperint
548 2305 747 2392 praecipites:
775 2305 878 2372 donec
901 2307 941 2370 nd
993 2331 1039 2372 oec
1062 2320 1217 2391 tempora,
1242 2303 1366 2391 quibus

295 2413 355 2456 nec
368 2391 446 2458 vitis
459 2387 577 2468 nostra,
595 2413 652 2456 nec
671 2393 811 2458 remedia
824 2394 891 2480 pati
906 2415 1082 2479 possumus,
1098 2405 1285 2478 perventum
1300 2403 1361 2455 est.

298 2477 375 2544 Hoc
390 2477 468 2542 illud
484 2493 531 2542 cst
550 2479 712 2565 proecipue
726 2480 758 2544 in
774 2481 958 2574 cognitione
979 2503 1084 2546 rerum
1100 2479 1226 2544 salubre
1240 2500 1276 2544 ac
1292 2477 1358 2540 fru-

294 2565 441 2653 giferum,
466 2567 569 2629 omnis
599 2579 630 2630 te
659 2565 798 2650 exempli
826 2567 1015 2632 documenta
1047 2570 1078 2630 in
1103 2566 1228 2629 inlustri
1256 2565 1360 2649 posita

295 2663 504 2716 monumento
534 2651 670 2716 intueri:
702 2652 776 2715 indo
806 2653 863 2717 tibi
892 2665 1019 2738 tuaeque
1047 2649 1240 2736 reipublicae,
1271 2648 1356 2734 quod

295 2733 431 2818 imitere,
449 2737 580 2822 capies:
601 2737 687 2818 inde,
704 2737 827 2803 foedum
851 2738 991 2823 inceptu,
1013 2737 1130 2801 loedum
1153 2737 1253 2812 exitu,
1270 2734 1358 2820 quod

296 2825 384 2888 vites.
429 2825 579 2889 Ceterum
605 2838 662 2889 aut
691 2847 741 2888 me
765 2846 856 2888 antor
882 2824 1001 2910 negotii
1028 2822 1163 2906 suscepti
1189 2821 1280 2899 fallit,
1304 2834 1360 2886 sut

295 2909 385 2976 nulla
399 2929 550 2998 umquam
564 2910 742 2996 respublica
757 2932 815 2974 nec
830 2911 939 3002 major,
957 2931 1014 2973 nec
1029 2908 1179 2988 sanctior,
1192 2929 1251 2976 nec
1265 2908 1358 2973 bonis

711 3029 770 3080 butt
781 3033 861 3080 (irone
870 3034 940 3081 Creu.

297 3151 414 3198 nimirum
430 3153 516 3200 nrdcnt
534 3151 651 3200 desiderio
669 3161 813 3210 regumn·
878 3137 1013 3210 wama]
1029 3147 1288 3208 Mrgisconveuientia
1299 3137 1361 3194 Poe-

225 3247 229 3256 ,
296 3217 334 3261 dc
355 3222 412 3262 ante
436 3217 519 3264 omnia
539 3216 648 3262 historin
670 3214 815 3260 novissimo·
846 3215 900 3262 ticin
920 3213 1051 3272 tigmentis,
1070 3225 1145 3273 quem
1167 3213 1313 3272 incorruptae
1334 3217 1360 3258 et

297 3291 354 3326 nrm
369 3281 457 3328 horum
477 3287 626 3340 temporum,
645 3274 814 3338 quibus-jam·
846 3279 946 3326 sincere
979 3291 1060 3326 rerum
1093 3285 1216 3342 gesturum
1244 3276 1359 3324 historin.

297 3345 392 3405 pridem
403 3345 557 3405 prevalentis
572 3344 653 3404 popuii
666 3343 728 3388 vires
739 3355 765 3388 ae
776 3342 813 3401 ip·
845 3345 935 3392 Dentre
947 3341 1046 3403 filati,
1062 3343 1184 3404 quomodo
1201 3341 1265 3388 inin
1279 3355 1300 3388 c.
1318 3337 1358 3388 ts.

297 3409 548 3470 nperbellaeirilia
557 3408 696 3456 conficiunt.
845 3409 920 3456 Hanc
939 3405 1043 3456 ordinem
1063 3407 1100 3456 ael
1114 3408 1170 3468 paci
1188 3405 1305 3468 maurum,
1324 3403 1362 3452 ael

331 3475 347 3522 'l
364 3470 625 3534 Onmircmnrparae]
644 3470 701 3518 Non
716 3471 813 3517 vereba-
845 3472 906 3520 tato.

297 3543 339 3585 tur
350 3537 443 3592 Livius,
454 3550 485 3584 ne
496 3537 567 3583 rebus
579 3535 668 3584 Num·
682 3542 726 3582 sut
737 3534 813 3584 Servii
879 3537 909 3586 lo
937 3536 1071 3600 annaque}
1114 3536 1233 3595 Utcunque
1253 3531 1359 3579 enimd-

298 3602 374 3652 'l'uilii
390 3601 554 3650 memorandis
583 3597 728 3662 cujusquam
761 3600 814 3648 sni-
845 3601 981 3658 aerra,i.e.
998 3601 1168 3663 quoquomodo
1185 3599 1217 3645 nd
1234 3611 1263 3644 es
1280 3602 1359 3672 attpn-

296 3666 518 3714 mumodendsret.
552 3665 813 3726 linqueremus-tm·
846 3667 918 3722 deris,
938 3680 989 3714 nae
1005 3667 1100 3722 uentu,
1120 3666 1171 3712 sive
1189 3661 1360 3724 negligentius.

297 3733 364 3780 illius
385 3729 537 3790 antiquitatis
555 3729 682 3778 historiam
698 3731 813 3780 scribenti
849 3733 970 3793 Utcunque
994 3732 1134 3786 enirtinralm
1162 3729 1179 3775 i.
1201 3742 1221 3774 s.
1251 3739 1359 3786 quoquo-

299 3809 389 3844 raeuus
405 3795 475 3848 omni
491 3807 549 3842 rura
564 3800 616 3842 erat
632 3795 744 3844 mature
763 3809 813 3844 non
845 3799 959 3844 modods
969 3792 1296 3857 iisjudicavsris,sivevsrs,
1308 3792 1361 3838 aiva

297 3861 383 3906 itidem
402 3859 501 3905 futurus
518 3865 571 3906 erat
593 3859 730 3908 Canariam
751 3867 813 3908 tam·
846 3861 1048 3922 tulupensem.

297 3936 357 3983 ΡΜ
367 3922 487 3972 nutanti.
879 3925 908 3974 ll
927 3924 1071 3987 Desidmtes]
1090 3921 1212 3970 Paulatim
1231 3920 1280 3968 lubi
1299 3919 1362 3966 inci·

330 3987 347 4034 8
363 3985 444 4038 Am.
457 3985 611 4036 -oondcndanr
622 4019 629 4036 .
642 3989 747 4053 ‚uriam
766 3991 813 4038 His
845 3993 949 4052 pientes.
979 3989 1117 4036 Traualstio
1127 3989 1201 4034 ducta
1210 3987 1242 4032 ab
1253 3985 1291 4038 iis,
1304 3998 1362 4044 quse

297 4053 377 4100 verbis
388 4051 508 4111 designari
520 4054 615 4102 videtin
626 4061 723 4118 tempus
733 4069 812 4102 remo-
845 4057 894 4104 lui
905 4061 975 4101 motu
986 4054 1011 4100 in
1023 4059 1100 4100 semet
1112 4051 1289 4112 deprimuntur.
1308 4047 1359 4094 De-

297 4117 355 4173 tiua,
367 4129 417 4176 quo
433 4116 544 4170 videlieet
561 4121 670 4168 noudum
681 4119 702 4166 is
712 4127 764 4168 erat
775 4134 812 4168 re-
843 4119 941 4166 sidentes
951 4119 991 4164 hie
999 4130 1016 4163 s
1025 4116 1108 4164 decido.
1126 4115 1239 4163 Cetemm
1248 4114 1288 4160 hic
1299 4111 1359 4160 oiim

293 4193 353 4228 rum
368 4185 457 4240 nutus,
468 4189 496 4230 ut
512 4185 580 4232 brevi
593 4183 671 4232 Rome
686 4186 812 4232 mndeudn
843 4185 968 4244 legebatur
978 4180 1120 4229 mne-ra.
1140 4179 1251 4229 conexit
1262 4175 1364 4238 Lipsius

296 4245 373 4298 mser:
392 4245 482 4310 'pitin
494 4255 592 4314 (wilm
608 4257 665 4300 ute
677 4249 813 4300 Romulum
844 4247 1006 4296 emisistis

296 4316 391 4363 natum.
