3056 4928
462 245 555 308 urs.
576 241 665 308 utu.
692 248 793 313 car.
813 247 973 307 xxxvn.
1148 257 1203 325 aar

154 408 295 494 publica,
319 431 413 496 quam
438 410 594 494 privatum
619 366 852 495 compendium.
868 411 901 478 in
917 411 1037 482 hostem
1065 411 1349 486 acuebatuuasu.

157 495 221 562 His
234 497 377 562 cladibus
391 497 511 562 subacti
527 497 682 566 Samnites
703 519 813 582 paoem
834 497 873 562 atl
893 497 1048 564 dictatore
1068 499 1350 583 pastoratum·

155 601 228 646 cum
241 605 307 670 quo
322 583 417 667 pacti,
432 597 468 648 ut
483 583 605 672 singulo
627 583 811 650 vestimenta
831 583 992 662 militibus,
1014 598 1047 649 et
1066 607 1204 650 antinum

157 668 349 752 stipendium
364 668 492 745 darent3
515 691 612 754 quum
628 669 674 734 ire
688 669 727 734 ad
743 684 884 736 senatum
895 671 976 756 jussi
991 685 1104 746 essent,
1121 693 1206 736 secu·

155 769 243 819 turos
258 777 290 820 ss
304 755 492 822 dictatorem
507 756 745 839 responderunt,
761 758 853 820 unius
868 756 935 841 ejus
950 755 1022 820 fidei
1038 759 1207 842 virtutique

154 861 298 906 caussam
321 863 409 906 suam
433 841 700 908 commendantes.
721 842 765 908 ita
781 841 935 908 deductus
956 865 996 908 ex
1011 843 1206 908 Samnitibus

154 928 322 992 exercitus.

199 1011 386 1078 XXXVII.
409 1013 556 1080 Dictator
571 1012 768 1098 triumphans
779 1014 888 1078 urbem
904 1027 950 1079 est
962 1014 1139 1108 ingressus:
1162 1027 1244 1093 stu,
1256 1037 1282 1084 c.
1294 1033 1349 1083 481.

147 1119 251 1184 quum
269 1123 302 1164 se
315 1100 473 1165 dictatura
488 1099 633 1164 abdicare
649 1100 748 1174 veliet,
777 1123 848 1164 ussu
866 1100 1009 1180 Putrurn,
1023 1103 1204 1187 priusquam
1214 1101 1245 1148 Α·
1256 1099 1349 1176 Μὲῑς

154 1185 326 1261 abdicaret,
351 1185 494 1251 consules
517 1185 635 1250 creavit
660 1185 698 1252 C.
715 1123 888 1272 Sulpicium
910 1187 1057 1274 Longum
1080 1165 1358 1283 iterumfifffl

154 1270 197 1346 Q.
213 1271 379 1338 AEmiiium
396 1273 612 1339 Cerretanum.
657 1273 823 1348 Samnites,
839 1271 954 1338 iniecta
975 1295 1063 1357 pace,
1079 1274 1153 1360 quia
1166 1272 1205 1338 de
1215 1293 1358 1340 muscose

125 1357 128 1366 “
154 1359 388 1425 conditionibus
402 1358 564 1446 agebatur,
581 1358 723 1424 inducias
737 1381 856 1424 annuas
870 1359 911 1423 ab
927 1359 1006 1424 urbe
1019 1361 1208 1434 retulerunt.

153 1464 334 1508 neccarum
356 1444 493 1530 ipsarum
509 1457 616 1508 sancta
630 1445 707 1509 fides
720 1443 800 1509 fuit:
824 1445 911 1522 adeo,
927 1462 1093 1532 postquam
1110 1445 1207 1530 Papi-

152 1531 234 1594 rium
251 1531 351 1595 abisse
367 1531 554 1620 magistratu
566 1533 747 1596 nunciatum
763 1545 819 1607 cst,
834 1531 954 1597 adnecti
969 1532 1008 1596 nd
1025 1531 1206 1598 bellandum

152 1617 250 1680 animi
264 1631 346 1682 sunt.
393 1618 430 1684 C.
448 1617 598 1702 Sulpicio,
611 1619 650 1686 Q.
664 1617 797 1685 AEmilio
813 1613 989 1702 (⁹⁰Aulium
1005 1618 1134 1706 qnidam
1149 1639 1206 1684 arr·

152 1702 241 1770 naias
257 1703 389 1784 habeut)
412 1702 592 1770 consulibus
602 1702 620 1782 ¹,
634 1705 674 1768 ad
691 1703 897 1770 ‹iafectiouam
913 1705 1105 1771 Samnitium
1119 1709 1207 1790 Apu·

151 1788 217 1854 lum
235 1811 352 1854 novum
368 1790 484 1858 beilum
500 1791 638 1854 accessit.
678 1789 823 1874 Utroque
837 1791 991 1856 exercitus
1006 1791 1099 1856 missi.
1133 1790 1206 1856 sul-

148 1875 236 1958 picio
253 1879 421 1952 Samnites,
436 1876 533 1961 Apuli
554 1875 687 1941 AEmilio
709 1891 794 1942 sorte
815 1894 995 1943 evenerunt.
1041 1880 1134 1955 Sunt,
1150 1877 1206 1962 qui

150 1983 215 2026 uon
232 1963 307 2046 ipsis
323 1964 436 2048 Apulis
459 1963 574 2028 bellum
597 1962 739 2036 inlatum,
757 1963 811 2028 sed
832 1963 932 2029 socios
950 1966 1016 2051 ejus
1030 1965 1134 2051 gentis
1148 1986 1206 2048 po·

150 2048 243 2131 pulos
257 2049 299 2114 ab
315 2049 504 2114 Samnitium
521 2049 549 2112 vi
565 2061 658 2134 atque
669 2047 791 2135 injuriis
801 2049 945 2114 defensos
957 2051 1105 2116 scribant.
1144 2050 1206 2115 Ce-

148 2146 254 2199 terum
269 2134 397 2200 fortuna
413 2135 613 2212 Samnitium,
629 2135 680 2198 vix
696 2159 714 2198 a
730 2157 763 2198 se
778 2136 852 2219 ipsis
867 2158 905 2200 so
919 2151 1062 2221 tempore
1075 2136 1207 2222 propul-

151 2226 287 2286 santium
312 2220 439 2296 balium,
463 2221 595 2305 propius
619 2231 654 2284 ut
675 2221 716 2284 sit
738 2243 823 2298 vero,
844 2221 930 2299 iacit,
949 2244 1013 2286 non
1030 2222 1143 2307 Apulis
1165 2223 1206 2288 ab
1237 2251 1240 2258 ‚

151 2306 348 2373 Samnitibus
371 2329 460 2370 arma
479 2305 586 2384 inlata,
600 2306 655 2372 sed
670 2327 742 2370 cum
767 2321 899 2393 utraque
919 2308 1013 2372 simul
1032 2322 1126 2395 gente
1141 2307 1206 2374 bel-

148 2391 216 2458 lum
234 2393 388 2459 Romanis
403 2391 503 2458 luisse.
526 2415 585 2456 nec
600 2405 704 2456 tamen
726 2415 775 2457 res
796 2393 861 2456 ulla
883 2394 1095 2466 memorabilis
1116 2411 1203 2459 acta:
1302 2419 1305 2426 ¹

149 2501 228 2566 ager
242 2480 370 2564 Apulus
394 2481 622 2564 Samniumque
648 2491 838 2544 evastatum:
863 2478 968 2544 hostes
989 2501 1048 2544 nec
1070 2479 1131 2556 hic,
1147 2502 1206 2544 nec

147 2566 215 2630 iiiia
236 2566 366 2632 inventi.
413 2566 526 2630 Romae
546 2579 720 2630 nocturnus
747 2579 849 2632 terror
870 2566 914 2628 itu
928 2587 967 2630 ex
982 2585 1094 2630 somno
1108 2567 1205 2650 trepi-

148 2651 223 2718 dans
247 2667 377 2738 repente
401 2653 559 2716 civitatem
585 2651 711 2732 excivit,
735 2666 771 2714 ut
797 2651 990 2735 Capitolium
1014 2663 1109 2737 atque
1134 2673 1204 2728 arx,

147 2739 330 2826 moeniaque
357 2751 389 2804 et
417 2751 529 2822 portas,
553 2736 648 2823 plana
676 2748 869 2802 armatorum
898 2736 1025 2802 suerint.
1047 2750 1080 2802 et
1104 2759 1204 2823 quum
1253 2816 1257 2824 ι

42 2900 45 2908 ,
147 2843 374 2892 concursatum
386 2824 681 2909 conclamatumque
694 2823 735 2888 ad
755 2845 845 2888 arms
861 2824 1008 2888 omnibus
1022 2824 1099 2888 locis
1113 2837 1204 2900 esset,

147 2913 255 2998 prima
268 2911 338 2976 luce
354 2932 412 2976 nec
426 2923 546 2986 auctor,
562 2932 620 2974 nec
635 2931 744 2976 caussa
757 2910 887 2974 terroris
908 2910 1094 2994 comparuit.
1140 2908 1205 2974 Eo-

149 2999 223 3062 dem
238 3019 323 3064 anno
338 2995 378 3061 de
394 2996 583 3061 Tusculanis
599 2995 708 3062 Flavia
723 2998 891 3084 rogatione
911 2995 1021 3082 populi
1043 2995 1101 3062 fuit
1117 2995 1337 3082 judi-'tudinium

146 3083 244 3150 cium.
291 3083 339 3150 M.
359 3083 485 3164 Flavius
499 3081 643 3148 tribunus
657 3083 757 3169 piebis
768 3083 842 3148 tulit
852 3083 892 3147 ad
904 3083 1071 3169 populum,
1088 3097 1123 3148 ut
1136 3083 1161 3122 ⁹¹
1169 3083 1202 3148 in
1212 3073 1367 3186 ptumus·

147 3274 231 3390 cxi
238 3275 315 3322 Grau.
328 3273 396 3321 Cret.
493 3266 648 3327 incautius,
660 3273 761 3320 Auum
777 3272 873 3333 quidam
891 3271 984 3325 mab
1000 3273 1093 3330 Missi,
1106 3272 1136 3322 cri
1157 3280 1203 3322 etc.

180 3501 213 3548 90
228 3501 327 3548 Aulium
344 3501 438 3562 quitiam
453 3499 548 3546 rannus
563 3499 657 3563 munit]
690 3500 886 3550 mensuratus.
920 3502 1204 3563 Nonpomumustamen

146 3565 218 3620 Quod
240 3565 338 3626 quidem
359 3567 448 3622 vadus,
471 3577 515 3611 nac
536 3565 659 3610 immerito
690 3565 801 3610 assentiri
822 3564 966 3612 doctissimis
985 3567 1052 3621 uiris,
1068 3567 1110 3626 qui
1128 3573 1205 3612 totam

145 3629 258 3685 tomam,
289 3631 385 3677 videtur
423 3631 529 3690 Sigania,
563 3627 658 3689 Pugnis,
691 3629 754 3675 hanc
784 3629 949 3688 parenthesin,
979 3630 1079 3677 Aaiism
1111 3630 1205 3690 quidm

144 3695 285 3742 Groaosior
302 3701 356 3742 tum
373 3693 431 3754 quia
449 3694 489 3740 iric
505 3693 590 3740 consui
608 3693 659 3751 pis
692 3693 787 3740 aaut:
804 3693 895 3748 tumst,
912 3707 967 3754 quse
986 3696 1076 3754 ubique
1093 3701 1205 3749 castata

144 3757 660 3820 &mandabamqnumsntptctnascrss
692 3757 795 3804 Liviana
811 3763 879 3804 textu
899 3759 1038 3805 exturbant.
1071 3758 1123 3805 Nec
1145 3760 1205 3804 adeo

145 3823 276 3884 patricinae
294 3824 392 3870 AEmiiia
410 3830 491 3870 nutem
510 3835 570 3883 gens
587 3821 660 3881 parri·
692 3821 783 3868 mirum
802 3828 839 3868 ast
861 3821 959 3868 Liuium
982 3822 1024 3869 iric
1045 3823 1157 3869 hesitare
1178 3823 1204 3868 in

145 3890 184 3936 cia
205 3897 266 3942 erat,
286 3889 360 3934 Auiiu
376 3888 483 3948 plebeias
500 3893 554 3934 tum
573 3886 656 3946 quini·
688 3887 731 3935 iiia
747 3887 859 3940 nominas
882 3885 1135 3946 pmteaeissntsntias
1149 3899 1205 3945 qua

146 3953 195 4000 IX.
206 3963 276 4012 supp.
290 3952 328 4000 15.
340 3952 377 3998 lu.
390 3953 428 4000 22.
439 3959 465 3999 et
476 3951 514 3999 28.
526 3953 567 3998 ubi
576 3951 607 3997 de
615 3963 657 4000 eo·
690 3951 842 3998 seridmiiior
856 3951 902 4010 ipsi
918 3951 968 3996 siaa
978 3943 1024 4006 esi,
1035 3949 1088 3996 sine
1099 3950 1149 3996 uiis
1159 3950 1206 3996 du-

143 4019 201 4064 dem
229 4017 328 4064 homins
354 4017 444 4078 agitur,
467 4018 605 4076 campanm
633 4022 659 4061 st
690 4015 879 4063 bitationitnota
889 4015 1026 4061 auhausse.

145 4083 256 4137 Andreas
273 4093 393 4142 nusquam
413 4081 604 4136 AEmiiiswed
620 4081 659 4126 sei
723 4078 752 4124 ui
770 4075 1203 4142 IsTuscalonoa..qsonrsseunnnl

145 4145 282 4203 Aurelium,
293 4147 332 4192 vsi
349 4145 447 4202 Asiam,
459 4146 498 4191 uei
517 4144 609 4201 Altam,
620 4145 658 4189 vei
692 4145 722 4190 in
742 4143 902 4197 Tusculanos,
923 4155 971 4188 non
991 4139 1077 4190 omnes
1094 4141 1203 4204 quidam,

145 4209 245 4258 Aeliam
255 4211 360 4271 deumne
375 4211 479 4256 habente
497 4211 562 4256 unda
572 4208 660 4254 merito
690 4211 731 4254 aad
740 4209 765 4254 in
777 4207 832 4253 iiios
839 4219 933 4261 eornm,
942 4207 992 4254 sive
1000 4219 1030 4254 ex
1042 4207 1086 4264 sis,
1098 4217 1204 4266 quorum

143 4275 267 4338 colligitur
295 4274 394 4321 Livium
422 4275 460 4320 his
488 4274 547 4320 iocis
575 4285 659 4320 numa
690 4271 1033 4333 opeaceonaiiio..Soisnnis
1048 4271 1205 4319 eratiormu·

143 4340 268 4400 scripsi-e
278 4339 386 4390 Ausus».
419 4337 659 4397 cmissntiuntcspi·
692 4338 724 4392 ia,
744 4338 784 4400 qui
802 4348 888 4383 corum.
922 4335 1042 4397 Exampia
1062 4336 1117 4382 vids
1138 4335 1204 4394 sputi

145 4403 213 4451 toiini
226 4403 302 4462 Fasti,
315 4401 357 4450 nbi
372 4403 402 4448 ds
418 4398 471 4463 ejus
485 4408 562 4448 morte
574 4407 660 4463 agrrnt,
692 4410 803 4450 nmmum
823 4400 927 4448 XXiii.
941 4399 981 4450 26.
999 4408 1026 4449 et
1042 4397 1205 4452 XXVisffl.
