3032 4924
491 173 586 234 ars.
610 173 662 235 vr.
691 174 793 234 cae.
817 174 855 234 aa
1142 185 1202 252 ssa

132 333 252 413 luerat,
269 335 298 399 ei
313 333 534 400 decernuntur.
556 357 648 423 quam
673 357 752 401 uam
767 349 931 420 expertam
953 336 1236 411 exercituum-r.
1247 361 1273 410 n
1284 361 1342 414 aar.

136 435 328 508 auctumque
353 421 496 505 imperio,
512 426 564 508 qui
588 424 620 487 in
667 421 759 488 oiseis
778 435 856 499 erat,
871 420 988 500 mallet,
1003 421 1083 488 nibil
1105 429 1235 491 reon-A·
1247 425 1342 476 0³⁸³

136 507 236 572 sarit:
267 505 427 572 Valeriam
457 507 675 574 tantummodo
703 509 826 594 imperii
855 508 974 572 socium
1002 507 1195 596 depoposcit.

136 593 312 670 Quinctius
347 593 563 680 Horatiusque
591 595 817 660 ⁴⁰successores
846 594 975 659 Valerio
1010 595 1042 660 in
1076 597 1196 664 Volscis

136 681 237 745 missi.
284 679 420 744 Profecti
434 681 475 745 ab
490 681 568 746 urbe
584 681 726 746 Sutrium
744 681 857 746 Furius
871 694 904 745 et
918 681 1059 746 Valerius
1074 698 1196 767 partem

135 767 248 852 oppidi
266 767 332 852 jam
355 783 477 850 captam
500 766 541 831 ab
560 766 703 832 Etruscis
724 768 951 843 invenere;‚ex
973 781 1063 852 parte
1085 770 1195 854 altera,

133 853 315 937 interceptis
337 853 511 929 itineribus,
534 875 618 942 aegre
643 855 819 938 oppidanos
844 854 906 917 vim
933 853 1070 920 hostium
1095 858 1137 920 ub
1162 880 1196 924 se

134 951 289 1004 arcentes.
333 941 440 1009 Quum
459 939 595 1004 Romani
610 939 719 1004 auxilii
732 939 892 1018 adventus,
909 951 975 1004 tum
993 939 1118 1006 Camilli
1134 965 1194 1008 no·

133 1047 207 1088 mon
235 1023 472 1091 celeberrimum
495 1026 580 1110 apud
601 1026 706 1091 hostes
727 1028 900 1114 sociosque,
917 1041 949 1092 et
970 1027 1002 1091 in
1025 1029 1195 1112 praesentia

132 1133 202 1175 rem
217 1111 399 1176 inclinatam
415 1112 573 1192 sustinuit,
588 1124 620 1176 et
633 1112 769 1198 spatium
785 1110 826 1177 ad
848 1135 940 1198 opem
963 1111 1123 1178 ferendam
1139 1115 1194 1180 de·

133 1198 191 1262 dit.
238 1197 350 1298 Itaque
378 1197 478 1262 diviso
507 1197 658 1276 exercitu,
690 1198 841 1264 Camillus
871 1198 1034 1286 collegam,
1060 1222 1129 1264 eam
1158 1201 1192 1265 in

131 1297 256 1369 partem
279 1284 502 1348 circumductis
526 1284 633 1370 copiis,
649 1306 743 1371 qnam
769 1284 874 1350 hostes
896 1285 1057 1364 tenebant,
1077 1287 1204 1352 mueniav

133 1370 266 1458 adgredi
284 1369 384 1455 jubet,
401 1392 464 1434 non
481 1383 567 1436 tanta
588 1392 643 1455 epe
657 1371 747 1436 scalis
761 1370 831 1456 capi
854 1371 963 1437 urbem
978 1393 1080 1457 posse,
1096 1395 1191 1459 quarn

132 1469 177 1534 ut,
194 1459 312 1522 aversis
335 1479 374 1520 eo
397 1455 550 1538 hostibus,
571 1470 603 1521 et
627 1457 795 1542 oppidanis
815 1459 881 1542 jam
908 1457 1082 1544 pugnando
1107 1457 1193 1524 fessis

132 1541 298 1607 laxaretur
326 1541 426 1620 labor,
447 1558 479 1607 et
504 1544 572 1628 ipse
600 1545 733 1627 spatium
760 1542 898 1608 intrandi
924 1546 992 1608 sine
1021 1547 1193 1610 certamine

135 1629 252 1693 moenia
267 1628 409 1693 haberet.
453 1629 550 1706 Quod
565 1651 662 1715 quum
679 1628 772 1694 simul
795 1629 953 1716 utrimque
966 1629 1084 1695 factum
1099 1645 1192 1709 esset,

132 1737 311 1800 ancepsque
332 1729 435 1779 terror
450 1715 603 1780 Etruscos
625 1715 850 1794 circumstaret,
869 1731 902 1782 et
927 1715 1046 1781 moenia
1069 1739 1193 1783 summa

129 1801 162 1864 ri
177 1801 367 1890 obpugnari,
383 1813 416 1866 et
438 1801 520 1866 intra
543 1801 659 1866 muenia
682 1825 749 1867 esse
771 1801 891 1868 bostem
912 1802 1076 1882 viderent3
1098 1817 1192 1890 porta

132 1909 176 1967 sc,
191 1910 265 1975 qnae
289 1911 351 1952 nna
372 1887 452 1952 lorte
465 1909 530 1952 non
545 1887 757 1965 obsidebatur,
773 1887 887 1975 trepidi
912 1911 976 1954 uno
989 1891 1116 1977 agmine
1130 1891 1192 1978 eje·

132 1995 213 2040 cere.
260 1973 383 2060 Magna
404 1973 505 2038 credes
525 1973 712 2074 fugientium
728 1988 759 2039 et
779 1976 810 2039 in
827 1975 905 2040 urbe
919 1987 951 2039 et
965 1997 1022 2124 per
1037 1997 1130 2062 agros
1145 1990 1191 2042 est

131 2059 224 2125 lacta.
238 2059 345 2145 plnres
360 2083 379 2124 a
395 2059 539 2126 Furianis
560 2075 644 2124 rntra
667 2060 783 2124 moenia
802 2063 891 2126 cresi:
916 2061 965 2125 Va
978 2063 1076 2126 eriani
1092 2085 1191 2148 espe-

130 2145 261 2211 ditiores
275 2147 315 2211 ad
337 2168 409 2231 pers
451 2146 571 2211 nendos
586 2146 691 2221 fuere;
714 2167 773 2210 nec
787 2159 860 2212 ante
875 2160 1009 2224 noctem,
1027 2169 1099 2233 qnae
1114 2169 1191 2213 con-

130 2246 274 2318 spectum
290 2232 417 2310 ademit,
456 2253 527 2297 nem
548 2231 690 2297 credendi
713 2235 823 2297 iecere.
869 2233 977 2298 Sutrio
998 2245 1126 2319 recepto
1141 2255 1190 2298 re·

130 2319 303 2406 stitntoque
324 2320 424 2397 sociis,
443 2319 564 2404 Nepete
590 2319 744 2383 exercitus
765 2318 889 2396 ductus,
912 2317 998 2404 qnod
1021 2340 1079 2404 per
1100 2317 1189 2385 dedi·

129 2407 248 2470 donem
264 2421 426 2491 acceptum
438 2406 505 2490 jam
520 2419 620 2470 totum
639 2403 765 2469 Etrusci
782 2403 948 2468 habebant.

173 2491 221 2558 X.
237 2491 413 2557 Videbatur
426 2491 497 2576 plus
511 2491 543 2554 in
560 2515 597 2555 ea
608 2491 686 2555 urbe
697 2490 877 2576 recipienda
889 2490 1007 2556 laboris
1021 2490 1106 2569 fore3
1121 2515 1187 2559 non

129 2577 160 2642 in
177 2601 216 2642 eo
231 2578 345 2654 solum,
361 2579 445 2666 quod
461 2591 527 2643 tota
548 2576 685 2642 hostium
708 2591 785 2658 erat,
800 2577 853 2642 sad
876 2577 970 2640 etiam
987 2579 1081 2664 quod,
1095 2593 1187 2730 pprte

130 2665 361 2749 Nepesinorum
385 2664 539 2748 prodente
555 2664 723 2739 civitatem,
738 2662 818 2727 facta
839 2677 907 2728 erat
920 2663 1050 2728 deditio.
1136 2665 1335 2742 ittittenenre·

129 2751 234 2816 tdlnen
263 2750 302 2814 ad
332 2751 489 2835 principes
514 2771 622 2814 eorum
648 2749 777 2834 placuit,
803 2761 838 2813 nt
863 2763 1063 2814 secernerent
1087 2773 1120 2814 se
1144 2747 1290 2816 abripitur.

129 2836 290 2920 Etruscis,
316 2836 483 2923 iidemque,
511 2858 604 2921 quam
631 2835 841 2920 inplorassent
866 2835 906 2901 ab
934 2835 1099 2915 Romanis,
1124 2837 1186 2922 ipsi

128 2936 326 3010 praetereat.
374 2921 468 2989 Unde
492 2943 589 3008 quum
616 2943 799 3006 responsum
829 2921 968 2988 adlatum
992 2937 1081 3000 esset,
1105 2925 1187 2989 nihil

127 3031 189 3074 sace
196 3011 363 3094 potestatis
377 3031 446 3085 esse,
463 3009 607 3074 Etruscos
621 3011 731 3073 muenia
746 3011 954 3094 custodiasque
961 3020 1126 3094 portarum
1140 3021 1185 3076 te·

127 3119 198 3160 nere
205 3131 217 3170 ‚-
242 3095 346 3180 primu
365 3093 619 3181 populationibus
633 3093 701 3196 agri
718 3106 819 3161 terror
833 3109 881 3160 est
895 3095 1062 3182 oppidanis
1076 3097 1184 3160 admo-

127 3197 198 3248 tus:
227 3181 352 3258 deinde,
405 3197 548 3266 ostqnam
578 3179 757 3258 deditionis,
785 3203 878 3268 quam
907 3183 1074 3260 societatis,
1106 3181 1185 3248 fides

125 3270 266 3334 sanctior
287 3281 364 3345 erat,
379 3203 512 3332 iiscibns
534 3267 761 3331 sarmentorum
785 3288 826 3330 ex
848 3289 926 3353 agro
947 3268 1091 3346 conlutis,
1106 3268 1185 3333 duo·

126 3369 177 3420 tus
192 3355 235 3419 ad
257 3357 378 3420 moenia
391 3355 554 3430 exercitas,
569 3352 731 3438 completis
756 3373 794 3416 ue
816 3353 907 3416 fossis
926 3353 1020 3418 scalae
1034 3353 1184 3434 admotae,

126 3454 157 3506 ct
178 3441 317 3506 clamore
338 3439 442 3524 primo
463 3440 633 3525 inpetuque
657 3374 810 3523 oppidum
837 3439 969 3523 capitur.
1017 3437 1185 3523 Nepesinis

124 3528 200 3592 inde
228 3526 377 3604 edictum,
407 3539 441 3590 nt
466 3547 556 3590 arma
580 3540 718 3609 ponant;
741 3523 889 3609 parcique
911 3525 1033 3610 jussam
1058 3523 1183 3592 inermi.

126 3611 255 3678 Etrusci
277 3615 394 3698 pariter
415 3612 527 3676 armati
552 3626 646 3696 atque
667 3611 802 3674 inermes
824 3610 907 3675 cresi.
951 3609 1183 3694 Nepesinorum

148 3721 252 3786 noque
267 3697 412 3764 auctores
423 3697 591 3762 deditionis
603 3697 702 3762 securi
717 3697 871 3781 percussi:
888 3697 1027 3760 innoxiae
1041 3695 1184 3760 multitu·

125 3723 192 3852 dini
208 3785 342 3850 redditae
358 3807 416 3861 res,
433 3783 649 3870 oppidumque
664 3805 734 3846 cum
759 3781 906 3866 praesidio
921 3780 1076 3857 relictum.
1121 3783 1182 3860 lta,

125 3871 249 3936 duabus
264 3871 356 3936 sociis
371 3867 500 3936 urbibus
515 3893 555 3934 ex
575 3868 664 3932 hoste
681 3867 823 3952 receptis,
842 3868 990 3931 victorem
1005 3866 1182 3933 exercitum

124 3957 244 4024 tribuni
260 3979 333 4024 cnm
348 3981 461 4107 magpa
475 3956 579 4043 gloria
596 3955 727 4019 Romam
745 3953 947 4017 reduxerunt.
988 3951 1111 4018 Eodem
1127 3975 1182 4016 aa·
1192 3972 1214 4016 Α
1224 3969 1317 4020 mnata

125 4067 168 4110 no
189 4046 231 4110 ab
254 4043 379 4108 Latinis
432 4043 608 4128 ernrcisque
631 4063 680 4106 res
701 4039 852 4124 repetitas,
869 4040 1109 4153 quaesitumque,
1125 4033 1335 4158 surgentum-n·

111 4205 114 4214 ,
155 4215 189 4264 4ο
213 4215 356 4264 Sarranum
384 4213 474 4260 l'aIerr'a
500 4213 524 4258 br
556 4211 640 4258 Valeria
675 4209 777 4256 Vulroerr
803 4207 924 4268 quomodo
948 4207 1014 4254 dedi,
1036 4171 1283 4270 mmmm*

124 4283 200 4347 aum]
223 4281 334 4340 intellige
359 4277 457 4336 Valeria,
477 4277 518 4337 qni
540 4283 591 4323 erat
614 4280 639 4320 ἐπ
670 4271 981 4322 etserratVlctor.codex.

127 4347 221 4394 Valeria.
256 4345 346 4392 Melius
368 4351 449 4390 nmen
473 4343 592 4388 rideretur
614 4343 639 4387 br

714 4410 803 4466 aab
