2978 4918
449 229 545 294 ara.
566 233 607 293 11.
633 227 736 294 cnr.
755 227 838 293 xvr.
1128 233 1174 330 'oo

110 395 151 462 tia.
193 395 336 462 Curatis
356 396 552 475 vulneribus,
568 397 621 462 alii
643 397 774 486 proiecti
796 393 920 476 domos,
937 395 1044 462 nuncii
1065 397 1174 484 hospi-

111 483 208 550 talium
238 483 495 550 beneficiorum.
540 483 663 549 Multos
691 483 804 549 Roma
833 483 993 570 hospitum
1022 483 1174 570 urbisque

110 574 212 636 caritas
227 571 349 636 tenuit.
374 569 424 634 his
446 573 532 635 locus
547 572 586 636 ad
609 569 816 636 habitandum
831 570 933 647 datus,
949 592 1043 657 quem
1058 571 1174 637 deinde

31 712 33 725 .
114 658 231 722 mmm
248 661 353 722 uicum
369 657 581 741 adpellarunt.

147 743 225 809 XV.
248 743 278 783 ⁸⁸
295 743 337 809 P.
358 743 525 810 Lucretius
546 742 620 808 inde
634 757 665 808 et
683 742 719 807 P.
735 743 880 808 Valerius
897 743 1082 811 Publicola·
1096 761 1250 810 con-11.c.
1262 761 1317 810 247.

110 833 186 896 soles
200 829 292 896 facti.
341 829 393 894 Eo
408 852 491 896 anno
506 845 699 915 postremum
715 829 811 917 legati
826 854 845 895 a
862 829 1003 895 Porsena
1016 830 1057 895 dc
1078 829 1213 897 redu-A·
1226 829 1253 875 0
1263 826 1319 874 ⁵⁰⁵

109 917 205 982 oendo
220 917 255 981 in
271 939 413 1006 regnum
427 917 604 1002 Tarquinio
619 928 785 980 venerunt.
801 916 914 1003 quibus
930 939 1028 1003 quum
1045 940 1174 1004 respon-

109 1024 175 1068 surn
191 1016 289 1082 esset,
303 1004 474 1068 missurum
490 1004 531 1068 ad
554 1025 659 1092 regem
675 1016 817 1067 senatum
836 1002 847 1066 l
889 1017 956 1068 atos
965 1029 974 1082 ;
998 1005 1084 1068 missi
1098 1028 1175 1070 con·

32 1095 33 1170 ᾗ
108 1089 210 1155 testim
242 1089 511 1156 honoratissimus
546 1093 679 1176 quisque
707 1112 745 1154 ex
776 1089 860 1154 Patri
885 1113 932 1154 us.
984 1091 1069 1168 Non,
1099 1094 1175 1176 quin

29 1204 32 1267 y
107 1176 241 1242 breviter
253 1177 348 1242 reddi
368 1197 540 1261 rasporuum
557 1177 707 1259 potuerit,
722 1197 783 1240 non
795 1178 896 1260 recipi
915 1199 1010 1262 reges,
1027 1179 1095 1242 ideo
1116 1201 1175 1260 po·

108 1266 169 1328 tius
190 1265 322 1328 delectos
336 1265 471 1330 Patrun
493 1265 537 1326 ad
558 1285 623 1326 eccm
646 1265 762 1342 missos,
777 1283 867 1348 quan
890 1265 1001 1348 legatis
1026 1262 1089 1347 ejus
1108 1265 1176 1328 Ro-

108 1371 165 1414 aa
190 1352 321 1414 daretur
344 1371 542 1433 responsum.-
571 1350 625 1413 sed
651 1359 685 1412 ut
714 1350 747 1412 in
770 1359 952 1431 perpetuum
977 1352 1090 1414 mentio
1114 1350 1177 1436 ejus

109 1438 157 1499 rei
166 1437 335 1518 finiretur,
353 1457 414 1499 παι
433 1437 465 1500 in
487 1437 585 1500 tontis
607 1436 717 1498 mutuis
738 1435 888 1517 benficiis
909 1437 943 1499 in
965 1438 1056 1500 vicem
1077 1439 1179 1502 animi

107 1525 378 1587 tollicitcrcntur:
412 1543 500 1606 quum
529 1523 583 1584 ille
604 1529 734 1604 peteret,
764 1523 845 1604 quod
871 1532 979 1586 contra
1006 1522 1178 1588 libertatem

102 1612 217 1692 populi
239 1609 381 1674 Romani
402 1618 493 1680 esset,·
518 1607 664 1684 Romani,
685 1608 748 1670 nisi
770 1609 803 1670 in
821 1609 993 1690 perniciem
1014 1632 1098 1674 nram
1116 1609 1178 1694 sa·

109 1697 182 1760 ciles
203 1717 267 1759 esse
287 1697 413 1773 vellent,
428 1703 585 1780 negarent,
604 1695 655 1756 cui
675 1694 757 1756 nihii
776 1703 916 1778 negatum
938 1697 1059 1760 uellent.
1104 1696 1179 1760 Non

110 1783 144 1844 ia
161 1803 262 1867 regno
282 1783 432 1864 populum
447 1781 628 1857 Ηοπιαηιιηι,
642 1780 697 1843 scd
717 1781 750 1843 in
770 1779 913 1844 libertate
931 1804 1002 1847 esce.
1025 1784 1071 1847 ita
1088 1785 1178 1847 indu·

109 1871 191 1934 cisse
214 1871 251 1933 in
274 1869 421 1946 animum,
436 1865 568 1931 hostibus
583 1867 698 1948 potira,
713 1887 803 1950 quom
818 1867 948 1951 regibus,
957 1879 1071 1951 portas
1087 1879 1179 1952 potc-

97 1955 223 2036 sacere.
269 1956 439 2020 Ecm'esse
459 1955 641 2018 uoluntatem
663 1953 803 2030 omnium,
819 1963 862 2029 ut,
885 1956 939 2038 qui
958 1955 1100 2020 libertati
1118 1959 1181 2020 crit

111 2043 144 2105 in
167 2043 228 2105 illa
250 2041 325 2104 urbe
339 2041 436 2124 finis,
459 2041 537 2104 idem
563 2037 634 2102 urbi
657 2039 708 2102 sit.
750 2041 901 2119 Proinde,
922 2043 962 2104 εἰ·
975 2041 1092 2106 saluom
1117 2063 1181 2108 csse

110 2130 201 2192 uellet
216 2129 360 2202 Romam,
383 2136 418 2190 ut
437 2128 586 2208 potiatur
606 2123 734 2188 liberam
755 2147 828 2204 esse,
842 2148 943 2192 orare.
991 2128 1076 2206 Rex,
1092 2151 1180 2194 verc-

110 2214 232 2279 eundia
253 2215 366 2290 rictus,
388 2211 520 2284 Quando
546 2212 582 2274 id
603 2221 715 2275 certum
741 2222 832 2296 atque
856 2211 1039 2278 obstinatum
1061 2227 1116 2291 cst,
1132 2215 1181 2279 in-

109 2302 190 2387 quit,
208 2321 307 2386 nequa
320 2320 376 2384 ego
390 2298 552 2362 obtundam
566 2299 677 2381 sepius
695 2299 800 2361 cadent
821 2301 1024 2382 nequidquam
1038 2305 1179 2386 agendo.-

111 2409 165 2452 nec
193 2386 386 2472 Tarquinios
403 2406 457 2467 spe
478 2385 602 2460 ausilii,
617 2385 699 2468 quod
719 2385 833 2447 nullum
856 2387 889 2448 in
911 2406 957 2448 mc
978 2387 1182 2470 confirma·

110 2473 174 2539 bor.
221 2473 330 2538 Alium
351 2471 434 2546 hinc,
450 2492 501 2534 seu
521 2469 599 2534 bello
619 2482 761 2552 spurcat,
776 2491 828 2533 seu
850 2471 960 2554 quiete,
976 2472 1085 2535 exsilio
1099 2493 1183 2556 quoe-

109 2570 185 2624 rcnt
203 2561 313 2634 locum,
329 2579 368 2622 nc
385 2557 462 2642 quid
474 2578 569 2620 meam
588 2556 734 2621 vobiscum
750 2577 859 2638 pacem
874 2558 1033 2622 distineat.
1078 2557 1183 2623 Dictis

111 2639 195 2712 facta
212 2645 368 2712 amiciora
388 2641 513 2728 adjecit.
535 2641 681 2706 obsidum
697 2640 782 2729 quod
805 2641 960 2729 reliquum
983 2655 1061 2720 erat,
1078 2643 1183 2708 reddi·
1256 2649 1258 2658 “

111 2731 168 2797 dit.
191 2753 310 2820 agrum
326 2728 504 2807 Veientem,
523 2727 644 2794 foedere
663 2727 703 2790 ad
718 2727 900 2792 ianiculum
925 2731 988 2794 icto
1010 2729 1182 2812 ademtam,

112 2818 263 2886 restituit.
307 2813 514 2903 Tarquinius,
536 2837 592 2896 spe
613 2814 700 2878 omni
724 2813 844 2880 reditus
873 2816 981 2894 incisa,
1003 2817 1339 2898 exsulatumruqutuu·

112 2906 152 2971 ad
167 2925 326 2991 generum
341 2899 526 2968 Mamilium
543 2899 713 2966 Octavium
730 2899 907 2966 Tusculum
928 2903 1017 2969 abiit.
1062 2901 1326 2976 Roma-'limilum

115 2995 164 3057 nis
178 3015 246 3078 pax
262 2991 328 3055 fida
342 2989 387 3055 ita
401 3009 475 3053 curn
493 2987 634 3052 Porsena
647 2984 716 3052 fuit.
971 3009 976 3020 =
1190 2966 1340 3079 ffffium

156 3079 249 3146 XVI.
272 3077 300 3117 ⁸⁹
310 3073 486 3142 Consules⁰
501 3073 552 3140 M.
569 3073 725 3150 Valerius,
740 3073 778 3138 P.
795 3073 989 3144 Postumius.
1033 3079 1084 3146 Eo
1098 3095 1223 3146 annoti.
1234 3096 1261 3144 c.
1273 3095 1330 3143 249.

115 3163 196 3232 bene
211 3175 393 3252 pugnatum
407 3183 480 3226 curn
499 3161 635 3226 Sabinis.
657 3160 801 3226 consules
817 3163 1063 3248 triumpharunt.
1110 3161 1223 3232 Man*-
1234 3161 1261 3209 c*
1273 3159 1331 3208 ⁵⁰3·

112 3253 181 3338 jore
195 3251 274 3319 inde
291 3249 376 3315 mole
392 3247 503 3314 Sabini
525 3247 643 3312 beilum
665 3249 831 3333 parabant.
853 3250 1003 3317 adversus
1018 3276 1083 3334 eoa,
1099 3265 1186 3320 etue

118 3340 193 3426 quid
208 3337 306 3404 simul
321 3336 362 3402 ab
378 3333 523 3400 Tusculo
538 3333 647 3420 (unde,
664 3334 721 3397 etsi
742 3356 807 3397 non
830 3351 986 3420 apertum,
1003 3353 1187 3422 suspectum

117 3437 222 3494 tamen
243 3423 365 3491 bellum
380 3423 475 3501 erat)
489 3421 645 3506 repentini
668 3421 800 3504 periculi
821 3424 969 3505 oriretur,
987 3425 1024 3490 P.
1041 3425 1226 3491 Valeriusu.
1239 3443 1333 3491 urso.

120 3526 276 3598 quanam,
293 3511 335 3576 T.
352 3508 519 3574 Lucretius
533 3507 648 3572 iterum
666 3508 811 3571 consules
824 3507 910 3574 facti.
957 3511 1088 3591 seditio,
1104 3509 1226 3578 inter*-
1239 3507 1332 3556 0⁶⁰²·

122 3599 190 3664 belii
215 3599 371 3688 pacisque
397 3608 544 3659 auctores
570 3608 641 3658 orta
665 3593 698 3656 in
727 3591 863 3673 Sabinis,
887 3595 1085 3683 aliquantum
1113 3599 1188 3664 inde

123 3687 229 3752 Vitium
246 3681 416 3752 manatulit
431 3679 472 3745 fld
489 3681 663 3744 Romanos·
685 3701 822 3767 namque
839 3687 956 3747 Attus⁹
972 3684 1118 3762 Clausus,
1135 3687 1272 3752 cuinam
1323 3715 1325 3722 ¹

123 3786 225 3858 postea
239 3776 307 3862 Ap.
326 3766 470 3837 Claudio
482 3765 542 3832 fuit
559 3766 673 3831 Romae
687 3787 814 3845 nornen,
831 3789 904 3833 curn
925 3771 1011 3856 pacis
1030 3771 1098 3858 ipse
1111 3767 1357 3882 construamus&

1195 3847 1265 3882 mam

185 3941 385 3996 ”amerstein
396 3933 556 3986 Gramcrev.
632 3935 882 3988 eadmmffl
948 3944 961 3984 ρ
973 3940 1032 3990 Am
1043 3941 1111 3990 Μ
1195 3900 1269 3962 fugit.

137 4133 169 4186 ὕ
194 4135 231 4184 P.
250 4119 402 4186 amatu]
447 4121 579 4196 Dionysius
616 4128 642 4170 et
706 4121 738 4170 89
756 4121 865 4170 conada
881 4121 973 4189 Made]
995 4125 1119 4174 omissum
1143 4125 1193 4182 hic,

109 4203 232 4265 niptoeea
265 4199 401 4246 fastorum
436 4185 567 4258 Puincolae
595 4193 642 4234 m.
675 4199 721 4262 nu·
740 4187 904 4248 nuntiorum,
930 4202 974 4236 stu
1003 4191 1105 4237 summ
1131 4189 1194 4238 [M

106 4267 163 4316 ὑπ’
180 4265 282 4318 mun
303 4255 440 4316 ⁶⁰u⁶3⁹⁴m
456 4249 642 4316 chunguntM.
675 4253 752 4312 59⁸¹OE
778 4252 880 4309 intutu,
908 4267 953 4314 ptr
978 4255 1122 4303 eoumtumz
1152 4251 1194 4313 Sp.

104 4333 233 4386 mum
246 4333 361 4378 imm·
677 4317 784 4370 11111118,
795 4315 827 4365 Τ.
841 4317 990 4368 Herminius.

771 4389 782 4417 l
