3056 4928
401 231 494 292 LIB.
517 229 602 292 VIII.
629 233 688 290 CA
700 229 734 290 I'.
753 229 885 292 XXXII.
1119 237 1177 291 485

108 397 184 460 nori
198 397 337 472 censerit,
353 419 412 480 qua
428 407 599 482 pugnatum
619 400 741 462 dolcat:
764 409 794 461 et
808 383 880 460 libe
893 397 1015 460 invidia
1035 395 1318 478 impedientem
1356 433 1359 442 ·

108 485 252 545 viennam
280 485 413 548 olintum
438 486 574 559 voluisse,
601 473 862 568 cupidissimisque
885 505 973 546 orma
1002 476 1317 548 consummi-⁰³²2

97 567 203 652 fluisse
228 569 384 645 militibus,
408 591 455 645 ne,
478 591 509 634 se
533 570 664 646 absente,
686 572 800 634 nonai
816 579 962 651 possent:
985 578 1015 632 et
1038 571 1176 632 nuncid

96 653 221 735 firrere,
239 656 274 716 id
294 675 375 738 agre
389 658 473 737 poti,
489 659 570 739 quod
584 659 650 720 sine
664 656 705 720 L.
721 657 867 738 Papirio,
884 675 942 718 non
959 657 1096 732 inermes,
1112 677 1173 718 non

107 741 210 802 manci
223 741 337 804 milites
344 741 483 824 fiterint,
499 743 580 826 quod
599 764 630 806 se
647 741 690 817 Q.
704 742 819 805 Fabius
844 744 1020 826 magistrum
1041 744 1173 826 equitnm

109 827 244 900 ducerit,
265 847 302 888 ac
324 847 385 890 non
409 849 562 892 acceasrtm
588 830 757 892 dictatoris.
804 829 888 902 Quid
909 829 998 890 illum
1009 829 1172 910 fizctrrrum
1247 901 1250 907 ¹

95 909 212 992 fluisse,
227 913 265 987 si,
281 915 362 995 quod
374 913 448 976 belli
461 913 676 998 cessissemus,
693 914 843 998 Marsque
857 916 1026 988 communis,
1042 916 1172 978 adversa

102 1015 221 1080 pugna·
239 1000 402 1070 evenisset,·
432 1001 487 1084 qui
506 1000 576 1076 sibi,
600 1001 725 1063 devictis
748 999 891 1075 hostibus,
918 1000 1074 1082 republica
1099 999 1172 1064 bene

103 1092 201 1164 gesta,
213 1085 261 1146 ita
276 1093 310 1148 ut
323 1105 384 1147 non
394 1086 434 1148 ab
448 1087 503 1149 illo
514 1089 603 1148 unico
614 1088 688 1148 duce
701 1088 806 1149 melius
816 1087 888 1170 geri
896 1087 1042 1166 potuerit,
1053 1089 1171 1168 suppli

107 1170 184 1230 cium
203 1171 351 1254 magistro
364 1173 496 1254 equitum
517 1173 674 1235 minetur?
698 1171 806 1256 Neque
820 1173 904 1234 illum
919 1173 1065 1255 magistro
1086 1175 1170 1254 equi*

107 1263 169 1316 tum
194 1256 392 1339 infimiorem,
410 1267 498 1341 quam
521 1253 653 1322 tribunis
677 1258 816 1333 militum,
832 1265 921 1340 quom
936 1259 1169 1336 centurionibus,

107 1361 195 1422 qtmm
210 1343 361 1406 militibus
370 1364 441 1406 esse.
456 1345 485 1406 si
492 1345 601 1426 possit,
615 1345 649 1406 in
663 1364 762 1406 omnes
775 1339 1073 1426 saeoitnrumsuisse:
1096 1347 1170 1427 quio
1185 1343 1188 1350 ’

107 1427 142 1488 id
153 1437 295 1510 nequeat,
309 1431 344 1491 in
357 1449 446 1492 anum
461 1432 577 1493 saeoire.
600 1431 707 1492 Etiam
720 1429 881 1507 invidiam,
892 1437 1044 1512 tamquam
1059 1431 1168 1514 ignem,

106 1531 218 1576 mmma
227 1523 338 1597 petere
342 1549 353 1587 ,·
372 1517 406 1578 in
419 1525 511 1597 caput
521 1516 651 1590 canalii,
666 1517 700 1578 in
711 1517 812 1577 ducem
824 1516 986 1578 incurrere.
1002 1515 1031 1578 si
1041 1537 1072 1579 se
1082 1518 1171 1580 simul

106 1618 168 1661 arm
178 1601 288 1684 gloria
302 1603 351 1663 rei
360 1611 455 1686 gesta
468 1603 670 1676 exstruxisset,
685 1597 757 1664 tunc
770 1603 921 1676 victorem,
938 1601 1018 1663 uelut
1033 1603 1066 1664 in
1081 1612 1170 1684 capto

105 1686 239 1749 exercitu
254 1687 468 1772 dominantem,
481 1688 631 1770 quidquid
643 1688 765 1750 timorit
775 1689 809 1749 in
824 1687 971 1770 magistro
981 1689 1122 1769 equitum,
1136 1689 1170 1750 in

106 1771 253 1835 militibus
274 1793 428 1837 cummim.
472 1775 612 1836 Proinde
626 1775 764 1849 adessent
786 1773 821 1835 in
841 1793 896 1836 suo
918 1793 1024 1836 caussa
1039 1775 1169 1838 omnium

106 1855 255 1922 libertati.
278 1859 315 1922 Si
328 1879 498 1922 comensem
513 1860 660 1921 erercitus
674 1859 814 1942 aemdem,
824 1860 879 1941 qui
892 1861 925 1920 in
935 1861 1050 1939 pratia
1050 1859 1169 1944 firmil,

108 1941 140 2003 in
154 1947 268 2006 terenda
283 1947 414 2007 victoria
430 1947 543 2020 uideat,
559 1955 588 2007 ct
601 1946 726 2008 salutem
741 1946 832 2008 unius
847 1943 982 2008 omnibus
995 1966 1077 2008 cura
1090 1967 1168 2018 osse,-

109 2027 325 2093 imclinaturum
340 2033 384 2092 ad
396 2032 613 2094 clementiorem
627 2031 807 2093 sententiam
824 2032 967 2093 animum.
1014 2032 1171 2095 Postremo

107 2133 137 2175 se
161 2117 256 2194 citam
274 2116 483 2200 fortunasque
506 2137 577 2179 suas
606 2117 726 2178 illorum
741 2117 827 2196 ‚fita
850 2117 1017 2198 uirtutique
1039 2109 1170 2199 permit-

109 2207 180 2263 tere.

149 2286 300 2352 XXXII.
318 2287 449 2352 Clamor
459 2311 477 2352 e
488 2298 555 2353 tota
565 2288 717 2352 concione
728 2299 827 2365 ortus,
838 2287 884 2352 uti
897 2287 1015 2351 bonurn
1027 2291 1169 2354 animum

108 2367 255 2438 haberet:
280 2375 437 2438 neminem
452 2375 497 2438 illi
513 2376 575 2438 νίκη
593 2375 782 2448 adlaturum,
799 2375 890 2438 salvis
911 2374 1086 2460 legionibus
1103 2376 1170 2440 Ro·

108 2459 216 2524 manis.
263 2459 365 2524 Haud
381 2461 481 2525 multo
503 2474 574 2546 post
587 2461 724 2525 dictator
738 2459 882 2524 advenit:
906 2459 1097 2546 classicoque
1112 2483 1170 2525 ex·

109 2541 225 2626 templo
239 2545 280 2610 cd
296 2547 481 2611 concionem
503 2547 676 2611 mlvocevit.
699 2545 796 2622 Tum,
813 2547 937 2611 silentio
955 2548 1048 2622 Iacto,
1063 2569 1170 2631 praeco

109 2627 147 2696 Q.
165 2629 299 2696 Fabium
316 2633 657 2720 magistrumequitum
673 2633 789 2698 citavit.
805 2631 859 2718 qui
874 2633 966 2695 sImoI
988 2653 1028 2695 ex
1043 2631 1170 2696 inferio·

109 2733 141 2775 re
165 2715 235 2782 loco
258 2720 298 2781 cd
324 2719 464 2783 tribunal
487 2723 626 2796 accessit,
650 2733 717 2783 tum
743 2718 888 2796 dictator,
910 2718 1033 2794 Quare,
1054 2720 1308 2804 inquinamus

107 2801 144 2862 de
157 2811 195 2880 te,
214 2803 361 2881 mnan,
379 2825 466 2890 quum
489 2826 629 2868 nummum
650 2807 807 2888 imperinm
830 2807 991 2868 dictatoris
1009 2808 1062 2880 sit,
1073 2805 1168 2888 pare·
1177 2805 1295 2914 ffiffissd

109 2895 218 2972 ontque
232 2893 263 2954 ei
275 2889 452 2967 ”munna
468 2894 556 2976 regio
572 2901 717 2974 potestas,
727 2901 878 2973 pretores
893 2893 998 2954 iisdem
1013 2893 1169 2974 auspiciis,
1207 2869 1255 2916 ’Β

105 2973 211 3052 ¹quibus
238 2978 382 3053 conmles,
412 2979 528 3049 oreati‚·
555 2997 671 3060 eequnm
699 2997 830 3054 remeas,
859 2998 962 3052 necne,
990 2980 1167 3062 magistrum

108 3062 237 3139 equitum
251 3064 334 3127 dicto
354 3065 528 3126 audientem
542 3067 628 3126 esse?
651 3061 786 3147 Itemque
800 3065 879 3126 illud
898 3064 1062 3147 interrogo,
1079 3085 1168 3147 quum
1258 3112 1261 3120 .

109 3161 152 3204 me
171 3147 297 3212 incertis
317 3151 465 3232 auspiciis
485 3148 652 3233 profectum
671 3150 712 3211 ab
733 3151 819 3211 dorm
839 3151 954 3224 sciren,
971 3159 1072 3214 utrum
1091 3151 1169 3214 mibi

107 3231 236 3297 turbatis
249 3235 451 3316 religionibus
463 3234 644 3316 respublica
659 3235 693 3297 in
705 3236 866 3298 discrimen
876 3237 1087 3298 committenda
1088 3236 1165 3320 fite·

108 3315 160 3392 rit,
175 3339 215 3380 an
231 3322 370 3403 auspicia
385 3323 561 3403 repetenda,
572 3341 610 3382 ne
623 3321 700 3403 quid
712 3319 808 3383 dubiis
818 3321 895 3385 Diis
908 3328 1054 3406 egerant
1070 3323 1168 3388 Sinnul

109 3397 193 3478 illud,
209 3427 278 3488 qua
290 3408 439 3471 dictatori
452 3407 563 3492 religio
577 3406 782 3488 inpedimento
791 3407 835 3468 ad
846 3427 908 3469 rem
919 3409 1165 3492 gerendamfue·

109 3485 159 3560 rit,
176 3509 244 3554 num
261 3514 298 3556 ea
318 3495 464 3578 magister
479 3493 611 3576 eqttitum
631 3493 745 3554 solutus
762 3513 800 3553 oc
818 3491 897 3554 liber
915 3497 1055 3574 potuerit
1076 3499 1164 3559 esse?

107 3565 199 3638 ⁷³Sed
212 3579 288 3660 quid
311 3599 366 3662 ego
386 3580 450 3641 lnec
468 3580 649 3660 interrogo?
672 3597 770 3660 mmm,
786 3578 815 3640 si
828 3597 884 3660 ego
897 3580 1009 3641 tacitus
1027 3580 1163 3659 abissum,

107 3662 204 3723 tamen
218 3664 278 3727 tibi
292 3667 335 3727 ad
354 3667 520 3730 uoluntatis
538 3664 819 3746 interpretationem
839 3683 912 3724 mea
928 3664 1092 3748 dirigenda
1109 3677 1164 3730 tna

107 3749 372 3834 sententiafiurit.
421 3751 504 3826 Quin
518 3759 552 3814 tu
565 3751 737 3832 respondes,
747 3749 938 3824 vetuerimne,
954 3758 984 3811 te
997 3751 1163 3834 quidquam

139 3995 189 4042 '12'
199 4001 316 4062 Consum,
337 4007 402 4066 regia
422 4005 534 4068 patented
559 4005 615 4052 th.
648 4011 685 4058 ut.
696 4003 791 4052 etiamn
807 4013 853 4062 ego
863 4003 954 4053 ,tumtun
968 4002 1080 4054 abissum,
1092 4015 1120 4047 ec
1132 4004 1162 4048 ti·

108 4063 155 4103 ¹¹⁰2·
166 4063 190 4109 9.
200 4067 230 4111 cd
243 4067 289 4116 tv.
300 4069 324 4118 2.
334 4082 414 4128 supra.
648 4070 673 4116 bi
683 4065 821 4128 conjecturs
837 4066 1012 4126 investigando.
1024 4071 1048 4112 ct
1059 4067 1090 4112 sd
1106 4075 1161 4112 cnm

137 4121 169 4170 78
183 4127 357 4194 Scdqnttego]
372 4133 447 4186 Quasi
458 4135 616 4181 dtoentesed
648 4131 773 4192 dirigende
796 4130 916 4176 autenm
938 4137 981 4176 tus
1002 4129 1091 4184 merim
1117 4141 1161 4178 nse
1226 4153 1246 4180 4

106 4185 161 4240 ΨΜ
176 4203 224 4251 ego
237 4199 262 4241 te
278 4197 309 4243 nd
324 4197 522 4256 ffloeepttnoucn
540 4198 615 4258 Ipsius
647 4195 747 4258 proinde
757 4195 888 4254 quidquem
900 4195 932 4240 nd
946 4201 971 4240 te
983 4194 1103 4252 ροτῑὶιιααι
1112 4195 1161 4242 dis·

106 4248 139 4302 ¹9¹
155 4265 222 4315 vm,
234 4272 311 4319 quum
327 4275 384 4321 que
400 4267 480 4321 pestes
496 4275 544 4310 non
560 4262 615 4309 elin
635 4260 745 4322 quintin
779 4271 864 4306 mum
902 4259 1035 4315 retianum,
1064 4265 1163 4319 propter

106 4310 161 4370 '¹¹¹2'
177 4332 253 4378 quam
267 4331 295 4371 ut
311 4337 409 4385 pernes
427 4339 504 4385 quum
519 4327 554 4374 Ita
571 4327 615 4374 nu
647 4337 707 4388 quus
717 4338 732 4371 ι
743 4337 825 4385 pugne
834 4323 1005 4372 tantimodum
1015 4322 1103 4370 suem.

106 4377 214 4431 vunnu·
227 4399 283 4437 caes
301 4401 346 4450 pso
362 4389 414 4450 Iege
428 4401 479 4437 esse
495 4391 615 4449 debuerit,
719 4453 726 4466 ·
