2986 4930
335 194 386 254 n·
708 164 839 259 riri
864 190 1001 258 ιιιιι
1022 205 1069 262 s·

334 353 486 430 vitutum,
501 356 528 394 ⁹⁰
538 355 564 417 si
579 355 639 418 alin
655 355 768 422 desint.
792 357 802 394 ¹
817 359 883 424 Silii
902 373 976 422 vero
997 369 1121 446 gratum
1142 353 1312 420 adamatum
1324 349 1396 438 q'ut'

335 463 420 506 esse:
444 439 648 527 futurumque
663 443 791 508 credere
814 445 911 520 brevi,
929 462 972 520 ut,
991 447 1045 508 iliu
1064 443 1243 528 adjuvante,
1258 439 1297 504 ab
1318 461 1384 524 pot·

338 527 377 596 tis
394 527 528 590 Gabinis
543 527 600 592 sub
617 528 765 594 Romana
781 531 897 594 nicenis
912 530 1028 598 bellum
1044 529 1260 594 transferatur.

175 629 229 708 see.
240 629 299 706 rn-
384 612 474 678 LIV.
497 613 577 678 lnde
591 615 623 678 in
639 615 816 682 'concilia‘
831 616 957 702 publica
980 616 1133 682 adhiberi.
1156 615 1222 690 ubi,
1238 631 1332 700 quum
1349 608 1387 674 dc

173 695 314 756 qnnnuoit,
339 698 408 766 aliis
433 699 528 764 rebus
553 700 710 766 adsentire
738 727 771 768 se
796 703 952 768 veteribus
978 703 1113 768 Gabinis
1134 701 1261 774 diceret,
1281 695 1388 783 quibus

339 785 390 852 lias
412 787 551 851 notiores
572 802 687 868 essent,
702 789 768 874 ipse
787 789 970 854 idemtidem
993 789 1065 854 belli
1088 802 1199 854 auctor
1219 807 1294 858 esses
1310 785 1341 846 5¹¹
1353 803 1388 846 00

338 873 397 936 sibi
411 872 631 958 ³praecipuam
653 874 854 960 prudentiam
869 875 1043 952 misumere,
1060 874 1147 961 quod
1163 873 1325 954 utriusque
1337 889 1388 952 po·

337 959 404 1044 puli
419 959 500 1024 vires
522 974 637 1042 nosset,
652 962 808 1050 sciretque
830 962 961 1026 invisam
984 960 1129 1046 proiecto
1149 958 1327 1045 superbiam
1346 976 1390 1018 re*

338 1046 423 1128 piam
438 1046 559 1114 civibus
578 1070 656 1124 esse,
672 1069 767 1133 quam
791 1047 871 1112 ferre
894 1069 934 1112 ne
955 1046 1045 1112 liberi
1062 1047 1188 1132 quidem
1212 1044 1390 1130 potuissent.

339 1131 390 1200 lta
404 1154 502 1219 quum
525 1133 639 1198 sensim
664 1134 704 1200 nd
727 1134 945 1206 rebellandum
967 1134 1121 1219 primores
1137 1132 1331 1198 Gabinorum
1347 1127 1391 1190 iu·

338 1220 460 1295 citaret,
477 1219 544 1305 ipse
557 1241 631 1284 cum
652 1220 870 1304 promtissimis
886 1223 1041 1306 juvenum
1063 1219 1242 1304 praedatum
1258 1229 1348 1302 etque
1363 1213 1391 1276 in

338 1305 557 1393 expeditiones
572 1307 642 1386 iret,
657 1320 700 1384 et,
716 1306 809 1372 dictis
831 1305 983 1394 lactisque
999 1307 1147 1372 omnibus
1167 1305 1207 1370 nd
1229 1299 1391 1370 fallendum

338 1393 511 1469 instructis,
529 1415 610 1456 vana
623 1392 817 1458 adcresceret
832 1393 919 1470 fides,
935 1393 1002 1460 dux
1017 1393 1057 1458 ad
1074 1392 1219 1458 ultimum
1235 1386 1332 1456 bellil
1370 1386 1393 1446 i·

338 1492 402 1554 tur.
448 1480 498 1554 lbi
520 1500 631 1564 quum,
646 1479 745 1544 inscia
772 1479 974 1550 multitudine
988 1479 1084 1566 *quid
1108 1491 1266 1566 ageretur,
1285 1407 1393 1562 preliis

339 1588 438 1652 parua
463 1565 546 1630 inter
569 1564 706 1638 Romam
730 1566 912 1652 Gabiosque
935 1565 1057 1644 flerent,
1079 1567 1194 1652 quibus
1219 1563 1394 1649 pierumque

341 1652 471 1718 Gabina
492 1673 541 1716 res
562 1652 706 1736 superior
720 1665 820 1726 essen
843 1666 911 1716 tum
933 1653 1077 1718 certatim
1101 1652 1217 1720 summi
1238 1647 1395 1797 infimique

341 1737 543 1804 Gabinorum
566 1737 639 1802 Ser.
656 1737 868 1824 Tarquinium
886 1739 973 1808 dono
987 1739 1096 1804 Deilm
1115 1739 1178 1803 sibi
1200 1738 1327 1804 missum
1364 1751 1395 1796 u·

340 1847 410 1890 cern
425 1823 563 1888 credere.
610 1824 707 1906 Aliud
724 1824 838 1890 milites
852 1847 929 1892 uero
943 1823 1092 1890 obeundo
1110 1825 1250 1910 pericula
1263 1845 1299 1890 ac
1314 1819 1395 1886 labu-

342 1933 401 1990 res,
415 1911 535 1995 pariter
553 1909 697 1995 praedam
722 1911 872 1976 munifice
888 1911 1065 1996 largiendo,
1081 1924 1168 1976 tants
1183 1911 1313 1981 caritate
1326 1927 1396 1983 esse,

342 2012 456 2063 utnon
480 2011 570 2082 pater
586 1995 781 2084 Tarquinius
804 2000 963 2083 potentior
983 1998 1107 2075 liontae,
1123 2021 1218 2084 quom
1241 1997 1322 2064 lilius
1337 1994 1410 2060 Gn·-

341 2084 401 2169 biis
430 2096 522 2149 esset.
566 2083 691 2170 Itaque,
716 2097 884 2170 postquam
913 2085 986 2150 satis
1012 2085 1126 2148 uirium
1156 2084 1332 2150 conlectum
1361 2077 1397 2144 ad

341 2193 453 2236 omncs
474 2187 606 2235 conatus
630 2169 851 2248 videbat,tum
874 2173 977 2236 esuis
1001 2193 1097 2235 unum
1121 2172 1313 2238 sciscitatum
1337 2166 1397 2230 Ro·

343 2255 484 2322 mamad
506 2271 631 2342 patrem
654 2257 760 2334 mittit,
776 2257 929 2342 quidnam
951 2280 984 2322 se
1006 2257 1107 2322 fucere
1122 2257 1242 2324 uellet?
1262 2252 1399 2342 quando·

341 2343 482 2432 quidem,
494 2358 530 2409 ut
544 2343 652 2408 omnia
666 2365 748 2408 unus
760 2343 873 2408 Gabiis
887 2357 1002 2428 posset,
1014 2344 1043 2408 ei
1055 2343 1112 2409 Dii
1126 2343 1296 2410 dedissent.
1319 2340 1400 2408 Huic

342 2432 472 2510 nuncio,
495 2432 580 2518 quio,
604 2429 711 2509 credo,
735 2429 842 2494 dubiae
867 2430 940 2495 fidei
963 2431 1139 2507 videbatur,
1159 2431 1239 2494 nihil
1263 2451 1338 2497 soce
1357 2448 1401 2490 re.-

343 2539 496 2604 spunsnrn
517 2532 576 2584 est.
601 2539 667 2594 rex,
683 2516 768 2582 velut
789 2516 1067 2594 deliberabundus,
1085 2517 1117 2582 in
1139 2518 1268 2582 bortum
1290 2515 1399 2584 sedium

342 2606 467 2683 transit,
483 2619 632 2690 sequente
655 2603 773 2668 nuncio
796 2603 868 2666 filii:
892 2603 946 2681 ibi,
961 2602 1162 2670 inambulans
1183 2605 1308 2681 tacitus,
1322 2621 1401 2668 sums

344 2715 396 2758 ma
421 2713 614 2777 papaverum
645 2691 750 2771 capita
782 2688 898 2756 dicitur
927 2688 1042 2754 baculo
1066 2689 1267 2758 decessisse..
1303 2689 1403 2755 inter.

344 2777 489 2864 rogando
511 2775 791 2860 exspectandoque
816 2797 1003 2860 responsum
1027 2777 1162 2841 nuncius
1184 2776 1293 2853 fessus,
1317 2787 1403 2838 utre

345 2861 528 2947 inperfecta,
544 2861 627 2926 redit
642 2860 783 2937 Gabios3
806 2883 880 2947 quae
898 2861 1018 2926 dixerit
1039 2863 1116 2948 ipse,
1132 2865 1269 2950 quaeque
1286 2859 1402 2934 viderit,

346 2949 461 3014 refert:
484 2971 539 3012 seu
564 2950 619 3023 ira,
642 2970 696 3010 seu
719 2945 805 3027 odio,
821 2969 876 3034 seu
899 2948 1045 3031 superbia
1068 2949 1214 3014 insita'in
1240 2949 1322 3026 enin,
1338 2939 1417 3010 nul·'

345 3037 408 3102 lam
431 3057 504 3100 eum
526 3056 636 3098 vocem
661 3033 810 3099 emisisse.
857 3035 956 3102 Sexto
982 3035 1047 3113 ubi,
1067 3036 1143 3121 quid
1167 2975 1260 3102 vellet
1286 3053 1406 3120 pisceus,

346 3121 463 3210 quidve
477 3121 665 3205 praeciperet
683 3119 786 3183 tacitis
807 3120 1003 3210 ambagibus,
1022 3123 1140 3208 patuit;
1164 3118 1406 3206 primores-civi·

347 3209 430 3286 tatis,
446 3207 648 3271 criminando
663 3205 739 3270 alios
754 3207 839 3290 apud
862 3207 1029 3294 populum,
1044 3209 1122 3272 alios
1136 3207 1149 3246 ⁶
1161 3231 1215 3272 sua
1233 3213 1317 3296 ipsos
1331 3206 1406 3268 iovi·

347 3283 401 3360 din
415 3307 613 3380 opportunos
634 3293 803 3358 interemit.
827 3293 917 3370 multi
942 3293 1065 3380 palam3
1089 3295 1230 3381 quidam,
1248 3291 1406 3381 inquibus

349 3383 454 3446 minus
469 3381 610 3464 speciose
623 3379 802 3443 criminatio
816 3394 884 3445 erat
902 3378 1019 3457 futuru,
1035 3385 1116 3445 clam
1134 3382 1302 3448 interiecti.
1349 3377 1406 3443 Ps-

349 3470 409 3556 tpit
430 3466 618 3554 quibusdam
644 3463 828 3530 volentibus
842 3465 928 3554 fuga,
945 3483 998 3532 aut
1021 3468 1054 3531 in
1070 3467 1217 3534 exsilium
1242 3469 1305 3536 acti
1328 3479 1407 3538 sunt,

783 3653 898 3704 kconsillia
909 3659 981 3706 Creu.

381 3849 611 3912 maturaretur]
645 3851 767 3897 Grotrovlo
786 3851 864 3910 magle
896 3845 1362 3896 nemu-innoeentxxtt.eea

350 3915 517 3978 plucmtnlii.
928 3911 1111 3972 arvernum
1130 3911 1293 3974 prumiam]
1334 3905 1411 3969 Majo·

385 3981 479 4028 l'Sibi
493 3979 558 4041 uero]
576 3980 697 4026 Particuiu
716 3993 769 4024 uero
785 3980 865 4039 capri,-
897 3991 960 4035 rem,
974 3989 1048 4036 quam
1065 3976 1139 4022 ceteri
1158 3975 1284 4030 baberent,
1301 3973 1412 4022 notitiam

349 4047 396 4093 mit
407 4045 533 4092 certiorem
548 4057 576 4090 ac
591 4045 722 4106 pleniorem
740 4045 866 4097 affimati-
898 4055 979 4089 renim
990 4055 1018 4087 ae
1030 4040 1148 4100 peritiam.

350 4123 437 4158 enanis
455 4110 506 4155 iere
523 4115 550 4155 ut
568 4121 651 4168 supra,
662 4123 683 4156 c.
695 4107 734 4154 41.
751 4109 866 4154 enimuero
929 4105 947 4151 4
964 4105 1027 4160 osta
1036 4105 1157 4168 ageretur]
1172 4105 1238 4158 Quid
1254 4102 1341 4150 secreti
1357 4115 1413 4149 run·

350 4175 594 4300 mpssgotg‘qepluigqc
606 4238 716 4284 Andreas
726 4243 751 4282 st
759 4238 866 4296 quinque
898 4171 948 4279 ”hd
958 4171 1086 4292 Ιέῗαηιζιω
1100 4233 1189 4280 incidie
1198 4233 1349 4294 murteam]
1366 4230 1412 4284 Qui

350 4317 363 4350 e
387 4305 474 4351 nostris
496 4304 566 4348 cedd.
583 4315 641 4353 non,
661 4308 688 4346 ut
705 4303 778 4360 uulgo
797 4301 864 4352 editi,
898 4299 994 4346 facilius
1012 4298 1116 4358 opprimi
1133 4305 1254 4359 posenni,
1274 4305 1372 4358 propter
1391 4307 1416 4342 οι

349 4370 452 4416 sumtu.
482 4367 519 4416 De
532 4369 715 4414 hammiucum
727 4365 866 4412 discrimine
898 4365 966 4413 dum
979 4363 1072 4424 pridem
1085 4364 1183 4425 inipso·
1194 4367 1352 4422 mneeptmn.
1421 4387 1425 4400 ·
