3008 4908
463 195 557 256 LIB.
582 194 644 256 111.
671 194 775 254 CAP.
801 193 841 253 L.
1105 203 1165 257 208

121 357 257 441 perrexit.
302 358 414 424 icilius
425 357 689 444 Numitoriusque
702 377 862 445 exangue
875 377 992 445 corpur
1004 357 1162 427 sublatum
1172 377 1201 426 tt.
1211 375 1239 426 u
1250 377 1307 428 eor.

120 453 265 510 ostentant
284 446 430 531 populor
453 445 554 510 scelus
569 445 678 530 Appii,
699 443 826 528 puellm·
841 443 996 510 infelicem
1012 444 1204 525 romanul-
1215 441 1309 494 0⁴⁴⁷·

117 532 317 597 uecesritatem
334 532 435 613 patria
455 531 631 616 deplorant.
677 531 849 616 Sequentes
868 529 1032 598 clamitant
1045 546 1165 598 mutro-
1213 539 1215 547 ’

118 635 170 692 nm,
181 619 297 684 Eumne
310 620 478 685 liberorum
490 620 748 701 procreandorum
763 620 992 682 conditionem?
1015 641 1051 682 eu
1067 621 1165 702 pudi-
1232 619 1236 628 '

118 703 190 766 citiae
199 707 330 786 prumia
342 703 432 770 erre?
453 717 626 789 ceteraque,
640 725 713 789 quae
723 703 756 768 in
772 703 827 768 nli
843 726 875 768 re
891 703 1164 783 muliebriadolor‚

117 807 171 873 quo
183 805 228 853 eat
242 791 386 858 moestior
401 790 559 856 imbecillo
578 790 695 867 animo,
711 809 750 854 eo
764 789 963 856 miserabilia·
972 792 1072 876 magia
1087 814 1164 878 que·

116 875 243 944 reatibus
257 877 396 963 subjicit.
441 877 592 960 Virorum
612 888 644 940 et
666 876 805 942 maxime
826 877 907 940 Icilii
929 899 993 944 vox
1014 891 1090 956 tota,
1107 879 1164 943 tri·

116 959 241 1028 bonicire
247 963 416 1048 potestatis
430 985 468 1028 ac
481 963 714 1048 provocationis
726 962 766 1028 ad
777 962 929 1048 populum
941 976 1070 1050 erepta,
1081 964 1164 1049 pub-

114 1043 299 1136 licarumque
312 1049 579 1136 indignationum,
595 1058 674 1114 erat.
951 1085 955 1094 =

148 1117 276 1202 xblx.
300 1136 491 1202 Concitatur
510 1135 680 1202 multitudo
701 1135 819 1220 partim
842 1135 1007 1200 atrocitate
1026 1136 1296 1215 sceleriaofnmffl2

111 1221 216 1302 partim
238 1245 376 1308 speper
400 1223 597 1288 occasionem
625 1220 807 1305 repetendae
831 1220 993 1286 libertatis.
1036 1223 1309 1308 Apptureertmua

111 1325 185 1372 nuuc
210 1311 319 1374 vocari
346 1308 483 1386 Icilium,
499 1329 585 1374 nuuc
606 1308 631 1348 ¹⁸
640 1316 884 1372 retractantemq
905 1307 1019 1392 arripi3
1042 1320 1163 1392 postre-

111 1411 164 1470 mo,
178 1415 282 1482 quum
309 1395 398 1460 locus
423 1396 562 1461 adeundi
587 1393 821 1478 adparitoribus
840 1414 905 1458 non
927 1393 1067 1474 daretur,
1084 1395 1162 1479 ipse,

112 1498 173 1544 cnm
186 1481 320 1568 agmine
341 1482 546 1566 patriciorum
571 1481 723 1567 juvenum
748 1501 806 1564 per
831 1477 958 1544 turbam
983 1479 1111 1557 rudens,
1127 1482 1160 1548 iu

111 1565 228 1632 vincola
243 1567 320 1632 duci
340 1567 443 1652 jubet.
486 1568 559 1632 Jam
572 1566 655 1630 circa
676 1565 799 1630 lciliutu
814 1587 879 1630 non
894 1565 995 1630 colum
1016 1565 1162 1634 multitu·

111 1649 155 1730 do,
168 1653 229 1718 sed
249 1653 346 1718 dacer
370 1675 497 1740 quoque
519 1651 729 1718 multitudinis
743 1665 833 1716 erant
849 1651 888 1716 L.
904 1650 1050 1718 Valerius
1064 1665 1095 1718 et
1108 1651 1160 1720 M.

112 1735 273 1806 Horatius.
294 1739 361 1840 qui,
377 1739 504 1821 repulso
524 1739 641 1816 lictore,
657 1739 683 1802 ai
698 1739 771 1822 jure
785 1749 905 1824 ageret,
917 1737 1079 1804 vindicare
1093 1761 1162 1804 seu

109 1824 226 1906 privato
243 1825 368 1891 loibum
391 1825 535 1901 aiebant3
558 1826 585 1890 ei
605 1824 666 1888 viru
682 1823 805 1889 adferre
826 1837 1006 1904 conaretur,
1022 1825 1066 1890 ibi
1080 1846 1161 1911 quo-
1193 1834 1196 1840 '

109 1931 160 1995 que
172 1934 212 1978 ee
227 1911 313 1976 haud
337 1913 463 1997 inpares
487 1913 565 1976 iore.
610 1910 696 1980 ilinc
711 1924 804 1976 atrox
821 1910 892 1976 rixa
909 1911 1021 1976 oritur.
1066 1911 1161 1976 Vale-

109 1996 179 2062 rium
199 1997 444 2085 Horatiumque
468 1997 561 2064 lictor
585 1995 755 2062 decemviri
784 1997 914 2062 invadit.
936 1995 1127 2083 franguntur
1141 2020 1162 2062 a

108 2083 306 2150 multitudine
327 2086 433 2148 saccea
480 2085 517 2148 In
538 2083 722 2150 concionem
738 2083 862 2167 Appius
884 2082 1056 2149 adscendit.
1103 2085 1161 2152 se·

108 2189 244 2253 quantur
263 2170 417 2236 Horatius
433 2168 650 2254 Valeriusque.
666 2191 719 2234 eoa
734 2168 845 2233 concio
859 2169 958 2234 audit.
980 2169 1160 2236 decemviro

107 2253 304 2343 obstrepitur.
347 2257 420 2321 Jam
435 2256 460 2296 1⁹
471 2278 530 2342 pro
546 2258 587 2320 im
631 2254 833 2320 rioValerius
847 2253 1008 2322 discedere
1022 2278 1040 2320 a
1053 2255 1158 2339 priva·

107 2353 136 2404 to
147 2343 275 2408 lictorer
284 2342 436 2428 jubebat:
459 2363 571 2426 quum,
599 2342 689 2406 rectis
710 2341 833 2416 animis,
852 2341 987 2424 Appius,
1003 2341 1076 2406 vitae
1090 2361 1321 2422 mre-uppusun.

107 2437 201 2504 tuens,
228 2430 262 2494 iu
288 2429 420 2494 domum
445 2451 479 2492 se
501 2429 712 2515 propinquum
736 2425 818 2506 foro,
834 2426 936 2490 insciis
961 2425 1277 2505 adversariarum

107 2517 203 2600 capite
232 2515 393 2592 obvoluto,
415 2516 544 2598 recepit.
590 2517 647 2597 Sp.
667 2511 804 2596 Oppius,
827 2522 864 2575 ut
884 2511 1008 2576 auxilio
1028 2511 1159 2599 oollegoe

108 2615 190 2681 aret,
205 2601 237 2666 in
254 2601 360 2667 forum
375 2623 415 2666 ex
428 2602 527 2666 altera
547 2612 636 2684 parte
657 2597 820 2682 inrumpit.
840 2596 925 2662 videt
945 2597 1112 2682 imperium
1129 2599 1160 2662 vi

108 2688 249 2752 rictum..
273 2690 442 2772 Agitatua'
462 2685 577 2752 deinde
598 2684 744 2761 conciliis,
760 2697 856 2768 atque
876 2683 950 2747 ²⁰ex
964 2683 1053 2746 ornni
1068 2697 1160 2769 parte

108 2772 306 2839 manendo
320 2773 429 2838 multis
450 2772 632 2838 auctoribus
653 2769 843 2854 ”trepidum
867 2785 1012 2836 senatum
1035 2781 1159 2855 postre—

107 2877 156 2922 mo
169 2863 272 2925 rocuri
287 2861 391 2925 'ussit
412 2882 450 2924 ea
471 2851 530 2934 reb,
546 2858 631 2959 quod
648 2879 771 2945 magne
791 2856 874 2940 parti
891 2853 1023 2921 Parrum
1048 2855 1158 2942 displi-

109 2963 172 3010 cere
184 2961 256 3012 acta
328 2946 520 3010 amnicorum
534 2943 732 3023 videbantur,
747 2963 803 3027 spe
819 2963 874 3026 per
888 2954 1030 3008 acuatum
1044 2941 1158 3008 linien-

109 3029 329 3118 doepotertatie
344 3034 411 3119 ejus
426 3029 663 3097 multitudinem
686 3029 815 3094 sedavit.
861 3029 996 3094 Senatus
1017 3051 1077 3094 nec
1091 3029 1159 3117 plc-

108 3113 171 3182 bem
194 3118 381 3184 irritandum
405 3119 543 3194 censuim
565 3129 599 3182 et
612 3115 714 3182 multo
734 3114 834 3203 magia
854 3115 1096 3199 providendum,
1117 3137 1159 3182 ue

109 3204 176 3287 quid
190 3205 329 3293 ‚virginii
345 3203 497 3271 adventus
511 3205 545 3268 in
560 3204 702 3268 exercitu
717 3215 822 3268 motus
836 3198 961 3268 faceret.
1035 3265 1038 3270 .

145 3289 181 3355 L.
204 3291 317 3378 Itaque
332 3292 420 3356 missi
429 3292 572 3376 juniores
592 3289 724 3354 Parrum
739 3287 773 3352 in
788 3299 901 3364 castra,
916 3309 991 3373 qute
1006 3301 1073 3354 tum
1087 3287 1156 3354 ”iu

258 3450 271 3490 t
281 3445 442 3494 detrectantem
453 3447 527 3493 Gron.
539 3444 609 3494 Crur-
787 3423 916 3503 'Agitatis
928 3442 996 3490 Ead-

110 3575 180 3626 Colorr.
194 3581 343 3629 membranis
360 3582 448 3640 reperit
468 3581 612 3640 Modicum
644 3579 684 3627 ⁵1.

110 3639 130 3686 lu
143 3647 250 3692 anninus
268 3653 326 3692 vett.
345 3646 416 3692 edilia
432 3653 526 3692 exstare
537 3647 610 3692 Grorn
676 3645 708 3692 20
717 3644 730 3672 ¹
739 3645 780 3691 Er·
790 3645 853 3690 omri
862 3647 932 3704 purte
942 3639 1084 3691 mitade
1095 3640 1156 3686 ttwl·

110 3707 209 3755 tlirmrt.
248 3711 418 3756 Matronarom
451 3717 476 3755 et
503 3709 610 3756 virorum
643 3711 674 3756 tir
697 3709 827 3755 auctoribus
848 3706 961 3768 trepidas]
989 3703 1109 3764 Trepidur
1131 3711 1156 3750 et

111 3779 158 3816 Mt
168 3775 293 3834 nonnum
306 3775 392 3820 Ltvrur
403 3775 524 3822 muniuit.
642 3773 748 3822 incertus
759 3773 845 3829 animi,
856 3785 932 3832 quum
947 3771 1033 3818 multia
1043 3781 1073 3814 ex
1088 3769 1155 3816 omni

138 3833 165 3881 lt
178 3835 361 3900 Rctmrtnrtcml
391 3839 453 3886 flet
479 3845 517 3886 ert
537 3841 609 3884 retur
641 3847 709 3897 purte
735 3837 834 3883 matilia
861 3835 1053 3896 suggerentium,
1082 3833 1156 3881 modo

110 3895 177 3954 ¹⁶⁸¹&-
192 3915 265 3962 (μω
283 3909 382 3950 cervom
399 3903 536 3962 quinquae
554 3915 608 3949 noe·
641 3902 707 3960 hnic,
718 3901 836 3948 modciili
847 3901 1010 3947 anmtiretur.

110 3963 218 4014 trllcutld.
251 3967 321 4014 lniru
338 3967 422 4014 itidem
440 3981 462 4014 c·
479 3967 519 4016 tr.
535 3966 607 4020 uallo.
672 3967 701 4016 al
724 3964 848 4027 Trepida]
884 3963 930 4010 ilic
957 3961 1047 4022 aliquid
1069 3963 1156 4008 ulceris

108 4028 142 4082 Ν
157 4043 197 4088 ρει
215 4034 309 4078 Μαι
327 4032 362 4082 ire
381 4036 462 4090 mmet,
482 4033 608 4078 retracten-
640 4033 738 4080 rubetae
764 4029 852 4077 docent
879 4027 971 4086 rcripti.
993 4027 1036 4086 qui
1064 4039 1156 4086 unguo

108 4093 132 4135 ¹(-
162 4093 244 4154 ltaque
265 4096 368 4142 minime
386 4107 446 4154 opus
467 4096 547 4142 irrorat
569 4095 608 4140 bic
641 4107 758 4142 coooenru
780 4094 895 4140 exhibent
922 4091 1084 4150 trepidaverat.
1114 4091 1155 4138 Αιι

108 4159 181 4214 nonni
198 4159 375 4210 detrectantem.-
397 4161 471 4218 quod.
492 4168 608 4220 tanquam
638 4159 730 4220 trepido
740 4159 765 4204 ia
776 4157 823 4209 re?

107 4217 212 4290 *birrani
233 4219 374 4288 conjectura
395 4223 539 4282 proiectum,
561 4219 609 4284 eje·
675 4223 706 4272 22
722 4224 754 4268 Ie
775 4225 850 4270 monte
872 4219 967 4282 Vecilio}
992 4218 1088 4268 Nomen
1109 4221 1154 4266 iaci

107 4293 181 4332 ttmnr.
641 4301 727 4348 perum
742 4287 841 4348 cogruiti,
855 4287 880 4335 in
891 4299 964 4346 quem
976 4285 1154 4335 uomitusue·

135 4347 182 4396 te·
192 4351 242 4398 l'rc
251 4350 360 4413 trinario]
374 4351 431 4400 vid.
439 4359 487 4398 not.
499 4353 537 4400 86.
546 4353 577 4398 ad
587 4352 607 4398 1.
642 4359 696 4400 rent
705 4358 789 4402 crure.
