3008 4908
327 251 387 306 2⁰0
744 240 1020 305 T-1T1L1v11

169 423 297 474 uuam.
331 414 410 481 rent,
425 421 521 489 quam
536 403 701 491 quisquam
724 426 806 469 uuus
827 405 995 470 ‘murare
1012 405 1159 483 eudemi,
1183 403 1219 470 Ρ.
1237 403 1389 470 Numito·

167 487 300 538 Ali-⁴⁴⁷·
331 489 410 569 rias,
432 490 547 574 puellas
561 490 745 571 avunculus,
765 505 796 556 et
815 513 950 576 sponsus
966 493 1071 558 icilius
1085 491 1308 558 interveniunt.
1329 489 1387 555 da-

331 589 424 661 taque
444 574 525 640 inter
547 575 672 642 turbam
687 578 749 654 sia,
765 599 863 663 quum
888 577 1059 643 multitudo
1076 578 1155 644 Icilii
1178 578 1316 642 maxime
1338 577 1389 640 ’m-

331 673 483 728 terream
501 662 601 728 resisti
624 686 715 748 posse
740 662 849 749 Appio
871 664 1024 742 crederet,
1051 665 1143 730 lictor
1164 667 1297 729 decresse
1325 661 1389 727 sit:

170 764 300 812 muiaon-
332 746 616 836 vociierantemque
639 749 765 815 Icilium
788 749 960 815 submovet
1007 750 1169 816 Placidum
1187 771 1315 837 quoque
1339 749 1389 812 in·

168 830 313 940 peripsum
331 833 460 922 genium
476 845 540 900 tam
555 847 648 901 atrox
663 837 780 922 injuria
797 837 998 902 accendisset.
1041 839 1140 902 Ferro
1159 837 1232 900 tine
1247 837 1309 900 tibi
1321 835 1391 900 siai·

194 905 233 954 '’¹''
251 925 258 939 '
333 923 493 986 nmoendus
499 944 574 1002 suin,
590 923 687 1006 Appi,
700 923 815 1008 inquit,
829 921 884 986 ⁵ut
894 923 1127 1008 taciturnseras,
1136 923 1323 1007 quadeeiari
1333 925 1390 986 nis.

338 1007 494 1092 Virginem
509 1029 564 1093 ega
577 1011 656 1072 hanc
669 1031 733 1074 urm
746 1011 898 1086 dratinus,
914 1019 1040 1092 sareptana
1049 1011 1253 1092 pudicamque
1265 1007 1392 1072 trabitu-

333 1115 395 1160 rus·
439 1096 688 1160 Praindsanrnes
697 1097 878 1179 collegarum
889 1117 1005 1180 quaque
1014 1097 1135 1160 lictores
1143 1115 1285 1173 cannaco,
1300 1113 1393 1177 espe-

334 1181 401 1246 diri
414 1182 518 1264 uirgas
536 1191 574 1246 et.
589 1203 705 1247 seusres
714 1181 811 1264 jude:
834 1201 895 1244 nan
910 1181 1042 1244 manebit
1055 1191 1144 1244 satra
1159 1182 1275 1244 domurn
1285 1181 1394 1262 patris

334 1287 445 1350 sponsa
455 1267 552 1332 Icilii.
596 1268 680 1345 Non,
692 1270 721 1332 si
730 1267 925 1332 tribrariciran
935 1268 1085 1331 aucidran
1095 1275 1126 1330 et
1131 1267 1392 1349 pmaacutauaa,

328 1353 417 1437 plebi
430 1355 580 1418 Romana
593 1356 670 1418 duas
684 1375 769 1418 arces
781 1353 936 1417 libertatis
948 1355 1077 1428 made,
1092 1354 1260 1428 ademistis,
1277 1353 1349 1415 ideo
1360 1354 1397 1416 in

334 1440 446 1504 liberas
460 1461 577 1524 quaque
591 1449 707 1505 nostras
721 1438 917 1524 conjugesque
934 1459 1058 1524 regnum
1072 1449 1179 1502 uestra
1192 1437 1323 1502 libidini
1337 1439 1395 1501 da·

335 1535 398 1590 turn
412 1535 465 1590 est.
508 1527 620 1592 Soesritc
629 1527 663 1590 in
673 1535 789 1610 tergum
799 1536 830 1590 et
840 1527 874 1588 in
884 1527 1012 1590 eervices
1021 1534 1150 1600 nostras,
1161 1525 1322 1606 pudicitia
1332 1527 1396 1588 sai·

335 1621 394 1676 tens
410 1612 443 1676 in
458 1620 523 1676 tuto
536 1613 587 1675 sit.
631 1612 758 1675 Huicsi
768 1611 813 1675 ois
822 1611 988 1696 adferdur,
1004 1633 1058 1696 ego
1069 1612 1266 1693 praesentires
1283 1609 1397 1687 Quiri·

336 1699 413 1761 tiuns
423 1717 614 1780 prosperus,
628 1697 789 1781 Virginius
797 1698 925 1761 militurn
933 1698 1184 1782 praunmafilia,
1195 1717 1298 1762 annes
1309 1699 1396 1762 Dea·

337 1803 403 1847 rum
414 1783 623 1866 dominansque
636 1782 965 1866 inplorabimusfidrrn.
979 1783 1096 1867 ⁶nequc
1109 1793 1144 1846 tu
1158 1783 1241 1848 istud
1253 1803 1398 1867 ampsani

337 1871 485 1932 decretura
499 1870 566 1933 sine
579 1871 660 1932 ccede
668 1879 774 1934 nostra
784 1869 904 1954 referes.
939 1871 1078 1948 Postula,
1089 1868 1186 1951 Appi,
1197 1869 1292 1932 etiarn
1303 1879 1398 1956 atque

338 1956 430 2020 etiarn
440 1956 619 2031 carasideres,
631 1975 690 2038 qrra
699 1956 913 2038 progrediere.
950 1955 1111 2038 Virginius
1124 1956 1247 2030 viduit,
1264 1955 1303 2018 de
1309 1957 1397 2038 fitia,

337 2041 390 2106 ubi
403 2043 531 2116 mnerit,
546 2043 622 2124 quid
634 2051 720 2124 agat.
763 2041 967 2106 Haerentem
978 2043 1067 2118 sciat,
1081 2041 1151 2118 sibi,
1166 2040 1218 2106 lsi
1227 2040 1319 2126 hipra
1329 2043 1398 2106 oin·

338 2129 429 2192 diciis
439 2129 569 2202 cesserit,
580 2128 1071 2210 canditianemfiiiaequoerendnm
1081 2148 1150 2192 esse.
1167 2147 1222 2204 me,
1234 2127 1398 2192 emean-

338 2225 395 2278 tem
409 2235 547 2293 sponsam
564 2215 597 2276 in
611 2213 792 2289 libertatem
807 2215 873 2277 uita
885 2215 976 2278 citius
989 2215 1114 2288 deseret,
1131 2213 1322 2297 pramfides.

381 2297 507 2364 XLVI.
539 2298 707 2365 Concitsts
728 2297 898 2364 multitudo
923 2313 1001 2375 crat,
1027 2312 1250 2384 certamenque
1275 2301 1397 2365 instare

338 2385 513 2452 videbatur.
536 2385 659 2450 lictores
683 2385 807 2450 Icilium
831 2386 1123 2456 circumsteterant:
1147 2405 1205 2448 nec
1227 2383 1314 2450 ultra
1338 2385 1398 2449 mi-

337 2495 393 2538 nes
411 2487 515 2538 maen
539 2493 720 2556 processum
741 2484 797 2536 est.
840 2470 951 2548 Quum
969 2472 1105 2556 Appias,
1126 2471 1199 2535 Nan
1221 2472 1398 2556 Virginiass

337 2561 461 2644 defendi
473 2558 513 2623 ab
532 2561 629 2631 Icilia,
645 2561 700 2623 sed
713 2561 879 2642 inquietum
893 2559 1050 2636 inminens,
1065 2569 1095 2623 et
1102 2559 1291 2623 tribunatum
1302 2561 1399 2623 niun

335 2643 1400 2814 hinnulum

856 2775 864 2792 ·
1160 2773 1170 2806 s

336 2818 446 2880 tantia
467 2837 539 2891 sua,
563 2818 617 2879 red
636 2815 780 2900 Virginis
799 2815 919 2880 absenti
938 2825 968 2880 et
983 2817 1095 2900 patria
1112 2818 1229 2880 nomini
1249 2825 1280 2880 et
1302 2817 1400 2882 liber-

336 2903 408 2977 tati,
424 2903 537 2975 datum,
549 2899 606 2984 jus
629 2923 666 2964 ca
688 2902 739 2964 die
759 2923 791 2965 se
810 2923 870 2964 nan
895 2903 1056 2980 dictassem,
1071 2923 1166 2988 neque
1180 2905 1332 2966 decretum
1349 2905 1401 2967 in·

336 2989 573 3069 terpasitraurn:
596 3008 618 3049 a
633 2985 684 3050 M.
696 2987 830 3052 Claudia
838 2990 1019 3070 petiturum,
1034 2997 1068 3052 ut
1082 2985 1320 3070 desederetjure
1333 3011 1401 3066 sua,

336 3073 551 3156 viredieariquc
558 3074 695 3156 pueliam
711 3073 745 3136 in
754 3083 909 3156 paster-ran
923 3076 1003 3138 diem
1013 3084 1183 3158 pateretur.
1230 3077 1324 3148 Quod
1337 3077 1404 3140 nisi

330 3167 428 3241 pater
448 3168 572 3238 postera
585 3161 637 3223 die
650 3159 811 3243 adfuisset,
827 3161 1012 3224 denunciare
1033 3181 1065 3224 se
1086 3161 1176 3224 Icilio
1189 3161 1406 3246 similiumque

337 3246 434 3321 Icilii,
449 3244 570 3328 'neque
583 3247 647 3330 tegi
666 3265 729 3310 sace
741 3248 880 3322 laterem
895 3267 991 3330 neque
1004 3247 1169 3311 decemuiro
1191 3250 1403 3312 constantiam

335 3330 456 3418 desere:
472 3351 526 3396 nec
535 3353 567 3396 se
576 3334 681 3417 utiquc
690 3333 872 3418 collegarum
882 3333 1004 3398 lictores
1014 3342 1243 3396 consecuturum
1253 3335 1301 3396 ad
1312 3355 1404 3400 caer·

369 3481 386 3528 l·
413 3481 540 3544 murare]
572 3480 678 3535 Quidam
706 3481 798 3542 scripti,
826 3487 850 3528 et
884 3481 978 3529 Claudii
988 3482 1121 3530 assertoris.
1142 3481 1260 3530 Vtsdisiis·
1278 3484 1332 3534 Hic
1350 3487 1408 3534 virs-

338 3549 487 3607 Campanus,
498 3545 629 3592 reclanare.
883 3545 949 3591 dista
967 3545 1031 3592 sumi
1047 3548 1160 3593 videatur
1179 3559 1223 3606 pra
1238 3548 1338 3598 actione
1353 3567 1408 3613 qm

370 3615 387 3660 5
406 3611 439 3682 Ψ
456 3609 642 3684 mederasmae]
666 3607 701 3656 Ut
717 3621 761 3669 per
778 3610 851 3656 sitsn·
883 3611 974 3686 petitus
984 3611 1110 3672 pauculo,
1122 3623 1169 3656 aon
1187 3623 1231 3670 pra
1248 3617 1410 3670 pom

338 3679 401 3726 tium
423 3689 451 3722 ac
472 3687 570 3720 ncmrns
596 3675 742 3720 reclamante
767 3687 850 3720 cansa-
883 3687 942 3734 ipssa.

338 3755 413 3804 quaes
424 3739 449 3788 id
460 3737 525 3799 quod
536 3737 609 3786 celari
620 3737 663 3784 vis.
692 3735 748 3784 Vid.
759 3745 810 3786 not
821 3740 854 3784 sd
917 3739 933 3786 8
949 3739 1037 3786 Lucane
1052 3738 1168 3786 stum
1178 3741 1293 3803 were]
1312 3741 1410 3800 Nonis,

338 3821 360 3854 c
372 3803 413 3852 51.
424 3805 442 3852 l.
454 3804 476 3852 1.
886 3809 914 3849 ut
931 3809 956 3852 st
972 3803 1102 3858 Granovlo,
1120 3805 1198 3866 magis
1217 3803 1355 3855 ursanum
1373 3812 1412 3856 vi.

309 3889 311 3896 ⁴
371 3863 851 3928 ⁶·Nquwm2dnsmmon
885 3866 1105 3914 mnndum

339 3931 578 4044 mituli„
590 3929 736 4053 ffifssdii
758 3931 855 4044 'iffi
887 3932 933 4044 «Β
949 3931 1413 4044 litatum&

341 4062 422 4122 perium
440 4061 533 4106 dictum
554 4065 600 4111 est,
618 4061 644 4103 ret
666 4010 852 4122 taeituirsqscrru.
887 4009 1157 4121 lamdetmummm
1174 4011 1335 4120 pastum
1349 4017 1415 4118 a

340 4125 425 4184 illeque
437 4131 464 4169 tu
482 4123 506 4169 id
522 4135 657 4182 assequere,
670 4123 735 4182 quod
752 4125 797 4170 hoc
813 4126 853 4170 dc-
886 4125 996 4172 advocati
1014 4123 1132 4185 Virginiae
1149 4129 1349 4189 prehensum,
1368 4137 1416 4181 42,

340 4184 501 4250 cretojubes:
520 4186 667 4232 nanettlcics
685 4193 712 4233 ut
731 4186 755 4234 id
772 4189 855 4236 dmic-
886 4195 969 4236 turum
991 4201 1089 4248 operam
1111 4196 1138 4237 ut
1162 4191 1184 4237 al
1207 4199 1358 4252 perustum
1383 4213 1417 4247 ω

340 4261 396 4299 tum
414 4252 492 4298 ratast
514 4257 539 4298 et
563 4258 643 4297 ratum
670 4251 758 4298 hubezo
782 4255 852 4302 &ac-
885 4253 1416 4318 scilicstmodointellsctoe,quoillnmtn.

342 4325 405 4364 tuus.
887 4323 1032 4380 terpretatur
1043 4318 1129 4366 luerat.

375 4382 390 4429 7
414 4383 444 4428 Sl
464 4381 533 4444 leuius
556 4377 675 4441 uindiciis]
703 4379 793 4441 Huius,
817 4379 853 4427 M.
