3034 4916
452 174 547 234 Ltu.
570 174 612 234 X.
642 173 745 235 CAP.
769 174 812 236 11.
1114 171 1169 240 'rot

106 337 159 404 die
172 348 285 404 octavo
299 336 498 423 triumphans
512 339 545 408 iu
561 338 671 405 urbem
688 361 785 425 quum
801 337 943 418 redisset,
958 337 1058 404 aedem
1072 337 1161 404 Salu·
1172 357 1200 406 u.
1214 357 1309 412 esst.

104 427 154 503 tis,
170 447 265 512 quam
276 425 386 490 consul
399 441 538 505 voveret,
548 427 659 490 censor
674 427 839 504 locaverat,
850 426 986 492 dictator
994 425 1162 490 dedicavit.
1172 425 1202 472 Α·
1213 426 1241 473 ⁰·
1252 423 1313 472 ⁸⁰¹·

151 512 199 578 11.
223 511 344 578 Eodem
360 533 445 576 auno
458 510 565 576 classis
580 513 780 590 Grreoorum,
795 513 996 599 “Cleonymo
1006 513 1086 577 duce
1102 512 1166 577 La·

106 597 314 675 cetlaemonio,
341 598 381 664 ad
408 597 511 662 Italiae
536 598 630 663 litora
655 597 796 684 adpulsa,
811 598 974 664 ⁷Thurias
996 597 1105 663 urbem
1132 601 1163 661 in

56 691 60 700 '
109 684 292 750 Sallentinis
311 687 406 767 cepit.
453 684 612 748 Aduersus
635 685 720 749 hunc
743 684 863 750 hostem
891 685 1000 750 consul
1015 685 1166 750 AEmilius

107 772 220 836 missus
230 770 342 855 proelio
355 792 418 835 uno
428 769 570 856 fugatum
583 772 736 855 compulit
744 773 776 834 in
789 793 895 836 naves.
920 771 1052 836 Thuriae
1062 771 1166 836 reddi·

107 871 149 922 tae
164 857 264 922 veteri
284 857 416 921 cultori:
441 857 678 944 Sallentinoque
702 881 780 946 agro
803 880 867 942 pax
891 873 990 944 parta.
1034 858 1166 922 Junium

108 942 290 1009 Bubulcum
305 943 490 1008 dictatorem
512 944 641 1007 missum
664 944 695 1006 in
714 942 915 1023 Sallentinos,
930 944 963 1007 in
978 943 1164 1031 quibusdam

106 1029 278 1095 annalibus
298 1031 442 1094 invenio:
466 1047 497 1094 et
518 1029 729 1116 Cleonymum
752 1031 851 1115 prius,
873 1053 967 1116 quarn
994 1030 1325 1115 confligencreonymus

107 1115 184 1181 dum
215 1133 294 1181 esset
319 1137 392 1179 cum
424 1115 589 1195 Romanis,
612 1115 704 1180 ltalia
731 1116 908 1182 excessisse.
941 1107 1264 1181 circumventam

107 1202 184 1266 inde
211 1201 375 1266 Brundisii
401 1202 664 1288 promontorium,
689 1202 856 1286 medioque
881 1202 952 1268 sinu
978 1201 1168 1268 Hadriatico

109 1290 210 1353 ventis
226 1288 317 1365 latus,
333 1309 431 1374 quum
446 1288 525 1353 laeva
546 1289 730 1373 inportuosa
752 1287 852 1353 ltaliae
872 1271 979 1366 litora,
995 1288 1108 1354 dextra
1122 1287 1166 1353 ll·

107 1374 182 1462 lyrii
206 1375 406 1461 Liburnique
430 1389 462 1439 et
486 1375 570 1451 istri,
586 1388 695 1463 gentes
719 1373 805 1452 ferse,
821 1387 854 1440 et
877 1397 993 1462 magns
1014 1395 1055 1439 cx
1076 1389 1167 1460 parre

108 1461 284 1526 latmciniis
312 1460 476 1526 maritimis
501 1460 643 1538 infames,
670 1475 834 1538 terrerent,
856 1463 982 1546 penitus
1007 1460 1047 1525 ad
1075 1461 1169 1526 litora

109 1549 304 1613 Venetorum
328 1549 488 1631 pervenit:
512 1546 556 1611 ibi
578 1547 731 1633 expositis
754 1547 874 1632 paucis,
892 1547 947 1634 qui
969 1547 1038 1612 loca
1059 1549 1170 1632 explo-

110 1648 229 1711 rarent,
246 1655 343 1719 quum
366 1632 514 1714 audisset,
536 1645 631 1698 tenue
655 1645 845 1718 praetentum
871 1633 946 1698 litus
972 1655 1060 1708 esses
1082 1631 1170 1721 quod
1202 1635 1204 1640 ’

108 1721 310 1808 transgressis
324 1734 436 1806 stagna
450 1721 491 1784 ab
506 1735 597 1808 tergo
611 1720 684 1798 sint,
700 1721 825 1808 inrigua
840 1719 968 1785 aestibus
984 1720 1168 1796 maritimis;

107 1808 121 1848 ⁸
171 1829 224 1872 ros
252 1806 335 1870 lrautl
359 1804 472 1891 procul
496 1809 657 1890 proximos
680 1821 869 1891 campestres
891 1807 996 1884 oerni;
1021 1805 1171 1872 ulteriora

108 1831 222 1970 crille&
246 1893 321 1956 iude
335 1915 402 1957 esse
416 1892 530 1958 ostium
546 1893 685 1958 fluminis
699 1893 833 1979 praealti,
848 1915 912 1978 quo
927 1893 1098 1978 circumagi
1113 1915 1171 1958 ns·

111 2002 164 2045 res
183 1980 215 2043 in
238 1980 405 2044 stationem
428 1994 528 2043 tutam
548 1979 679 2044 vidisse:
703 1979 897 2066 (Meduacus
918 1982 1020 2045 amuis
1034 1980 1117 2060 erat)
1132 2001 1171 2044 eo

108 2068 266 2132 invectam
281 2064 410 2130 classem
430 2064 535 2130 subire
560 2066 691 2130 flumine
712 2065 843 2130 adverso
863 2066 967 2150 jussit.
1012 2065 1170 2130 Gravissi-

108 2175 177 2220 mas
193 2152 321 2216 navium
338 2173 402 2214 non
418 2150 548 2234 pertulit
567 2151 673 2216 alveus
687 2151 834 2216 fluminis.
856 2152 889 2214 in
905 2149 1025 2215 leviore
1046 2151 1171 2240 navigia

111 2253 307 2326 transgressa
320 2236 492 2302 multitudo
507 2251 702 2302 armatorum
724 2236 765 2300 ad
787 2235 963 2322 frequentes
984 2258 1089 2324 agros,
1113 2238 1171 2302 tri-

110 2326 172 2390 bus
187 2323 352 2390 maritimis
369 2322 594 2388 Patavinorum
609 2324 685 2388 vicis
699 2321 876 2387 colentibus
891 2343 960 2386 eam
982 2344 1083 2402 oram,
1098 2343 1171 2408 per·

112 2412 208 2476 venit.
255 2409 305 2476 lbi
320 2409 446 2496 egressi,
461 2407 521 2474 levi
541 2410 691 2494 praesitlio
713 2408 846 2474 navibus
868 2407 988 2485 relicto,
1009 2408 1094 2473 vicos
1116 2429 1172 2473 ex·

110 2511 269 2585 pugnant,
284 2496 483 2560 inflammant
503 2509 596 2573 tecte,
620 2495 783 2560 hominum
804 2493 1025 2579 pecudumque
1045 2494 1172 2580 praedas

111 2598 224 2672 agunt,
239 2595 271 2648 et
285 2581 452 2647 dulcedine
472 2581 640 2666 praedandi
656 2581 781 2669 longius
797 2601 895 2666 usque
910 2602 929 2643 a
943 2579 1075 2644 navibus
1097 2601 1173 2664 pro·

111 2670 242 2736 cedunt.
288 2667 373 2734 Haec
389 2668 443 2732 ubi
459 2667 624 2733 Patavium
645 2680 719 2732 sunt
740 2669 899 2744 nunciata,
916 2669 1054 2752 (semper
1067 2679 1173 2732 autem

111 2779 167 2822 eos
182 2759 214 2820 in
229 2755 326 2820 armis
340 2754 461 2818 adcolte
477 2752 562 2819 Galli
579 2754 750 2832 habebant)
766 2753 799 2816 in
816 2752 895 2817 duas
910 2765 1014 2839 partes
1024 2754 1174 2838 jurentu-

112 2858 177 2908 tem
193 2842 349 2906 dividunt.
372 2840 471 2906 altera
485 2841 518 2904 in
535 2843 706 2928 regionem,
723 2862 787 2926 qus
801 2839 899 2904 effusa
914 2839 1079 2924 populatio
1093 2861 1176 2904 nun·

114 2929 278 3005 elebatum
301 2926 409 3002 altera,
426 2947 466 2990 ne
485 2928 537 2991 cui
556 2927 744 3012 proedouum
763 2924 857 2989 obvia
873 2925 1110 3008 lieret‚·⁹altero
1123 2926 1175 2992 iti-

113 3037 191 3080 nere
203 3014 242 3078 ad
252 3015 418 3078 stationem
433 3014 559 3078 narium
578 3014 617 3098 (¹⁰
627 3013 725 3079 millia
738 3026 842 3078 autem
858 3011 1096 3098 quatuordecim
1108 3023 1121 3050 ⁸
1133 3011 1176 3078 ab

113 3100 236 3188 oppido
259 3100 381 3178 eberat)
408 3099 514 3164 ducta.
559 3101 596 3165 ln
620 3123 716 3165 naves
737 3121 861 3184 parvas,
881 3097 1064 3164 custodibus
1078 3099 1176 3165 inter·

488 3235 641 3296 ¹quindecim
654 3237 729 3284 Gron.
740 3235 809 3282 Cres.

149 3360 557 3428 ortamno...1.msma]
583 3365 630 3412 llic
662 3367 736 3426 plicat
747 3364 847 3412 Diodor.
860 3363 876 3409 1.
889 3363 950 3412 XX·

115 3433 168 3478 sine
185 3431 259 3477 dubio
275 3435 313 3472 est
331 3431 479 3490 Cleonymus
495 3429 630 3476 Cleomenis
695 3430 710 3477 'l
730 3429 850 3476 Tlusrt'os.
863 3459 890 3474 ..
904 3430 944 3474 .r'rs
954 3425 1094 3490 salentinis]
1115 3425 1179 3472 ssu·

115 3497 181 3556 regis
192 3495 265 3551 lilius,
281 3491 338 3539 Arei
357 3493 420 3552 regis
436 3499 546 3552 psuuus,
557 3506 631 3553 quem
662 3496 714 3548 rtoe,
725 3494 777 3540 sive
792 3491 974 3538 muretensem
986 3493 1043 3538 urbs
1054 3491 1110 3546 fult,
1122 3503 1178 3552 quse

115 3566 201 3620 postea
220 3557 325 3620 Pyrrhus
347 3558 373 3604 in
394 3569 497 3616 regnum
520 3569 631 3603 revocare
662 3555 1101 3618 priasSytaris,postessllomanis
1117 3556 1180 3602 colo·

116 3625 229 3670 tentarit.
262 3619 320 3668 Viti.
338 3621 403 3667 rtur.
423 3621 447 3666 ia
467 3621 546 3680 Agiria
563 3627 587 3667 et
605 3621 630 3666 ln
663 3619 954 3668 niameodeslucentibus
965 3620 1044 3679 Copta
1057 3619 1122 3666 dicta
1132 3625 1179 3666 est.

117 3687 220 3748 Pyrrho,
239 3693 264 3731 et
283 3685 428 3732 Pausaniam
446 3685 471 3730 in
491 3688 542 3730 Att.
562 3691 587 3732 et
606 3685 631 3730 in
663 3686 777 3732 Ceterum
792 3697 807 3731 a
823 3683 952 3731 Salentiuis
972 3683 1104 3730 Tarentino
1123 3684 1178 3729 sinu

116 3752 208 3800 Lacon.
240 3745 349 3810 noejus
368 3751 439 3796 rebus
455 3749 529 3810 gestis
545 3751 571 3796 in
584 3748 633 3795 its·
664 3751 788 3797 dividitur.

114 3817 158 3871 lis,
176 3817 229 3864 heac
245 3815 342 3874 collegit
359 3812 434 3859 Heor.
449 3811 568 3860 Valesius.
597 3813 632 3858 ln
696 3809 819 3875 S'Agrar
832 3809 896 3864 lrssd
907 3811 1003 3874 procul]
1019 3811 1097 3873 agro·
1114 3812 1179 3858 haud

116 3881 217 3942 prologo
225 3880 241 3925 l.
254 3877 399 3938 >tumaci
412 3876 521 3938 Pompeii
529 3878 632 3938 legiturs
666 3879 748 3939 procul
768 3877 843 3930 cerni.
863 3889 967 3936 quorum
990 3876 1093 3936 proximi
1112 3889 1179 3922 caua

120 3945 245 4005 clerirymr
262 3942 343 3990 deinde
365 3941 480 4001 Spartani
502 3955 539 3988 rer
562 3945 634 4002 grstae
660 3949 758 4002 ¹pestres
766 3940 1053 4000 essentetinplsnitiern
1067 3941 1180 4000 porreeti,

119 4010 240 4069 Corcyra,
258 4012 281 4052 et
301 4008 326 4053 tu
343 4005 449 4066 Illyrico,
468 4010 490 4052 et
506 4008 532 4052 t'ss
551 4005 635 4053 ltalia.
668 4005 781 4054 ulteriora
792 4005 866 4053 colles
876 4017 936 4052 esse.

117 4071 290 4129 athenaeas
303 4068 445 4117 istiuas.
457 4069 551 4116 obsides
567 4071 635 4132 puel·
700 4071 715 4117 9
731 4069 813 4117 Altero
828 4067 923 4131 ttinere]
942 4067 1028 4116 Malles
1043 4068 1180 4116 Gronovius

116 4141 154 4186 las
165 4153 180 4185 s
193 4135 368 4196 Metapontinis
387 4147 444 4180 eum
460 4135 567 4194 exegisse
578 4148 636 4181 suc·
668 4133 721 4180 sllo.

117 4211 157 4252 tor
168 4209 213 4250 est.
246 4197 507 4246 ATsrentinissutem
524 4198 550 4243 in
565 4199 634 4246 susi·
701 4197 732 4245 10
747 4195 1042 4260 ussus...qaasdsetm1
1067 4195 1180 4258 Quinque

116 4269 181 4314 lium
200 4269 300 4310 vocatus
316 4261 403 4316 marat,
415 4269 444 4308 ut
454 4267 558 4309 testatur
569 4261 635 4310 Stra·
666 4263 756 4312 leucas.

117 4331 187 4392 bo,l.
200 4327 247 4374 Vl.
266 4326 312 4373 Sed
321 4339 373 4372 rem
385 4331 462 4373 totam
472 4325 582 4372 urberius
592 4341 634 4375 es·
