3056 4928
313 68 384 182 'sto
709 102 820 180 τιτι
852 111 992 180 nivii

169 299 234 348 ttc.
246 295 301 345 tta.
329 294 585 368 transactumque
604 303 641 346 es
655 283 829 364 temeritate
842 283 960 348 bellum
977 281 1069 364 foret,
1084 283 1116 346 ni
1130 281 1226 346 duces
1240 269 1390 346 continu·

168 364 302 412 ΝΜ·
330 371 427 434 issent
455 370 597 453 inpetum
635 367 781 435 militum.
835 369 996 446 Ceterum,
1026 370 1103 455 quia
1131 366 1304 432 multitudo
1332 389 1392 432 soa

328 455 593 520 ⁷³commeatibus
617 455 737 541 gravis,
754 451 786 519 et
806 456 896 540 prius
919 457 1058 520 sedendo
1079 455 1120 520 ad
1145 453 1336 528 Suessulam,
1358 465 1393 516 ct

330 552 420 607 tum⁰
433 541 613 605 certaminis
636 563 735 618 mora,
750 540 837 606 hand
853 541 963 626 procul
978 543 1019 604 ab
1034 563 1139 605 rerum
1155 539 1298 604 omnium
1322 539 1394 602 ino-

331 628 383 713 pia
398 639 500 704 esset3
524 626 652 710 placuit,
669 627 745 690 dum
768 627 907 691 inclusus
930 639 1060 712 paveret
1084 625 1194 702 hostis,
1219 625 1393 690 frumenta-

333 727 400 778 tum
416 733 473 796 per
488 735 580 802 agros
595 712 723 777 militem
747 711 832 778 duci.
859 713 1031 778 interimet
1048 713 1205 789 Romano,
1245 713 1277 775 ui
1293 731 1393 794 expe-

332 799 426 874 ditus,
449 813 603 885 quantum
631 799 769 863 humeris
792 801 872 864 inter
899 822 988 866 arma
1009 799 1077 885 geri
1100 811 1204 884 posset
1222 734 1392 872 lcumena,

333 907 439 950 secum
452 885 626 963 adtulisset,
636 883 782 950 defututa
793 887 911 950 omnia.
958 885 1079 950 Cottam
1094 883 1213 968 palatos
1227 903 1394 970 peragras
1457 885 1459 888 ’

334 993 431 1058 quum
455 971 580 1036 vidisset
604 973 716 1048 hostes,
732 972 880 1036 stationes
901 971 1114 1058 infrequentes
1135 970 1268 1047 relictas,
1285 968 1395 1054 paucis

334 1058 448 1122 milites
464 1057 660 1135 adhortatus,
676 1057 717 1121 ad
732 1072 832 1122 castra
854 1057 1069 1142 obpugnanda
1083 1057 1179 1120 ducit.
1204 1078 1277 1141 quoe
1293 1075 1394 1141 quum

337 1145 440 1229 primo
466 1143 605 1210 clamore
630 1157 724 1230 atque
745 1145 854 1228 inpetu
876 1144 1017 1228 cepisset,
1032 1142 1176 1229 pluribus
1197 1141 1340 1206 hostium
1361 1141 1394 1203 in

337 1231 479 1294 tentoriis
501 1233 573 1304 suis,
593 1251 686 1314 quam
703 1233 734 1292 in
749 1232 849 1314 portis
871 1229 1026 1316 valloque,
1041 1230 1139 1302 cassis,
1155 1228 1178 1291 si
1205 1250 1247 1292 na
1271 1229 1397 1312 captiva

336 1316 370 1379 in
381 1337 478 1380 unum
496 1316 601 1379 locum
617 1315 752 1379 conferri
764 1316 876 1400 jussit;
899 1317 1078 1400 relictisque
1090 1251 1248 1380 ⁷⁴dual>us
1262 1313 1397 1414 legioni·

337 1403 396 1466 bus
423 1401 576 1466 custodiae
597 1417 629 1465 et
651 1401 789 1484 praesidii
810 1423 930 1481 caussa,
945 1404 1032 1489 gravi
1061 1402 1165 1466 edicto
1193 1401 1334 1476 monitis,
1350 1411 1396 1474 ut,

337 1489 439 1553 donec
453 1489 519 1573 ipse
534 1487 720 1565 revertisset,
737 1489 847 1572 praeda
862 1488 1074 1564 abstinerent3
1096 1489 1256 1571 proiectus
1272 1485 1398 1588 agmine

338 1575 503 1651 instructo,
516 1596 614 1660 quum
631 1574 811 1660 praemissus
825 1595 920 1659 eques
931 1574 1015 1638 velut
1028 1573 1054 1618 ⁷⁵
1063 1572 1211 1660 indagine
1225 1571 1400 1656 dissipatos

340 1660 496 1726 Samnites
518 1675 636 1746 ageret,
663 1659 781 1725 caedem
807 1661 967 1746 ingentem
994 1659 1076 1724 lecit.
1105 1680 1178 1723 nam
1206 1681 1311 1745 aeque
1336 1681 1401 1744 quo

339 1747 430 1830 signo
445 1748 567 1810 coirent
581 1746 662 1810 inter
676 1767 719 1822 se,
738 1767 848 1832 neque,
865 1763 971 1810 utrum
988 1760 1090 1810 castra
1105 1758 1257 1830 peterent,
1274 1765 1315 1810 an
1331 1745 1402 1808 lou-

339 1833 462 1917 giorem
483 1830 683 1896 intenderent
703 1830 821 1918 fugam,
838 1833 954 1896 territis
976 1845 1119 1896 constare
1132 1845 1267 1915 poterat.
1314 1830 1402 1894 Tun·

340 1930 471 2003 tumque
493 1915 578 2004 fugae
603 1939 640 1981 ac
664 1915 842 1981 formidinis
862 1917 934 1996 fuit,
952 1932 987 1982 ut
1008 1917 1049 1982 ad
1073 1918 1283 2004 quadraginta
1304 1917 1404 1981 millia

340 2015 513 2080 scutorum,
530 2025 727 2089 nequaquam
751 2016 800 2068 tot
824 2004 923 2081 caesis,
938 2018 970 2069 et
984 2005 1073 2091 signa
1095 2003 1242 2066 militaria
1264 2004 1402 2081 samiis,

340 2111 415 2176 quae
429 2090 462 2152 in
484 2090 593 2152 castris
615 2107 709 2177 capta
728 2103 827 2166 erant,
844 2089 883 2154 ad
906 2105 1031 2154 centum
1055 2090 1254 2190 septuaginta
1269 2090 1308 2154 ad
1326 2111 1404 2154 con·

341 2175 441 2240 aulem
453 2173 659 2240 deferrentur.
697 2175 783 2240 Tum
798 2177 830 2238 in
847 2190 948 2240 castra
963 2176 1099 2240 bostium
1117 2175 1271 2240 reditum:
1296 2177 1404 2263 ibique

340 2261 446 2324 omnis
461 2262 569 2344 prmda
585 2261 674 2326 militi
691 2261 774 2326 data.
983 2319 988 2335 ,

384 2347 541 2414 XXXVI
548 2349 591 2413 ll.
620 2348 724 2435 Hujus
746 2348 926 2414 certaminis
949 2346 1075 2413 fortuna
1089 2361 1121 2413 et
1137 2347 1286 2425 Faliscos,
1303 2369 1403 2434 quum

342 2433 374 2496 in
391 2433 527 2499 induciis
548 2447 661 2512 essent,
684 2433 785 2498 loedus
810 2448 917 2519 petere
936 2434 976 2498 ab
998 2448 1107 2499 senatu
1122 2435 1242 2534 coligit3
1265 2447 1298 2499 et
1315 2435 1404 2501 Lati·

343 2541 410 2597 nos‚
423 2521 489 2606 jam
505 2519 694 2585 exercitibus
717 2521 917 2604 comparatis,
932 2519 958 2564 ⁷⁶
965 2520 1006 2585 ab
1024 2521 1167 2584 Romano
1183 2541 1214 2584 ur
1233 2519 1404 2607 Pelignum

343 2607 436 2670 vertit
450 2605 577 2670 bellum.
627 2605 739 2693 Neque
761 2607 803 2670 ita
824 2608 870 2671 rei
891 2621 989 2695 gestas
1011 2605 1095 2671 fama
1119 2605 1222 2671 ltaliae
1237 2628 1270 2670 se
1285 2608 1404 2672 finibus

179 2703 334 2780 uastarunt-
343 2693 463 2757 tenuit:
486 2691 541 2754 aed
557 2691 833 2774 Karthaginienses
849 2714 975 2778 quoque
995 2692 1114 2778 legatos
1124 2692 1319 2780 gratulatum
1340 2693 1405 2758 Ro-

180 2769 335 2829 ssrmlegata
344 2799 427 2840 mam
445 2777 557 2840 misere
571 2799 643 2840 cum
660 2799 789 2840 coroooe
811 2801 916 2842 atrreae
938 2778 1034 2855 dono,
1050 2801 1123 2864 quta
1142 2779 1177 2842 in
1194 2777 1359 2863 Capitolio
1372 2781 1406 2844 in

181 2869 298 2948 eqnsmss
345 2863 433 2928 Jovis
448 2861 526 2926 cella
548 2875 730 2946 poneretur.
753 2863 969 2948 suitllpondo
993 2865 1102 2951 viginti
1124 2865 1275 2950 quinque.
1320 2866 1405 2930 Con·

182 2939 270 2981 “¹⁰¹¹''
345 2947 427 3012 sulas
441 2947 535 3012 ambo
550 2948 590 3012 de
606 2949 801 3014 Samnitibus
816 2948 1061 3035 triumpharunt,
1074 2965 1223 3036 sequente
1236 2951 1343 3016 Decio
1359 2954 1406 3015 in·

181 3000 265 3062 pm*
346 3035 427 3122 signi
453 3053 525 3098 cum
554 3034 648 3098 laude
673 3035 844 3122 donisquer
867 3058 965 3123 quum
992 3036 1158 3102 incondito
1183 3035 1314 3101 militari
1333 3039 1408 3124 joco

761 3223 1002 3270 arsamosata.
1041 3223 1042 3228 ’

380 3426 412 3474 78
428 3427 595 3476 caumata
607 3427 703 3492 grava]
720 3425 782 3482 Quia
793 3425 861 3474 oneri
892 3425 956 3474 tium
966 3424 1065 3487 quidam
1078 3422 1145 3472 velut
1155 3423 1229 3480 orbis,
1242 3421 1332 3484 quibus
1343 3437 1358 3471 a
1369 3435 1409 3470 aa·

344 3497 408 3538 arsat
424 3492 613 3539 commeatibusr
631 3493 747 3553 taqua
759 3493 860 3538 nimiam
892 3491 1016 3537 natoribus
1043 3491 1106 3537 rem
1133 3489 1306 3549 indagantium
1334 3489 1409 3536 saltus

344 3561 527 3603 commentatrm
537 3557 785 3615 copiamahsumeret.
892 3567 1021 3601 nemorave
1035 3555 1174 3615 cingamur.
1186 3567 1217 3599 ne
1228 3565 1277 3612 qua
1292 3555 1351 3600 ieris
1368 3567 1408 3613 pa-

378 3619 411 3666 74
425 3621 523 3667 Dasius
540 3620 679 3683 legionibus]
704 3620 751 3666 llic
768 3620 860 3681 aliquid
892 3619 1079 3678 teateuugmm.
1098 3618 1275 3676 Hoceramplo
1288 3618 1410 3666 &molter

346 3685 399 3730 vitii
411 3686 484 3732 latere
496 3692 565 3744 putat
575 3685 629 3738 Jac,
640 3684 788 3742 Gronovius,
802 3685 861 3744 quia
892 3685 1001 3744 palomar
1020 3689 1093 3743 atque
1111 3681 1231 3741 dispersos
1249 3681 1359 3741 undique
1369 3697 1409 3730 ct>

346 3749 476 3796 veristmila
491 3749 731 3795 munidesturduas
745 3750 860 3809 intona,
892 3755 984 3808 gereet
1000 3747 1025 3792 in
1043 3758 1121 3793 unum
1137 3745 1249 3804 colligere
1268 3746 1346 3792 voluit
1358 3745 1408 3792 Va·

344 3811 387 3874 qni
398 3807 536 3860 'minans
546 3820 598 3858 arat
608 3813 736 3866 nascitus,
749 3813 861 3872 prasidio
892 3813 966 3858 larius
977 3817 1006 3858 ut
1021 3812 1046 3858 ir
1064 3811 1145 3858 medio
1159 3811 1320 3856 cederentur.
1353 3809 1408 3858 Du·

343 3879 543 3938 castnszreiictas·
577 3877 858 3938 lagtpossecensetset
892 3887 994 3924 rarius.

345 3941 432 3988 &mbas
453 3942 589 3996 eumuna.
607 3943 654 3996 vel,
674 3942 697 3988 si
719 3937 797 4003 major
816 3955 861 3986 nu·
917 3939 1022 3988 ‘tt'At
1035 3939 1141 3986 Romarm
1155 3939 1180 3984 br
1192 3936 1323 3997 Pelignus
1340 3941 1409 3986 uertit

345 4019 428 4052 mersas
443 4005 643 4064 parnatiacum
653 4005 760 4054 millibus.
796 4005 860 4052 illud
892 4002 1254 4067 bellam11nduxit,utomiaao
1269 4003 1407 4063 belloquod

343 4076 411 4115 certa
437 4076 542 4128 constat,
573 4071 697 4131 vulgatam
731 4069 861 4118 lectionem
894 4076 1036 4128 paraverant
1052 4067 1166 4116 adsersus
1176 4067 1311 4123 Romanos,
1326 4068 1352 4114 io
1365 4068 1408 4116 re·

343 4137 552 4191 mnonpossa.
850 4155 852 4160 ·
892 4133 972 4193 lignos
981 4139 1187 4182 veneantmma·

378 4195 411 4242 tt
438 4196 565 4262 indagine]
598 4197 723 4259 Imagtae
763 4199 861 4262 nomiae
928 4196 959 4244 77
976 4195 1059 4244 Posido
1077 4197 1164 4256 nudati
1180 4197 1291 4260 quisquc}
1315 4196 1408 4243 Marca-

344 4261 441 4321 proprta
449 4262 596 4322 intelligitur
615 4263 751 4323 plagarum,
764 4275 807 4310 aar
823 4275 861 4308 ra·
894 4273 950 4309 rum
962 4269 1100 4310 noemmin
1111 4261 1151 4310 80.
1163 4273 1221 4310 erun
1231 4261 1366 4309 amanus.
