3008 4908
353 194 410 258 aus
730 161 1004 256 nr‘rr'nrvrr

193 375 224 426 u.
234 377 262 427 c.
272 377 328 425 me.
353 359 556 445 consulteque
569 359 769 424 commissum
785 373 842 436 est,
857 379 922 422 non
945 358 1091 424 subsidiis
1106 359 1226 424 firmata
1246 361 1316 438 acie,
1332 383 1388 428 non

193 441 224 489 ⁸2
236 443 262 491 ὓ
273 442 329 492 ⁴²⁰·
353 449 458 532 equite
470 457 544 530 apte
557 445 671 522 locato,
688 466 875 510 concursum
887 459 943 510 est.
966 448 1087 510 clamor
1102 444 1248 510 indicium
1262 449 1387 531 primum

352 532 421 608 fuir,
437 554 502 618 quo
517 553 565 595 res
580 532 768 596 inclinatura
782 545 872 595 esset.
888 533 1056 597 excitatior
1070 532 1267 618 crebriorque
1276 536 1314 597 ab
1324 533 1390 597 hos·

352 631 384 681 te
398 618 556 692 sublatus3
578 618 620 683 ab
637 619 791 681 Romanis
806 619 956 694 dissonus,
978 620 1079 703 inpar,
1096 620 1326 706 segnius'srepe
1339 623 1390 684 ite·

192 717 448 780 Ponunturratus,
464 703 620 768 ⁷⁵incsrto
641 705 778 769 clamore
792 703 933 788 prodidit
953 727 1100 788 pavorem
1121 705 1305 769 animorum.
1347 705 1391 771 Eo

193 783 304 832 ¹¹⁰m⁸¹¹⁵¹
351 790 486 854 ferocior
505 789 620 854 inlatus
639 791 746 867 hostis,
765 812 875 876 urgere
897 791 1002 870 scutis,
1019 793 1134 855 micare
1155 790 1281 878 gladiis:
1302 791 1392 856 altera

351 888 494 960 exparte
508 890 621 941 nutant
635 877 968 960 circumspectantibus
990 877 1100 965 galeae,
1123 889 1155 940 et
1176 877 1283 942 incerti
1305 879 1392 962 trepi-

352 961 439 1039 dant,
454 962 675 1048 adplicantque
697 987 729 1026 se
743 962 854 1027 turbae.
900 963 998 1051 Signa
1020 985 1106 1028 nunc
1125 965 1296 1028 resistentia
1313 965 1392 1028 dese·

351 1062 465 1113 runtur
478 1053 520 1113 ab
535 1051 755 1138 antesignanis,
772 1071 857 1113 nunc
874 1049 957 1113 inter
970 1071 1043 1114 suos
1058 1049 1234 1136 manipulos
1249 1051 1393 1134 recipiun-

352 1147 415 1198 tur.
437 1134 579 1200 nondum
603 1135 677 1224 suga
699 1150 793 1212 certa,
810 1135 951 1200 nondum
969 1138 1099 1201 victoria
1123 1149 1200 1200 erat.
1223 1137 1285 1224 tegi
1303 1137 1392 1222 magis

353 1221 525 1299 Romanus,
549 1245 641 1308 quam
666 1243 818 1309 pugnare.
866 1221 995 1286 Volscus
1021 1221 1137 1287 inferre
1166 1223 1265 1309 signo,
1290 1245 1393 1306 urgere

352 1308 461 1382 aciem,
478 1311 550 1390 plus
565 1309 660 1374 caedis
676 1311 811 1372 hostium
827 1307 942 1385 videre,
958 1331 1053 1395 quarn
1069 1307 1162 1394 fugas.
1188 1333 1190 1340 ’

396 1393 603 1458 XXXVlll.
625 1395 696 1458 Jnm
728 1394 874 1458 omnibus
903 1393 981 1457 locis
1008 1394 1157 1459 creditur.
1191 1393 1392 1496 nequidquam

354 1480 542 1566 Sempronio
556 1481 687 1544 consule
701 1480 794 1566 objur
834 1495 888 1544 nte
902 1495 996 1566 atque
1007 1481 1165 1558 hortante,
1181 1480 1260 1544 nihil
1275 1503 1329 1546 nec
1343 1481 1393 1544 im·

350 1566 485 1646 perium,
500 1587 559 1629 nec
577 1568 720 1630 ma'estas
737 1503 877 1631 vatdio
900 1567 1035 1666 dataque
1057 1589 1132 1631 mox
1155 1581 1245 1652 terga
1265 1566 1394 1632 hostibus

350 1649 466 1728 forent,
482 1651 515 1714 ni
532 1653 609 1718 Sex.
623 1589 829 1738 lampanius,
850 1652 876 1696 '¹⁴
885 1652 1015 1717 decurro
1029 1655 1182 1740 equiturn,
1199 1652 1321 1718 labente
1334 1655 1393 1738 jorn

351 1757 395 1813 re,
411 1738 559 1821 praesenti
582 1739 689 1802 snimo
709 1739 912 1803 subvenisset.
934 1740 987 1826 qui
1010 1761 1107 1826 quum
1123 1761 1240 1826 magna
1261 1761 1334 1804 voce
1347 1761 1393 1802 ex·

352 1821 523 1899 clamasset,
539 1834 573 1887 ut
587 1827 710 1908 equites,
726 1827 779 1909 qui
792 1827 906 1890 salrum
921 1827 1133 1908 rempublicam
1153 1830 1264 1892 uellent
1284 1849 1349 1903 esse,
1364 1847 1396 1888 er

352 1911 436 1992 equis
450 1912 608 1974 desilirent
616 1935 629 1985 ,·
652 1913 792 1973 omnium
806 1926 981 1974 turmarum
997 1913 1166 2000 equitibus,
1180 1913 1264 1977 velut
1277 1911 1316 1976 nd
1329 1933 1395 1975 con·

353 1993 429 2059 aulis
452 1996 617 2080 imperium
642 1998 743 2072 motis,
759 1996 785 2040 ⁷⁵
794 1998 868 2061 Nisi
881 2000 953 2074 trec,
971 1999 1082 2084 inquit,
1097 2012 1220 2065 armato
1234 2001 1334 2063 cohors
1347 2000 1396 2062 sit·

353 2091 402 2146 tot
424 2085 557 2165 inpetum
576 2084 714 2158 hostium,
730 2093 827 2146 actum
851 2087 888 2146 de
911 2086 1037 2167 imperio
1062 2097 1115 2148 est.
1161 2086 1329 2171 Sequimini
1340 2103 1395 2167 pro

354 2169 465 2232 maille
487 2170 637 2252 crepidem
663 2192 766 2232 meum.
789 2171 937 2233 ostendite
951 2171 1101 2236 Romanu
1120 2171 1299 2256 Volscisque,
1313 2189 1397 2254 neque

353 2255 504 2338 equitibus
518 2255 601 2318 vodis
614 2257 690 2320 ullos
704 2257 827 2340 equites,
843 2278 897 2319 nec
914 2257 1069 2338 peditibus
1087 2278 1148 2322 esse
1164 2261 1286 2342 pedites
1304 2277 1394 2340 pares.

353 2339 462 2416 Quum
486 2339 624 2406 clarnore
643 2343 848 2426 comprobata
863 2341 1042 2406 adhortatio
1055 2357 1146 2424 esset,
1163 2345 1248 2408 vadit
1262 2343 1322 2408 alte
1335 2362 1395 2408 cus·

350 2425 455 2511 pidem
482 2449 603 2514 gerens.
630 2451 829 2514 quacumque
858 2428 1017 2504 incedunt,
1046 2429 1074 2492 vi
1100 2429 1182 2493 viam
1210 2429 1342 2494 faciunt:
1363 2447 1395 2488 eo

351 2534 384 2576 se
397 2512 537 2578 inierunt
554 2514 684 2600 objectis
710 2517 837 2598 parmis,
854 2515 907 2578 ubi
929 2537 1057 2578 suorum
1079 2515 1251 2598 plurimum
1268 2514 1393 2578 laborem

351 2598 469 2664 uident.
491 2601 666 2664 restituitur
680 2602 826 2664 omnibus
846 2601 922 2664 locis
942 2623 1060 2688 pugna,
1077 2602 1194 2688 inques
1216 2625 1269 2667 eos
1285 2603 1396 2686 inpetus

351 2684 440 2749 tulitr
463 2707 521 2750 nec
535 2685 666 2750 dubium
687 2699 765 2763 erut,
808 2687 873 2764 uin,
891 2688 915 2750 si
938 2703 1001 2751 tarn
1018 2689 1111 2771 pauci
1126 2688 1221 2753 simul
1237 2689 1323 2753 obire
1336 2705 1395 2751 orn·

350 2770 405 2836 uia
419 2786 557 2851 possent,
575 2789 663 2857 terga
677 2772 783 2836 daturi
823 2787 903 2836 ostes
918 2771 1041 2837 hierint.

294 2867 298 2876 '
395 2855 560 2922 XXXIX.
585 2857 627 2920 Et
653 2879 751 2942 quum
772 2859 839 2944 jam
865 2871 955 2943 parte
978 2859 1066 2924 nulla
1089 2862 1327 2934 sustinerentur,
1348 2857 1395 2920 dat

351 2941 477 3028 signum
500 2941 526 2984 ⁷⁶
539 2942 690 3007 Volscus‘
711 2944 891 3028 imperator,
921 2958 958 3009 ut
985 2947 1145 3046 parmatis,
1169 2969 1262 3012 novae
1283 2942 1395 3010 cohorti

350 3025 500 3102 hostiurn,
521 3027 608 3092 locus
627 3028 729 3106 detur,
745 3029 847 3093 donec
861 3033 970 3115 inpetu
986 3032 1074 3096 inlati
1095 3032 1135 3097 ab
1155 3034 1219 3098 suis
1241 3030 1395 3098 excludan-

351 3127 415 3178 tur.
460 3112 558 3189 Quotl
577 3114 630 3179 ubi
645 3128 690 3179 est
705 3113 832 3192 iactum,
846 3115 1005 3182 interclusi
1020 3119 1156 3204 equites:
1179 3141 1239 3184 nec
1264 3137 1394 3205 perrurn·

351 3219 427 3280 pere
445 3198 566 3277 eadem,
587 3223 651 3287 qua
676 3203 874 3280 transierant,
899 3225 1007 3287 posse3
1028 3205 1072 3268 ibi
1100 3207 1237 3278 maxime
1261 3201 1397 3270 confertis

351 3282 504 3366 hostibus,
520 3309 582 3372 qua
596 3287 678 3351 viam
701 3287 856 3353 fecerant:
878 3303 910 3354 et
935 3291 1044 3355 consul
1066 3291 1269 3380 legionesque
1289 3291 1396 3355 Roma·

588 3412 703 3473 ‘regnam
714 3413 865 3459 Grumcrev.
970 3405 981 3446 f
1000 3413 1084 3460 Volscis
1096 3413 1171 3461 Gran.

351 3538 399 3585 que
415 3527 503 3586 primo,
520 3533 633 3576 accurata
649 3535 674 3575 et
691 3531 795 3578 rotunda
806 3531 864 3577 fluet
930 3529 961 3578 tt
976 3530 1077 3577 neura
1103 3530 1218 3594 equium]
1251 3529 1347 3576 Tum
1374 3521 1396 3566 1¹¹

351 3589 442 3637 oratio:
460 3589 560 3650 Prelio,
571 3591 629 3652 qnod
643 3593 670 3639 ol
681 3593 816 3654 Scropronio
826 3595 863 3640 iss-
896 3595 1004 3641 deeurias
1015 3594 1190 3640 dividebantur.
1223 3591 1332 3640 Decurire
1341 3600 1396 3648 pre·

351 3657 416 3700 mute
448 3655 615 3716 incororrtteqae
640 3659 784 3704 commissam
821 3663 863 3712 ert,
896 3659 974 3704 teetus
985 3659 1114 3704 uocabatur
1124 3658 1230 3704 decurio.

350 3731 397 3764 sos
414 3719 520 3766 subdditi
533 3721 631 3782 firman
650 3721 707 3780 acie,
724 3735 770 3767 non
791 3723 873 3783 equite,
929 3721 961 3770 'lo
977 3721 1039 3768 Nur
1059 3721 1106 3767 lroec
1204 3724 1294 3768 assueto
1314 3709 1395 3788 mhort]

310 3843 315 3848 Ι
381 3785 404 3828 te
421 3783 502 3839 lauto,
524 3784 610 3830 clamor
626 3783 740 3832 indiciam
757 3786 864 3846 primam
897 3787 1024 3848 lngenrose
1045 3787 1195 3832 Gronovius:
1219 3787 1332 3846 perorato·
1362 3778 1397 3852 δίς

343 3795 508 3908 &queres
519 3847 659 3894 inclinarem
669 3854 733 3896 esset.
896 3865 917 3897 c.
941 3859 990 3912 seq.
1038 3849 1070 3896 Ut
1092 3851 1217 3910 poematis,
1237 3861 1301 3895 πονιτ
1319 3843 1397 3891 mitri·

383 3911 646 3974 ⁷81oeertoelamore]
671 3913 737 3960 Ferri
756 3927 804 3960 non
823 3927 865 3974 po-
896 3913 1002 3961 troetiam.
1036 3913 1136 3974 Equites
1147 3928 1194 3960 noa
1213 3921 1281 3960 scuta
1298 3915 1338 3957 out
1353 3907 1396 3964 cly-

351 3981 399 4022 test
417 3975 587 4024 cunm...
593 3975 700 4036 prodidit
716 3979 803 4024 incerto
819 3979 864 4024 atu-
897 3991 962 4038 pens,
980 3980 1022 4025 sed
1039 3991 1134 4038 pannas
1151 3981 1266 4038 gerebant
1282 3973 1397 4024 rotundat»

350 4053 420 4086 more.
454 4039 588 4100 ltaquevel
604 4042 654 4087 duo
672 4042 725 4088 hec
743 4050 864 4102 postrema
896 4043 997 4089 leviores
1007 4056 1035 4089 ac
1046 4043 1151 4089 minores
1162 4043 1235 4090 acutis
1246 4039 1382 4101 clypeisque·

351 4105 425 4150 ruba
443 4107 544 4152 omniuo
562 4103 663 4150 delenda
680 4113 746 4162 suat,
763 4109 801 4154 vel
821 4121 865 4168 pro
929 4108 960 4154 ‘16
982 4107 1073 4153 Volscus
1090 4102 1228 4170 imperator]
1249 4103 1328 4162 Vulgo
1349 4095 1396 4146 Vol·

351 4168 382 4214 iis
399 4169 530 4229 tegendum
546 4171 655 4216 martas.
680 4171 863 4218 (clamen...
895 4173 957 4219 setu-
979 4171 1134 4218 Corrextmus
1149 4184 1179 4217 ex
1195 4169 1395 4222 auctoritateque·

350 4229 463 4286 timna,
482 4233 567 4294 impar,
584 4235 672 4294 seph,
688 4247 747 4295 ιαμ
757 4238 861 4291 iteratam
896 4242 951 4282 tuor
963 4234 1035 4284 MSS.
1046 4250 1060 4281 ι
1071 4235 1192 4281 Gronovio
1204 4236 1394 4281 memoratorum,

351 4295 452 4342 m
469 4295 575 4357 prodidit
589 4311 700 4358 moron
723 4301 862 4348 mmmm.
895 4301 970 4346 utum
986 4301 1017 4347 sb
1037 4299 1159 4355 litamios
1176 4293 1396 4359 quibuscomontat

352 4357 782 4424 Etsicprorausediditcampmus.
896 4365 981 4424 soto,
996 4365 1306 4424 andumctcsmpunus
