3008 4908
485 235 537 296 Ll
549 235 579 296 Β.
608 235 659 297 tv.
683 231 786 297 CAP.
815 236 852 294 X.
1114 223 1169 296 'all

2 411 3 416 ’
109 401 233 466 Priores
250 399 379 478 Volsci,
401 400 482 465 duce
506 401 615 488 AEquo
638 399 752 466 Cloelio
760 403 777 479 ¹,
802 399 941 465 Ardeam
967 419 1081 466 venere
1089 409 1115 479 ¹¹,
1138 414 1313 470 stacam.

2 494 3 505 ¹
108 489 268 553 moenibus
283 488 425 554 hostium
441 487 556 552 vallum
572 487 723 552 ob'ecere.
769 487 868 565 Quod
891 487 945 552 ubi
970 485 1106 552 Romam
1122 486 1314 553 emec-4¹⁰·

4 589 6 649 ζ
106 576 307 650 nunciatum,
333 573 494 660 extemplo
521 571 570 638 M.
595 511 756 662 (ieganius
778 573 899 654 cnrrsul,
929 596 1000 638 cum
1031 575 1168 640 exercitu

108 661 278 744 profectus,
296 660 360 724 tria
376 660 472 724 millia
484 681 633 746 passuum
657 660 698 724 ab
719 660 808 724 hoste
830 660 934 724 locum
950 659 1060 724 castris
1074 661 1169 746 cepit,

107 747 332 832 praecipitique
349 748 415 832 jam
439 745 490 810 dic
511 768 621 810 curare
643 767 777 830 corpora
800 746 913 810 milites
932 747 1035 832 jubet.
1058 760 1169 831 quarta

12 893 13 897 ,
109 833 221 898 deinde
237 831 349 920 vigilia
364 833 454 917 signa
469 832 602 917 profert:
625 848 831 916 ereptumque
853 855 932 918 opus
954 832 1033 897 adeo
1052 833 1169 924 adpro-

110 933 253 1004 peratum
269 931 328 996 est,
345 931 391 995 ut,
408 918 472 982 sole
491 933 571 995 orto,
584 919 689 982 Volsci
706 918 844 982 firmiore
859 941 891 982 se
905 920 1104 984 munimento
1127 919 1329 986 abalienante

112 1005 267 1071 Romanis
282 1003 543 1080 circumvallitos,
560 1025 653 1090 quam
669 1027 688 1068 a
702 1026 734 1066 se
748 1005 872 1085 urbem,
886 1005 1038 1070 viderent.
1060 1017 1091 1069 et
1105 1005 1322 1074 ,paestanus

113 1104 198 1176 parte
221 1091 334 1156 consul
357 1112 450 1154 muro
476 1091 591 1155 Ardere
613 1089 812 1156 ⁶⁰brachium
832 1091 1027 1176 injunxeram
1050 1113 1113 1178 qua
1127 1113 1168 1157 ex

111 1178 229 1263 oppido
242 1179 290 1241 sui
308 1198 485 1241 commeare
498 1189 636 1262 possent.
876 1183 880 1192 ’

154 1264 200 1328 X.
224 1263 363 1332 Volscus
382 1263 563 1348 imperator,
580 1263 634 1349 qui
657 1263 779 1327 adeam
795 1262 891 1339 diem,
908 1285 972 1327 non
989 1278 1167 1330 commeatu

113 1361 302 1436 preparato,
319 1348 376 1414 sed
389 1369 428 1412 ex
444 1350 648 1434 populatione
662 1369 811 1436 agrorum
834 1364 926 1434 rapto
947 1349 979 1413 in
1002 1349 1084 1414 diem
1102 1349 1168 1415 sru-

112 1449 218 1501 mento
231 1435 361 1501 aluisset
375 1435 518 1512 militem,
534 1451 699 1521 postquam
721 1449 827 1519 septus
844 1434 926 1499 sallo
947 1457 981 1500 re
1023 1449 1075 1500 nte
1098 1437 1167 1500 ino·-

9 1538 12 1563 ’
111 1543 180 1607 pem
203 1523 348 1586 omniurn
370 1541 476 1585 rerum
492 1521 586 1598 videt,
602 1520 642 1586 ad
665 1521 867 1607 conloquium
884 1538 1166 1599 consueerocato,

110 1611 135 1670 ri
148 1609 297 1674 solvende
311 1608 471 1672 obsidionis
484 1629 595 1674 caussa
613 1607 725 1671 oenem't
739 1601 908 1684 Iiomdnus,
925 1609 1121 1674 abducturum
1135 1630 1168 1673 se

109 1696 177 1758 inde
197 1695 330 1774 Volscos,
345 1695 398 1758 ait
442 1693 602 1758 Adversus
623 1693 794 1771 caconem,
810 1694 894 1758 uictis
915 1696 1094 1760 conditiones
1115 1718 1165 1760 aa

111 1783 262 1862 sipiendos
276 1801 349 1857 esse,
368 1801 424 1842 non
437 1777 596 1860 serendas,
612 1780 790 1863 respondit3
814 1801 917 1866 neptis,
933 1791 967 1844 at
980 1782 1112 1845 venerint
1126 1785 1168 1848 ad

109 1869 325 1952 obpugnandos
345 1867 440 1929 socios
463 1867 564 1947 pepuli
587 1866 792 1930 Romaniano
812 1867 946 1943 arbitrio,
969 1867 1015 1931 ita
1036 1869 1169 1933 abituros

114 1953 233 2018 Volscos
247 1973 320 2015 esse.
366 1953 451 2015 Dedi
473 1954 688 2034 imperatorem,
706 1973 793 2015 omna
814 1955 897 2033 poni,
914 1953 1017 2038 jubet,
1032 1951 1168 2034 sotertes

108 2041 203 2103 uictos
214 2061 248 2102 sc
262 2060 334 2114 esse,
352 2047 402 2100 et*¹
417 2039 538 2120 imperio
551 2059 667 2118 parcre.
684 2039 781 2116 etiter,
800 2049 862 2102 tom
878 2037 1062 2110 abeuntibus
1077 2063 1168 2126 quam

108 2127 306 2200 succentibus,
329 2145 362 2187 se
385 2125 496 2186 hostem
514 2122 672 2205 infernum,
687 2125 841 2188 uictoriam
863 2127 962 2202 potins
983 2147 1022 2189 ex
1040 2125 1165 2203 Volscis,

108 2231 200 2294 quam
222 2231 329 2292 pacem
350 2209 484 2288 infidum,
502 2209 631 2274 Rornom
654 2211 824 2274 relaturum.
848 2210 872 2248 ⁶¹
885 2210 992 2274 Volsci
1015 2212 1165 2298 exiguam
1176 2235 1329 2297 victumu-

87 2319 193 2382 ‚sptem
210 2298 243 2360 in
261 2297 368 2375 armis,
384 2295 442 2359 alia
459 2296 597 2382 undique
612 2297 755 2372 abscissa,
772 2317 871 2382 quum
887 2311 1066 2374 tentassent,
1084 2303 1329 2381 prae-wducemffb

107 2398 155 2447 ter
169 2396 275 2448 cetera
288 2382 419 2446 adversa
431 2381 503 2446 loco
522 2403 647 2468 quoque
661 2381 771 2466 iniquo
786 2381 825 2444 ad
837 2403 978 2468 pugnam
995 2379 1261 2476 congressi,³,{¹¹⁵{¹,¹,¹¹¹¹r
1272 2374 1330 2412 ‘¹³¹⁸'

106 2470 265 2554 iniquiore
286 2467 327 2532 ad
350 2468 468 2568 fugam,
484 2489 582 2554 quum
605 2471 645 2530 ab
671 2467 758 2533 omni
784 2481 873 2552 parte
894 2466 1101 2544 cederentur,
1127 2473 1166 2534 ad
1260 2462 1268 2476 ⁰

8 2559 10 2626 ἶ
105 2577 214 2641 preces
229 2579 248 2618 a
261 2569 434 2620 certamine
449 2555 539 2630 versi,
564 2553 674 2618 dedito
697 2555 888 2637 imperatore
909 2553 1094 2638 traditisque
1116 2577 1166 2618 ar·

105 2644 174 2720 mis,
191 2642 253 2707 sub
269 2642 384 2726 jugam
406 2639 503 2721 missi,
524 2661 597 2704 curn
618 2640 751 2726 singulis
773 2639 964 2704 vestimentis
983 2639 1167 2728 ignominiae

105 2729 202 2794 cladis
226 2749 267 2794 ue
294 2727 380 2812 pleni
409 2726 622 2791 dimittuntur.
645 2740 686 2802 et,
710 2747 808 2811 quum
835 2725 919 2789 haud
945 2726 1057 2812 procul
1090 2727 1167 2794 urbe

104 2751 250 2880 Tuscdio
273 2811 497 2890 consedissent,
523 2825 626 2876 vetere
649 2811 905 2876 Tusculanorum
930 2812 1005 2877 odio
1030 2813 1166 2879 inermes

104 2899 248 2986 obpressi
263 2898 422 2964 dederunt
439 2919 558 2984 poenas,
574 2899 627 2962 vix
650 2899 774 2964 nunciis
794 2897 890 2964 caedis
912 2898 1039 2964 relictis.
1061 2899 1088 2938 ⁶²
1099 2899 1165 2966 Ro·
1174 2907 1261 2954 nraeae
1274 2919 1313 2952 m

9 2983 10 2989 ¹
104 2997 239 3052 manus⁰
255 2985 372 3050 Ardere
393 2985 532 3050 turbatas
554 2985 708 3049 seditione
731 3007 788 3062 res,
805 2985 999 3070 principibus
1015 2987 1081 3071 ejus
1097 3009 1165 3052 mo·
1173 2973 1321 3032 amputa.

104 3089 154 3138 tus
167 3073 274 3138 securi
290 3071 456 3155 percussis,
470 3071 623 3157 bonisque
633 3093 741 3135 eorum
754 3072 786 3135 in
800 3070 961 3156 publicum
975 3073 1166 3139 Ardeatium

103 3161 252 3232 redactis,
269 3159 462 3242 composuit:
486 3158 689 3244 demtamquo
708 3158 856 3243 injuriam
870 3157 981 3243 judicii
1006 3174 1096 3225 tanto
1111 3161 1166 3228 be·

103 3246 220 3312 neficio
229 3244 340 3332 populi
353 3244 489 3308 Romani
504 3243 658 3307 Ardeates
667 3243 855 3320 dredebent3
871 3246 1167 3332 senatuisuperesse.

103 3333 223 3420 aliquid
249 3334 289 3396 ad
311 3328 480 3394 delendum
504 3328 641 3413 publicar
663 3331 803 3394 avaritiae
822 3345 1065 3395 monumentum
1080 3332 1167 3396 vide·

104 3417 208 3484 batur.
257 3415 379 3482 Consul
402 3415 600 3502 triumphans
622 3415 654 3478 in
675 3416 787 3481 urbem
810 3414 892 3480 redit
901 3431 923 3494 1³,
945 3416 1064 3482 Cloelio
1085 3418 1167 3485 duce

106 3504 299 3570 Volscorum
324 3515 400 3566 ante
424 3523 551 3566 currum
573 3501 679 3575 ducto,
694 3501 896 3588 praelatisque
919 3502 1035 3587 spoliis,
1052 3504 1167 3589 quibus

108 3590 308 3658 dearmatum
324 3589 499 3653 exercitum
514 3588 653 3652 hostium
669 3588 850 3676 subjugum
867 3588 1003 3653 miserat.
1047 3589 1167 3676 AEqua·

105 3679 157 3756 vit,
173 3677 264 3766 quod
285 3673 372 3740 haud
400 3672 489 3738 facile
503 3687 559 3752 est,
577 3674 746 3751 Quinctius
769 3674 880 3740 consul
902 3687 1028 3761 togatus
1053 3677 1167 3740 armati

106 3763 239 3852 gloriam
262 3761 414 3850 collegae:
436 3759 570 3847 6³quiaq
592 3760 770 3826 concordie
792 3763 940 3848 pacisque
961 3761 1167 3827 domesticam

138 3916 145 3956 ¹
162 3920 250 3972 Cluilia
261 3919 338 3968 Gron-
352 3919 424 3966 (lter-
487 3919 506 3950 Ν
523 3921 633 3964 emerunt
643 3919 717 3964 Gran.
729 3917 921 3966 memorem..
978 3919 992 3948 ¹¹
1007 3915 1086 3963 etdel.
1096 3916 1167 3964 Cret.

110 3987 182 4034 ‘add
196 3984 286 4034 emat
296 3984 373 4032 aron.
405 3980 498 4028 remur
510 3981 599 4030 Cluilio
612 3981 689 4029 Volsco
704 3996 743 4028 aar
753 3981 809 4027 duca
819 3981 892 4028 Gron.
903 3980 971 4028 Crev-
1006 3982 1069 4042 iqui
1081 3983 1151 4028 Creu.

139 4111 329 4198 ibBrarbinrn]
353 4131 455 4178 Vallum
483 4131 622 4192 pertingens
654 4129 717 4189 dmm
730 4127 917 4188 circumfluunt
928 4131 1058 4177 manerent.

113 4199 220 4246 scutra
246 4198 368 4246 Romania
392 4197 423 4244 ad
446 4197 540 4243 urbem.
568 4195 622 4242 vid.
687 4193 718 4240 δί
735 4191 856 4238 amm
870 4191 966 4255 Ardea]
985 4193 1032 4240 lllc
1051 4195 1111 4242 editi
1126 4200 1168 4245 ad-

115 4257 199 4320 Luat
212 4263 246 4312 ll.
259 4261 458 4312 renumerat.
470 4259 493 4310 2.
654 4259 744 4306 debant
761 4267 845 4301 vocem
862 4257 954 4302 emeat:
972 4259 1083 4306 sedeam
1099 4262 1169 4322 igno.

141 4325 168 4374 tl
196 4329 283 4392 Veteri]
325 4323 400 4373 rotet
427 4327 537 4386 wigurm
560 4337 623 4386 rpem
655 4321 903 4380 rantomnesscripn'.

113 4392 353 4448 quarantianum
370 4390 511 4448 seminalia
528 4403 625 4450 spesn·
687 4385 720 4432 68
738 4383 783 4441 Qut
803 4383 938 4449 termule]
963 4383 1020 4431 Duo
1041 4401 1054 4434 e
1080 4393 1167 4437 nostru

150 4475 215 4523 ror..
235 4481 259 4524 1.
387 4541 390 4548 γ
698 4469 720 4512 R
