3008 4908
335 195 394 260 290
492 189 603 248 ΤΙΤΙ
633 189 768 250 LlVll
800 188 1225 250 LlB.1V.CAP.LXl.

175 371 305 420 tuceta
337 377 377 418 ex
402 374 498 418 censu
523 352 715 429 contulisset,
740 353 894 436 primores
915 353 1028 438 plebis,
1051 353 1206 419 nobilium
1230 350 1336 430 amici,
1356 372 1396 414 eu

60 437 63 448 '
175 437 317 514 ‘bc-⁴⁰32
339 439 513 524 composito
536 437 678 503 conferre
702 440 867 524 incipiunt.
900 463 980 525 quos
1008 463 1107 527 quum
1137 453 1170 504 et
1196 462 1217 503 a
1247 437 1396 502 Patribus

175 503 330 613 ppquseqm-
339 524 533 601 conlaudari,
550 538 581 589 et
603 549 621 588 a
643 525 770 590 militari
795 537 888 590 aetote
912 539 1071 612 tamquam
1099 527 1199 590 bonos
1223 525 1306 590 ciues
1321 545 1398 588 con-

339 612 418 696 spici
441 611 554 694 vulgus
576 611 740 674 hominurn
758 611 846 688 vidit,
862 625 1001 696 repente,
1017 627 1124 697 spreto
1147 611 1320 676 tribunicio
1343 632 1400 673 au-

324 691 428 777 ‘xilio,
439 712 595 762 certamen
612 696 793 762 conserendi
805 713 851 762 est
861 712 977 764 ortum.
992 712 1034 776 et,
1049 698 1119 786 lege
1133 699 1253 782 perlate
1264 697 1307 764 de
1317 696 1400 760 indi-

340 784 442 850 cendo
459 783 644 848 Veientibus
658 783 752 868 bello,
767 783 938 848 exercitum
963 807 1079 873 magna
1093 807 1134 848 ex
1150 788 1241 870 parte
1254 782 1401 847 volunta·

341 871 423 934 rium
450 870 522 932 troui
548 869 668 934 tribuni
696 871 830 934 militum
853 869 1010 936 consulari
1025 885 1179 958 potestate
1194 869 1291 934 Veios
1315 869 1402 933 dua·

342 979 406 1022 ere.

180 1063 312 1112 uuam.
387 1042 481 1108 LXl.
506 1043 607 1108 Fuere
630 1055 735 1108 eutem
765 1043 885 1107 tribuni
916 1043 957 1107 T.
988 1043 1159 1120 Quinctius
1190 1041 1400 1128 Capitolinus,

180 1127 316 1206 ilc-,⁴02
344 1128 411 1205 Q.⁰
437 1127 609 1212 Quinctius
634 1129 852 1206 Cincinnatus,
870 1130 923 1194 Δ(3.
947 1130 1052 1196 Julius
1080 1129 1172 1195 Julus
1200 1130 1329 1204 iterum,
1359 1131 1400 1190 A.

179 1194 333 1304 'ggqffin
346 1215 497 1292 Manlius,
515 1215 554 1280 L.
571 1215 683 1280 Furius
698 1215 894 1280 Medullinus
908 1217 1036 1282 tertium
1046 1225 1068 1292 Ρ,
1087 1215 1149 1280 Μ’.
1163 1214 1316 1280 AEmilius
1328 1212 1402 1278 Ma·

180 1291 233 1368 uri
343 1303 511 1367 marcinus.
558 1302 610 1365 Ab
631 1301 680 1366 his
702 1302 839 1386 primam
854 1303 1051 1367 circumsessi
1070 1303 1139 1368 Veii
1153 1315 1243 1375 sunt;
1266 1300 1327 1366 sub
1346 1321 1402 1364 cu·

181 1403 279 1480 neeesse
338 1389 391 1474 jus
406 1388 531 1452 initium
548 1387 721 1452 obsidionis
737 1409 833 1473 quum
859 1387 1064 1454 Etruscorum
1092 1387 1262 1454 concilium
1288 1387 1330 1450 ad
1356 1385 1402 1450 sa·

180 1468 244 1514 Μ
317 1497 419 1546 ‚num
436 1473 620 1539 Voltumnae
634 1473 815 1562 frequenter
831 1473 975 1539 lrubitum
1000 1489 1088 1552 esset,
1113 1496 1224 1560 parum
1249 1473 1401 1550 corratitit,

343 1560 607 1644 bellonepublieo
623 1562 725 1644 gentis
742 1561 894 1625 universae
910 1561 1019 1625 tuendi
1032 1561 1179 1626 Veientes
1193 1573 1306 1624 essent.
1353 1559 1403 1623 Ea

229 1678 234 1684 ·
343 1646 541 1734 obpugnatio
562 1647 689 1734 segnior
710 1646 886 1732 insequenti
907 1669 993 1712 anno
1008 1648 1078 1725 fuit,
1094 1661 1184 1733 parte
1199 1647 1403 1710 tribunorum

184 1755 212 1801 tt.
224 1753 250 1800 c.
263 1751 318 1800 351.
344 1735 563 1818 exercitusque
584 1732 624 1796 ad
639 1732 788 1796 Volscum
812 1748 940 1798 uuocma
963 1732 1091 1799 bellurn.
1136 1733 1301 1798 Tribunos
1322 1730 1404 1794 mili-

181 1819 212 1864 Α·
224 1817 250 1864 ⁰·
263 1817 318 1864 ⁴⁰¹·
345 1830 412 1881 tum
434 1817 591 1882 consulari
606 1831 761 1902 potestate
782 1820 808 1883 is
829 1841 932 1884 annus
946 1819 1058 1886 habuit
1074 1821 1112 1884 C.
1124 1819 1289 1884 Valerium
1316 1816 1403 1886 Poti-

182 1882 413 1993 fflyffissr·tum
440 1903 577 1979 tertium,
601 1905 658 1969 Μ’.
676 1905 821 1992 Sergium
844 1906 1038 1984 Fidenatem,
1064 1906 1101 1971 P.
1119 1905 1304 1970 Cornelium
1332 1903 1404 1968 Ma·

182 2011 237 2056 uu.
346 1990 556 2078 laginensem,
582 1990 643 2054 Cn.
671 1990 855 2056 Cornelium
881 1992 1028 2074 Cossum,
1045 1993 1088 2058 K.
1106 1993 1239 2056 Fabium
1266 1990 1406 2056 Ambus·

346 2091 426 2153 tutu,
453 2077 507 2162 Sp.
538 2077 689 2141 Nautium
718 2077 862 2148 Rutilum
888 2079 1012 2145 iterum.
1063 2080 1145 2143 Cum
1170 2077 1294 2142 Volscis
1324 2078 1407 2142 inter

183 2162 265 2272 3³⁰¹&
348 2162 553 2228 Ferentinum
565 2177 658 2250 atque
674 2163 821 2228 &araur
838 2165 933 2251 signis
948 2165 1081 2230 conlutis
1097 2165 1292 2229 dimicatum.
1342 2164 1406 2228 llo·

208 2241 273 2272 ⁰⁸⁶¹·
348 2249 448 2314 arania
463 2250 600 2315 secunda
616 2249 745 2315 fortuna
765 2271 884 2340 pugnae
904 2252 973 2318 fuit.
1018 2251 1142 2316 Artena
1164 2251 1248 2327 inde,
1272 2249 1406 2314 Volsco·

346 2358 416 2400 runt
439 2336 603 2423 oppidum,
620 2335 660 2400 ab
675 2337 810 2402 tribunis
825 2338 962 2402 obsideri
985 2353 1100 2423 coepta.
1124 2338 1198 2401 inde
1212 2339 1295 2400 inter
1310 2359 1405 2421 erup·

344 2424 465 2488 tionem
493 2435 656 2504 tentatam,
678 2424 844 2508 compulso
868 2425 900 2488 in
927 2423 1037 2488 urbem
1061 2423 1161 2500 hoste,
1184 2423 1311 2488 occasio
1333 2422 1408 2489 date

345 2527 392 2597 est
418 2510 569 2574 Romanis
585 2511 796 2596 inrumpendi.
818 2511 1033 2598 ⁶⁷praeterque
1046 2532 1151 2576 arcem
1177 2524 1283 2575 cetera
1303 2523 1407 2594 capta

347 2598 378 2660 in
413 2617 517 2660 arcem
545 2597 699 2661 munitam
729 2611 845 2662 natura
898 2597 989 2660 lubus
1017 2610 1209 2662 armatorum
1240 2597 1406 2662 concessit

350 2682 436 2746 lnfra
452 2675 555 2746 arce'm
571 2682 643 2746 caesi
658 2683 805 2769 captique
821 2619 911 2747 multi
926 2686 1086 2748 mortales.
1107 2705 1166 2748 arx
1186 2681 1301 2752 deinde
1322 2683 1408 2748 obsi·

346 2768 497 2832 debatur:
522 2791 580 2832 nec
594 2782 650 2832 aut
665 2771 695 2832 vi
717 2770 790 2854 cepi
803 2783 937 2855 poterut,
953 2771 1028 2855 quia
1049 2791 1109 2853 pro
1131 2769 1233 2856 spatio
1248 2767 1311 2833 loci
1334 2769 1409 2833 satis

348 2855 485 2934 praesidii
501 2853 654 2930 habebat3
677 2866 733 2920 aut
753 2877 841 2938 spem
862 2856 958 2920 dabat
973 2855 1151 2934 deditionis,
1165 2855 1253 2920 omni
1276 2855 1409 2940 publico

347 2939 515 3016 frumento,
541 2939 725 3024 priusquam
754 2941 829 3005 urbs
852 2955 1027 3026 caperetur,
1055 2943 1087 3005 in
1113 2963 1215 3006 arcem
1242 2955 1408 3006 consecto.

346 3023 505 3108 toedioqtle
530 3045 686 3090 recessum
711 3027 787 3092 iude
811 3027 902 3106 foret,
926 3029 958 3092 ni
986 3051 1093 3094 servus
1119 3049 1223 3093 arcem
1252 3027 1411 3094 Romanis

347 3109 546 3194 prodidisset.
563 3111 604 3175 ab
625 3134 663 3175 eo
685 3113 802 3177 milites
813 3113 870 3200 per
881 3115 984 3178 locum
997 3114 1132 3180 arduum
1147 3113 1269 3199 accepti
1284 3136 1409 3200 cepere.

347 3219 366 3258 a
391 3197 506 3282 quibus
532 3219 629 3280 quum
656 3201 799 3264 custodes
825 3199 1068 3279 trucidarentur,
1095 3214 1200 3266 cetera
1222 3199 1408 3278 multitudo,

346 3283 513 3368 repentino
536 3305 653 3370 pavore
677 3287 834 3372 obpressa,
861 3288 893 3350 in
920 3288 1113 3352 deditionem
1137 3287 1234 3352 venit.
1289 3286 1411 3352 Diruta

347 3383 380 3433 et
394 3391 466 3434 aree
480 3385 511 3435 et
527 3372 605 3435 urbe
628 3375 756 3450 Artena,
773 3373 911 3439 reducta
930 3374 1068 3462 legiones
1082 3397 1121 3438 ex
1139 3372 1262 3436 Volscis
1286 3373 1408 3438 omnis-

348 3477 409 3542 que
432 3457 479 3520 vis
506 3458 652 3522 Romana
674 3459 770 3524 Veios
800 3481 951 3524 converse
976 3473 1034 3524 est.
1084 3459 1255 3536 Proditori,
1291 3473 1410 3543 prester

238 3615 242 3628 ¹
347 3540 535 3622 libertatem,
561 3543 696 3610 duarum
727 3544 916 3611 familiarum
947 3547 1031 3612 bona
1061 3547 1095 3610 in
1127 3545 1297 3630 premium
1326 3547 1410 3610 data.

350 3629 477 3694 Servius
505 3633 668 3696 Romanus
691 3633 855 3698 vocitatus.
910 3635 1001 3711 Sunt,
1026 3633 1082 3720 qui
1109 3632 1264 3696 Artenam
1292 3631 1411 3698 Veien-

347 3715 438 3794 tium,
469 3738 534 3782 non
557 3717 758 3796 Volscorum,
792 3717 885 3784 luisse
914 3721 1053 3785 credunt.
1100 3717 1228 3782 Praebet
1255 3739 1409 3794 errorem,

348 3802 434 3888 quod
455 3804 592 3890 ejusdem
616 3805 753 3868 nominis
776 3809 849 3870 urbs
871 3809 953 3871 inter
977 3807 1069 3871 Crete
1094 3821 1188 3892 utque
1209 3803 1306 3869 Veios
1332 3802 1409 3868 fuit:

347 3889 401 3953 sed
425 3913 493 3954 eam
515 3912 604 3977 reges
630 3891 767 3954 Romani
790 3891 942 3969 delevere,
960 3892 1194 3979 Curetumque,
1211 3911 1277 3954 nou
1293 3891 1412 3956 Veien-

347 3976 438 4052 tium,
460 3975 572 4040 luerat.
617 3975 729 4041 Altero
751 3977 821 4042 brec
846 3981 974 4044 nomine
996 3980 1108 4044 eodem
1133 3981 1166 4042 in
1188 3977 1308 4042 Volsco
1332 3997 1412 4066 agro

340 4059 358 4124 f
360 4061 416 4139 uit,
433 4063 522 4148 cujus
537 4062 695 4128 excidium
711 4078 757 4129 est
771 4063 901 4130 dictum.
1404 4075 1407 4082 '

492 4187 505 4214 ⁰
517 4183 545 4240 Q.
557 4185 574 4234 l.
586 4184 619 4234 Ρ.
630 4185 704 4231 Gren.
717 4185 785 4232 Creu.
939 4189 1058 4234 ermom
1069 4187 1086 4234 l.
1096 4188 1179 4234 Mum
1193 4185 1261 4233 Eaed·
1308 4251 1314 4264 .

378 4293 409 4342 57
426 4295 561 4359 Prataque
581 4301 668 4366 errem]
694 4303 775 4351 sexies
797 4304 861 4351 intre
893 4306 1122 4353 obsemabitleetor.

345 4371 434 4419 paucos
458 4377 540 4410 versus
560 4379 637 4414 arerm
659 4367 697 4414 rel
718 4379 765 4413 ore
785 4369 861 4428 repeti
