3032 4924
343 163 403 218 324
651 185 655 194 ·
739 151 839 216 TlTl
867 151 1003 216 inv-11

185 332 216 386 tt.
228 339 255 388 c,
264 337 321 388 sss.
345 315 407 378 &m
422 321 547 400 agerent
555 333 570 388 ,⁸
583 328 746 398 coquerem
760 313 953 390 adducerent,
968 321 1003 376 ut
1015 313 1235 398 mliucfiters't,
1250 337 1307 382 non
1316 321 1383 402 cupi

185 401 320 452 Uim
352 399 447 478 Veios,
463 421 500 464 ne
515 399 615 463 Romu
629 401 824 463 mserum.
868 397 955 474 Quin
969 419 1033 462 non
1050 399 1079 462 vi
1094 399 1237 500 egebunt,
1252 403 1304 468 sed
1317 423 1382 488 pre·

178 483 181 492 '
346 485 444 572 cibus,
465 499 495 550 et
517 483 600 548 inter
619 505 730 570 preces
751 483 850 548 multu
864 484 1009 549 Deorum
1030 497 1148 549 mentio
1171 501 1247 567 eret,
1269 489 1383 576 religio·

185 581 334 650 mussans
347 592 417 635 sum
433 572 514 654 parti
529 570 680 634 maximae
701 567 769 634 suit
791 584 824 634 et
837 568 867 634 le
956 569 983 608 ¹²
994 593 1058 634 uua
1071 570 1175 654 plures
1194 574 1291 640 tribus
1311 576 1384 639 suti·

184 653 233 702 ¹⁸¹·
348 669 495 743 quarunt,
512 678 606 744 quam
615 657 785 741 jusserunt.
828 655 859 720 A
882 677 982 742 eoque
1001 678 1038 721 ca
1051 657 1181 724 victoria
1200 661 1271 726 laeta
1292 660 1385 725 Patri·

349 746 409 807 bus
430 741 502 823 fuit,
527 755 561 806 ut
585 757 710 824 postero
731 741 794 816 die,
815 740 1020 826 referentibus
1042 743 1233 824 consulibus,
1255 761 1386 811 serimus-

347 828 526 893 consultum
542 828 642 910 fieret,
656 841 692 893 ut
706 829 774 910 egri
785 827 949 892 Veientani
964 839 1092 913 septena
1110 832 1223 919 jugera
1243 832 1323 918 plebi
1343 831 1387 896 di·

347 915 547 990 viderentnr3
569 935 628 979 nec
650 912 792 998 patribus
813 913 941 978 lumiliae
962 926 1097 994 tantum,
1123 919 1176 981 sed
1198 931 1234 982 ut
1254 920 1385 983 omnium

348 1003 383 1068 in
396 1001 493 1066 domo
506 999 678 1065 liberorum
698 1000 835 1082 capitum
856 999 1143 1078 ratiohabereturc
1166 1003 1336 1091 vellentque
1358 1005 1386 1068 in

217 1123 219 1128 ·
348 1109 417 1153 eam
487 1109 519 1150 m
534 1085 649 1151 liberos
663 1085 783 1151 tollere.

191 1184 325 1237 nam
392 1170 423 1239 X
462 1173 521 1238 XI.
545 1171 735 1238 Eomunere
749 1171 887 1236 delenita
898 1171 998 1257 plebe,
1011 1172 1088 1238 nihil
1104 1187 1256 1242 certatum
1268 1190 1322 1258 est,
1353 1197 1389 1240 uo

189 1249 328 1365 ffiffi
351 1262 454 1325 minus
468 1257 644 1323 consularia
654 1258 782 1323 comitia
795 1257 996 1323 haberentur.
1019 1261 1115 1325 creati
1130 1263 1272 1329 consules
1288 1263 1322 1327 L.
1331 1197 1389 1326 lle·

190 1381 279 1435 pm,
292 1379 328 1428 M,
351 1345 447 1410 lenius
461 1345 594 1423 Potitus,
610 1345 659 1409 Μ.
675 1340 826 1420 Manlius,
846 1342 935 1408 ¹'cui
954 1344 1137 1429 Capitolino
1155 1363 1262 1433 postes
1284 1350 1390 1414 etiam⁰

191 1445 285 1492 Mauo
350 1431 606 1519 fiuitcognomen.
651 1429 700 1495 Hi
715 1429 858 1494 consules
877 1451 1007 1514 magnos
1022 1431 1113 1496 ludos
1126 1432 1239 1512 fecere,
1255 1455 1331 1520 quos
1345 1431 1389 1498 M·

80 1523 82 1528 ’
190 1509 258 1558 ⁰⁰⁶·
352 1519 467 1584 Furius
477 1517 613 1582 dictator
623 1515 884 1580 voveratVeienti
897 1515 991 1580 bello.
1022 1516 1145 1583 Eodem
1157 1543 1243 1586 anno
1252 1522 1330 1584 aedes
1339 1519 1390 1583 Ju-

350 1597 442 1669 nonis
455 1603 598 1685 Reginae,
611 1601 651 1667 ab
662 1601 934 1666 eodemdictatore
944 1602 1117 1690 eodemque
1128 1605 1211 1670 bello
1220 1621 1300 1682 vota,
1312 1603 1390 1670 dedi·

350 1702 455 1755 cuturr
477 1689 728 1774 celebratamque
737 1686 966 1752 dedicationem
978 1689 1099 1776 ingenti
1111 1706 1322 1758 matronarum
1334 1705 1391 1755 stu·

350 1775 405 1840 dio
415 1774 554 1840 trudunt.
578 1773 703 1838 Bellum
717 1773 802 1838 hund
818 1773 1020 1839 memorabile
1031 1775 1062 1838 in
1075 1777 1193 1864 Algido
1204 1801 1275 1843 cum
1286 1777 1390 1863 AEqu

350 1872 476 1942 aestum
499 1874 554 1934 est,
570 1857 645 1922 fusis
663 1857 805 1922 hostibus
827 1860 915 1942 prius
935 1881 1027 1944 pene,
1042 1883 1136 1946 quam
1165 1886 1275 1931 manus
1295 1885 1391 1928 conse

351 1960 468 2011 nerent.
512 1943 651 2021 Valerio,
667 1943 752 2031 quod
767 1949 1016 2030 perseverantior
1030 1949 1188 2016 caedendis
1202 1951 1234 2014 in
1250 1949 1322 2039 luga
1331 1947 1392 2026 tuit,

352 2030 549 2118 triumphus:
573 2029 710 2108 Manlio,
733 2043 769 2096 ut
794 2051 890 2094 ovans
912 2031 1132 2119 ingrederetur
1153 2036 1276 2115 urbem,
1296 2036 1393 2100 decre-

352 2131 419 2184 tum
435 2131 493 2183 est.
538 2116 660 2182 Eodem
682 2139 767 2180 anno
788 2137 905 2180 novum
927 2116 1043 2182 bellum
1067 2141 1138 2184 cum
1156 2121 1392 2187 Volsiniensibus

351 2220 516 2270 exortumt
540 2225 604 2290 qno
618 2214 748 2290 propter
762 2203 874 2268 samem
895 2202 1170 2293 pestilentiamque
1192 2207 1225 2272 in
1245 2229 1319 2296 egro
1334 2205 1392 2270 Ro-

354 2311 459 2366 manc,
489 2312 528 2355 en
558 2289 697 2355 siccitate
728 2287 947 2376 caloribusque
976 2290 1079 2354 nimiis
1108 2306 1222 2372 ortum,
1251 2292 1393 2358 exercitus

192 2393 342 2441 Volusium
354 2377 429 2443 duci
452 2376 602 2463 nequivit.
625 2375 667 2441 ob
687 2397 760 2461 quse
775 2374 997 2451 Volsinienses,
1015 2377 1231 2462 Salpinntibus
1252 2375 1394 2445 ad'imctis

192 2458 292 2507 sutum
355 2462 501 2550 superbis
524 2461 608 2540 elati,
629 2461 714 2526 ultro
792 2481 827 2524 os
848 2459 1008 2526 Romanos
1029 2461 1237 2531 incursavere.
1281 2402 1393 2530 liellum

355 2550 430 2615 indo
443 2549 568 2613 duobus
581 2546 707 2632 populis
721 2547 752 2610 in
778 2546 886 2610 ictum.
922 2547 948 2586 ¹⁴
959 2547 996 2610 C.
1010 2547 1114 2614 Julius
1128 2573 1241 2616 censor
1254 2547 1392 2615 decessit:

194 2648 231 2694 Μ.
245 2648 336 2694 curne-
355 2635 387 2699 in
402 2637 468 2721 ejus
482 2635 587 2699 locum
614 2632 663 2697 M.
680 2631 846 2696 Cornelius
868 2631 1034 2698 sublectus.
1056 2659 1128 2722 quae
1148 2658 1199 2702 res
1214 2649 1318 2724 postea
1332 2633 1395 2697 reli·

190 2713 334 2824 {affl
355 2721 443 2810 gioni
458 2719 533 2794 fuitt
549 2719 623 2804 quia
636 2738 676 2781 co
689 2717 790 2782 lustro
803 2717 906 2781 Romu
920 2732 968 2782 est
982 2735 1084 2804 cepta.
1129 2723 1199 2788 Nec
1213 2722 1322 2789 deinde
1333 2739 1394 2784 um-

763 2877 777 2906 ⁰
791 2875 860 2922 aum
870 2875 919 2925 del.
929 2876 999 2922 cccv.

390 3017 421 3072 ἥ
440 3021 493 3070 Uno
503 3010 598 3085 plures]
612 3019 651 3068 Sic
667 3017 733 3068 dedit
745 3017 865 3082 Sigonius,
898 3021 986 3070 clarius
1002 3017 1117 3082 exprimit
1137 3023 1202 3072 insta
1218 3017 1265 3070 vt.
1282 3013 1318 3066 li.
1338 3025 1394 3090 Μ]

356 3090 397 3136 cui
413 3087 578 3134 mentiuntur
592 3086 641 3132 duo
651 3099 665 3131 e
676 3087 743 3131 codd.
757 3083 865 3132 Heumli.
894 3099 966 3146 prope
985 3087 1101 3140 cubator.
1113 3089 1247 3147 cognomine
1262 3088 1319 3131 carte
1335 3079 1395 3138 Copt-

357 3153 423 3200 olim
439 3151 563 3212 legebatur
573 3163 653 3198 ccccm
685 3147 795 3197 'Sensus
812 3157 865 3197 estc
898 3149 968 3196 ωὶίκο
987 3151 1045 3197 dcvi
1067 3165 1149 3211 parem
1167 3151 1277 3214 fisaint·
1312 3145 1394 3193 'ism

357 3231 393 3264 ee
419 3217 496 3262 tribus
517 3227 572 3274 quse
599 3215 766 3276 mtiquabuut,
789 3215 867 3262 ulcere
898 3221 993 3262 constat
1013 3228 1147 3278 cognomen
1169 3215 1216 3262 boc
1243 3225 1289 3260 nou
1316 3217 1394 3282 nouum

357 3282 430 3328 unius
448 3279 525 3326 tribus
536 3291 644 3324 numero.
678 3277 867 3339 Porroonttqun·
899 3278 1015 3338 incepisse
1032 3280 1062 3325 ab
1080 3281 1125 3325 hoc
1143 3279 1178 3325 M.
1193 3279 1293 3326 Manlio.
1309 3274 1395 3320 Etenim

357 3347 494 3392 reverbum
514 3339 611 3390 solenne
630 3349 676 3400 est,
694 3356 743 3402 quo
764 3343 868 3404 populus
900 3343 917 3388 i.
938 3341 982 3388 Ν.
1002 3353 1074 3402 supro
1091 3353 1112 3390 c.
1128 3343 1164 3389 tt.
1185 3351 1279 3390 creatur
1297 3339 1395 3384 tutunus

357 3409 513 3534 :scm
528 3407 869 3532 estensem
899 3399 1395 3512 c

359 3539 415 3584 novi
426 3537 500 3583 statui
512 3537 573 3584 uolo.
900 3534 986 3580 minati
1004 3543 1071 3593 sunt,
1084 3540 1111 3581 ut
1129 3535 1239 3581 observat
1256 3530 1359 3591 Sigonius
1373 3533 1395 3566 m

391 3601 425 3650 2³
442 3601 488 3648 Cal
500 3601 630 3662 Capitclho
641 3598 777 3661 mensuit
787 3611 868 3658 cogno·
900 3599 943 3645 lib.
959 3598 988 3645 de
1007 3597 1154 3646 Nominibus
1166 3597 1289 3650 Romanis,
1300 3591 1357 3666 quod
1374 3585 1396 3630 1²¹

359 3666 423 3730 meu]
441 3663 625 3712 Gronoviun'ex
644 3663 721 3710 tribus
738 3661 809 3708 Mss.
822 3661 869 3722 legi
901 3661 1019 3722 Capitolio
1040 3663 1183 3710 habitarent.
1227 3661 1273 3708 Sed
1293 3659 1396 3704 ninnrul¹¹

357 3727 463 3795 jusserat
479 3733 559 3790 posteo
579 3729 650 3776 amm
661 3725 723 3790 suit.
764 3727 868 3786 Nempe.
902 3727 937 3772 Μ.
949 3727 1054 3774 Manlius
1066 3739 1199 3787 cognomen
1218 3727 1271 3778 boc.
1282 3716 1396 3788 mettin·

340 3793 449 3856 'lnquit,
481 3793 581 3839 ulterius
615 3791 744 3852 Cepitollni
776 3790 870 3844 Quintil
902 3792 967 3837 rium
984 3790 1029 3836 sibl
1049 3779 1396 3852 relietumproprioetpsmb·

360 3861 455 3907 dudum
465 3856 727 3904 mentiossctal'uerat.
760 3853 807 3902 Sed
825 3855 871 3901 boc
902 3853 938 3901 ari
948 3851 1004 3915 jure
1016 3855 1060 3902 sibi
1072 3854 1173 3900 emeruit
1183 3851 1271 3913 insigni
1286 3850 1325 3894 illo
1341 3845 1396 3918 lecto

360 3925 434 3970 ulmis
450 3937 464 3969 e
481 3919 612 3982 longinquo
628 3919 788 3980 petitumest.
819 3918 870 3964 ltu·
902 3919 1137 3978 erepticGallonim
1155 3919 1266 3964 menibus
1282 3905 1396 3972 Capitolii*

360 3998 407 4048 que
423 3989 469 4034 hoc
485 3985 688 4042 additamentum,
706 3985 771 4044 qnod
788 3983 870 4044 scripti
887 3981 1108 4043 'quemadmodum
1119 3980 1169 4030 scre
1180 3981 1258 4044 Scipio
1267 3973 1396 4025 AEmllitnu⁸

360 4047 445 4098 omnes
464 4049 539 4095 nostrl
558 4055 583 4095 ct
597 4053 655 4093 vett.
675 4047 734 4094 editi
744 4048 871 4106 omittunt,
902 4059 1035 4108 cognomen
1047 4045 1163 4094 Africani.

360 4116 484 4162 cresimus·
524 4111 562 4159 De
588 4111 731 4172 cognomine
758 4111 890 4170 Capitoll-'
935 4111 968 4159 et
984 4109 1013 4158 C.
1027 4107 1109 4158 Julius
1127 4109 1216 4172 mcor]
1240 4102 1319 4167 Hujus
1333 4097 1395 4150 0⁰1¹*

361 4179 386 4224 ni
404 4193 433 4226 en
448 4175 707 4226 ridetnrmensluisse
722 4175 794 4229 livii,
807 4175 870 4222 utid
902 4187 958 4236 gam
985 4173 1059 4222 rusus
1087 4175 1115 4221 L.
1139 4173 1259 4235 Papirium
1281 4170 1394 4216 Cumffl

361 4241 397 4288 Μ.
414 4239 507 4290 Manlio
524 4241 608 4286 datum
620 4251 672 4286 esse
682 4241 714 4284 ob
725 4239 870 4298 capitolium
903 4237 1018 4288 discimus
1029 4251 1059 4287 cx
1069 4253 1090 4288 c.
1100 4237 1140 4288 34
1152 4240 1169 4286 1.
1181 4237 1227 4286 lx.
1238 4235 1305 4283 inire.

360 4313 481 4354 ursatum
514 4305 647 4365 intelligens
679 4305 743 4364 quod
772 4304 870 4363 quidem
1342 4313 1344 4318 ·
