3008 4908
480 176 572 236 ms
594 175 629 234 v.
657 175 758 236 css.
780 176 813 234 v.
870 129 872 134 ’
1122 183 1180 250 295

110 351 141 406 te
152 351 252 406 antea
260 341 392 428 serebat
406 343 500 418 miles,
515 363 612 406 sesua
625 351 722 405 sumtu
734 362 858 424 operam
872 343 1048 426 respublica
1059 345 1179 426 prabe-
1188 359 1217 408 υ.
1229 359 1257 406 a
1265 359 1326 409 sse.

109 449 163 491 res
183 429 346 512 gaudebat
363 430 450 504 idem,
462 438 583 510 partem
603 430 681 491 anni
693 449 725 492 se
738 449 845 512 agrum
859 451 942 492 atum
956 432 1073 502 colere,-
1097 453 1177 515 qna-
1187 427 1218 471 Α·
1228 425 1256 474 ⁰·
1267 423 1323 474 ⁴⁰⁰·

107 535 188 590 rere,
204 516 289 578 unde
311 516 394 578 domi
415 516 592 598 militiaque
605 537 636 578 se
652 536 689 577 ac
710 535 778 578 sicas
797 518 878 578 tueri
894 526 1006 598 posset.
1053 517 1178 583 Gaudet

108 601 333 684 nemafimctui
343 601 404 664 sibi
413 601 624 683 rempublicam
636 622 706 676 esse,
717 611 747 663 et
757 602 844 664 tetus
858 605 1042 684 stipendium
1053 606 1176 687 accepit.

104 706 197 770 *aquo
216 688 320 770 igitur
337 688 440 750 animo
454 688 610 769 patiatur,
626 708 657 750 se
671 687 710 749 ab
726 688 821 762 domo,
837 687 877 750 ab
893 711 927 751 re
935 689 1113 772 familiari,
1128 693 1178 754 cui

104 774 216 855 gravis
232 774 365 856 inpensa
380 793 439 836 non
454 783 509 850 est,
518 775 627 856 paullo
641 773 756 836 diutius
774 773 886 837 abesse.
929 774 991 851 An,
1006 777 1036 838 si
1052 778 1096 838 ad
1113 779 1176 840 cal-

106 860 189 924 culos
203 879 273 922 aens
287 859 459 942 respublica
478 867 569 936 aocet,
585 879 645 920 non
667 860 774 922 merito
787 861 898 922 dicat?
920 881 1025 924 annua
1040 883 1105 925 ara
1119 863 1176 926 la·

107 943 166 1020 bes,
182 967 325 1008 annuam
338 967 460 1024 operam
475 945 537 1012 ede.
562 944 613 1008 An
628 954 662 1008 tu
675 965 791 1028 equum
804 967 913 1022 censes,
929 947 1060 1011 militia*
1070 969 1175 1014 semes-

107 1033 153 1094 tri
165 1033 301 1096 solidum
316 1042 347 1096 te
360 1033 542 1116 stipendium
556 1032 720 1114 accipere?
742 1033 862 1096 Invitus
876 1033 909 1094 in
923 1034 982 1096 bae
994 1044 1090 1116 parte
1103 1057 1174 1098 ora-

84 1133 90 1144 ’
105 1119 212 1195 tionis,
233 1116 387 1197 Quirites,
402 1137 518 1181 moror.-
539 1118 584 1180 sic
597 1119 676 1180 enin
691 1139 783 1202 agere
792 1119 908 1195 debent,
922 1120 981 1204 qui,
990 1125 1176 1186 mercenario

106 1205 206 1268 milite
229 1213 369 1268 utantur.
390 1213 425 1267 at
446 1225 500 1267 nos
518 1213 670 1287 tamqnam
691 1225 756 1266 cum
776 1205 890 1268 civibus
908 1227 1000 1289 agere
1021 1209 1173 1271 volumus.-

105 1292 221 1376 ogique
240 1301 394 1374 tamquam
408 1311 471 1353 aem
488 1291 600 1372 patria
619 1289 766 1353 nobisaem
781 1311 897 1374 aqnnm
911 1313 1067 1356 censemus.
1110 1293 1175 1358 Aa

106 1397 167 1440 non
179 1378 302 1460 suscepi
313 1377 420 1440 bellum
434 1377 589 1459 oportuit,·
606 1385 661 1438 aut
671 1379 743 1459 geri
752 1397 813 1457 pro
826 1378 979 1460 dignitate
986 1380 1099 1462 papuli
1109 1381 1174 1442 Ro-

106 1465 200 1540 omni,
220 1473 254 1527 et
270 1464 381 1546 perfici
400 1483 489 1546 quam
505 1465 639 1544 primum
655 1471 783 1544 oportet.
821 1463 1008 1548 Perfidetur
1021 1475 1131 1540 autenm
1147 1469 1177 1530 si

105 1570 251 1634 urgentes
264 1549 415 1613 obsessos:
437 1551 466 1613 si
486 1569 547 1610 non
568 1557 641 1610 ante
661 1547 853 1625 abscedimus,
869 1571 958 1633 qaam
977 1553 1044 1633 spei
1063 1561 1176 1616 nostre

94 1636 191 1717 finem
218 1637 322 1719 captis
348 1635 432 1699 Veiis
457 1636 685 1718 imposuerimus.
728 1635 775 1713 Si,
797 1636 972 1712 Hercules·,
995 1639 1081 1700 nulla
1106 1641 1174 1702 alia

106 1743 227 1800 caussa,
240 1724 309 1805 ipsa
321 1723 494 1806 indignitas
502 1723 762 1803 perseverantiam
774 1723 920 1804 inponere
927 1723 1039 1787 debuit.
1063 1725 1173 1788 Decem

108 1811 264 1892 quondam
282 1830 380 1872 annos
394 1807 464 1872 urbs
478 1807 651 1890 obpugnata
666 1817 710 1872 est
724 1807 761 1870 ob
775 1829 864 1870 unam
880 1811 1030 1873 mulierem
1045 1810 1085 1873 ab
1104 1813 1174 1874 ceni·

107 1917 195 1960 oersa
215 1893 366 1959 Gracia.-
381 1915 470 1978 quam
479 1895 590 1976 proacl
604 1893 643 1955 ab
658 1895 770 1956 domo?
786 1905 858 1978 quot
865 1904 975 1971 terras,
987 1907 1059 1980 quot
1073 1899 1174 1960 mario

106 1983 257 2046 distans?
276 1981 342 2046 Nos
357 1982 442 2044 intra
457 1981 623 2044 vicesimum
638 1981 781 2062 lapidem,
795 1983 828 2043 in
843 1993 1000 2066 conspectu
1009 2005 1108 2065 prope
1122 2006 1173 2046 ur·

106 2067 150 2132 bis
160 2078 290 2144 mostra,
302 2088 436 2130 annuam
446 2067 696 2150 obpugnationem
702 2066 844 2150 perferre
852 2069 954 2151 piget.-
970 2071 1092 2144 scilicet,
1100 2073 1175 2154 quia

107 2155 184 2220 lenis
198 2175 306 2218 caussa
321 2153 394 2216 belli
408 2162 461 2227 est,
477 2173 531 2215 nec
543 2155 619 2215 satis
633 2153 797 2234 quidquam
801 2151 885 2235 justi
897 2155 1012 2216 doloris
1026 2165 1078 2228 est,
1095 2159 1176 2239 quod

3 2307 4 2310 ,
106 2261 159 2306 nos
176 2243 223 2305 ad
231 2241 487 2324 perseverandum
501 2239 643 2302 stimulet.
664 2235 799 2318 ⁹septies
813 2238 1008 2314 rebellarunt,
1022 2239 1047 2276 ¹⁰
1052 2242 1085 2301 in
1095 2263 1175 2322 pace

105 2349 271 2412 numquam
272 2329 350 2410 fida
358 2329 367 2365 ¹
366 2326 521 2410 fuerunt:
537 2344 629 2408 agnos
639 2332 755 2386 nostros
769 2325 880 2386 millies
892 2326 1071 2406 depopulati
1083 2336 1174 2389 ssent:

3 2395 5 2459 l
108 2415 279 2479 Fidenates
288 2413 413 2496 deficere
425 2434 447 2473 a
461 2411 548 2474 nobis
560 2414 740 2494 coigemnt:
755 2411 873 2472 colonos
888 2419 1004 2473 nostros
1019 2409 1064 2473 ibi
1078 2413 1174 2474 inter·

4 2539 5 2550 .
98 2502 266 2584 fuerunt:
282 2499 517 2584 auctoressuere
527 2494 695 2579 contrajus
705 2496 841 2579 gentium
851 2497 943 2558 cadis
954 2497 1050 2577 inpia·
1059 2499 1176 2580 legato-

4 2593 5 2600 ’
108 2609 175 2652 mun
197 2596 394 2650 nostrorum.-
416 2585 579 2648 Etruriam
594 2603 705 2645 omnem
723 2583 867 2644 adversus
881 2601 935 2645 nos
956 2583 1109 2646 concitare
1124 2605 1175 2646 oo-

4 2655 5 2703 ¹
109 2675 243 2748 lnaunt,
258 2673 407 2756 hodieque
421 2673 456 2734 id
469 2671 654 2733 moliuntur.-
677 2677 904 2749 resrepetentes
917 2668 1034 2751 legatos
1048 2678 1174 2746 nostros,

110 2760 316 2843 baudprocul
329 2758 444 2842 asuitss,
461 2759 535 2840 quin
550 2755 711 2818 violarent.
1206 2801 1212 2822 ‚

152 2845 194 2910 V.
220 2847 297 2912 Cum
310 2845 359 2908 bis
373 2844 505 2906 molliter
518 2851 549 2906 et
563 2862 625 2924 per
639 2841 804 2904 dilationes
817 2839 924 2903 bellum
940 2843 1012 2924 geri
1026 2847 1174 2924 oportet?

111 2933 146 2998 Si
159 2953 216 2998 nos
230 2942 294 2996 tam
302 2930 420 3014 justum
434 2931 535 2993 odium
550 2928 631 2990 nibil
652 2935 757 3002 monet,
773 2947 811 2990 ne
826 2927 883 2990 illa
899 2929 1028 3012 quidem,
1045 2949 1099 2992 oro
1113 2951 1173 3006 aas,

111 3023 259 3084 monast?
285 3017 436 3100 Operibus
451 3013 622 3098 ingentibus
635 3023 721 3094 septa
736 3011 808 3076 urbs
820 3023 874 3088 est,
891 3014 997 3096 quibus
1011 3016 1096 3078 intra
1111 3037 1175 3078 mu·

110 3127 160 3170 ros
172 3111 330 3170 coercetm
352 3103 456 3166 bostis.
478 3122 584 3185 agrum
599 3119 659 3162 non
681 3101 783 3175 coluit,
800 3108 830 3162 et
850 3099 931 3162 culta
953 3111 1091 3165 coastata
1106 3113 1176 3166 sunt

112 3189 197 3256 bello.
245 3192 282 3255 Si
306 3190 473 3252 reducimus
497 3187 668 3260 enercitun,
697 3185 765 3268 quis
787 3195 841 3262 est,
868 3186 923 3268 qui
945 3186 1070 3262 dubitet,
1095 3191 1175 3268 illos,

112 3299 170 3342 non
181 3299 204 3342 a
214 3277 387 3360 cupiditate
396 3275 488 3338 solum
502 3273 674 3347 ulciscendi,
683 3273 737 3335 sed
749 3273 842 3334 etiam
853 3274 1029 3336 necessitate
1039 3275 1176 3354 inposita

112 3386 148 3428 ee
161 3366 268 3428 aliato
278 3361 558 3446 premuntque
571 3379 627 3421 suo
642 3357 811 3433 amamini,
820 3378 928 3440 apum
939 3368 1071 3422 nostrum
1087 3362 1175 3423 inna-

111 3455 222 3516 suros?
238 3469 301 3512 non
312 3447 480 3534 dfferimus
490 3447 587 3530 igitur
597 3443 704 3507 bellum
715 3445 774 3508 isto
783 3445 920 3520 consilio,
932 3446 986 3508 sed
998 3443 1176 3527 irffrafines
1224 3499 1231 3508 .

112 3547 229 3602 nostros
241 3535 417 3617 accipimus.
457 3531 564 3607 Quid?
587 3531 675 3606 illud,
690 3531 771 3613 quod
778 3531 910 3612 proprie
923 3532 967 3592 ad
979 3531 1090 3593 milites
1099 3551 1174 3612 pcr-

110 3624 197 3702 tinet‚
212 3621 322 3706 quibus
343 3619 416 3682 boni
435 3617 553 3681 tribuni
567 3615 669 3698 plebis
687 3637 775 3700 quum
796 3617 980 3698 stipendium
996 3625 1174 3698 extorquere

112 3711 272 3784 volturint,
289 3727 370 3770 nunc
390 3706 552 3768 conueltum
574 3711 697 3784 repente
718 3702 830 3776 volunt,
847 3703 937 3784 areale
953 3706 1024 3765 est?
1053 3701 1172 3766 Vallum

101 3795 287 3880 fossamque,
304 3791 438 3876 ingentis
459 3800 617 3872 curamque
638 3809 700 3851 rem
722 3789 833 3870 operis,
850 3787 911 3870 pe'r
932 3797 1050 3850 tontum
1075 3790 1174 3870 spatii

113 3883 281 3948 aueum:
297 3879 423 3943 castella
432 3878 537 3959 primo
546 3895 659 3957 pauca,
671 3884 790 3956 postea,
802 3873 936 3938 exercitu
946 3883 1046 3952 acceto,
1056 3873 1172 3937 creber-

141 4053 258 4102 *metesa
266 4053 343 4100 Gran.
406 4049 530 4098 'limate
541 4049 614 4096 Gran.
627 4047 695 4096 Cres.
757 4041 768 4078 t
776 4045 904 4107 stdlEoest
966 4045 1142 4110 tabssttlioed.

141 4217 261 4280 ⁹Septtes
288 4211 438 4276 niellam]
469 4211 526 4260 Vid.
553 4222 627 4274 supet
659 4209 758 4270 Aliquot
777 4209 858 4268 scripti
874 4221 888 4253 e
903 4198 1110 4262 Gronosinnis,e't
1128 4205 1177 4252 duo

114 4281 201 4330 Mt.
229 4313 233 4322 ·
658 4273 934 4331 enostrishabentstda.

146 4347 174 4395 10
189 4351 220 4396 tn
239 4361 297 4410 pace
319 4357 435 4408 nunquam
449 4343 495 4404 fidi
510 4339 625 4404 suerunt]
696 4424 717 4467 u
734 4415 754 4469 4
