3032 4924
355 181 419 262 asi,
744 179 856 241 riri
883 178 1019 256 iiiiii

221 351 330 402 .c.soii.
348 341 516 426 ³oircupstis
538 342 583 408 ibi
606 343 710 410 vacuis
736 342 836 421 tectis,
852 342 946 420 Veios
970 363 1003 408 se
1025 341 1234 420 contulerant.
1254 351 1288 406 et
1302 341 1408 431 primo¹

222 417 329 473 'kim
354 427 497 492 fremitus
512 426 571 494 tuit
585 429 840 515 adspernantium
857 429 1042 516 imperium:
1065 427 1132 494 dies
1153 428 1265 494 deinde
1285 429 1407 512 praesti·

355 523 424 576 tuta
447 515 650 603 capitalisque
673 539 777 602 poena,
802 515 856 602 qui
880 538 942 579 non
966 516 1165 600 remigrasset
1191 515 1339 591 Romam,
1370 537 1409 580 ex

352 596 509 664 ferocibus
525 601 676 667 universis
697 601 847 690 singulos,
863 614 947 666 metu
967 624 1025 665 siio
1044 623 1209 688 quemque,
1225 601 1408 666 obedientes

352 681 434 750 fecit.
482 685 524 751 Et
540 689 641 754 Roma
655 706 752 774 quum
773 687 949 772 frequentia
968 709 1116 765 crescere,
1132 698 1200 751 tum
1227 701 1293 752 tota
1315 685 1409 751 simul

352 792 520 858 exsurgere
540 774 689 850 edificiis,
705 789 737 839 et
758 772 919 859 republica
941 773 1085 858 inpensas
1110 771 1287 860 adjuvante,
1310 791 1343 836 et
1365 795 1408 837 ae-

352 854 467 922 dilibus
486 858 572 925 velut
597 861 759 946 publicum
784 859 982 948 exigentibus
1004 880 1094 942 opus,
1121 873 1152 924 et
1176 859 1253 942 ipsis
1278 859 1410 944 privatis

356 942 560 1025 (admouebat
583 947 666 1010 enim
690 946 880 1011 desiderium
905 947 989 1026 usus)
1014 943 1230 1010 festinantibus
1252 945 1292 1009 ad
1316 943 1410 1009 effec-

352 1039 420 1094 tum
436 1033 548 1115 operis.
565 1033 711 1120 intraque
725 1055 842 1097 annum
861 1053 945 1096 nova
969 1029 1043 1095 urbs
1069 1032 1164 1097 stetit.
1209 1029 1308 1096 Exitu
1334 1033 1410 1096 anni

351 1116 481 1182 coniitia
509 1119 708 1184 tribunoruin
738 1118 874 1182 militum
907 1117 1064 1182 consulari
1100 1129 1252 1203 potestate
1289 1117 1410 1182 habita.

191 1208 220 1256 ii.
233 1209 260 1259 c.
271 1209 326 1258 sot.
352 1203 448 1268 creati
464 1203 504 1268 T.
522 1205 690 1282 Quinctius
706 1204 921 1281 Cincinnatus,
939 1203 980 1280 Q.
996 1202 1145 1268 Servilius
1162 1203 1299 1268 Fidenas
1314 1205 1410 1289 quin·

190 1274 221 1322 Α*
234 1275 326 1324 0⁸⁸⁵*
352 1301 431 1370 tuin,
457 1289 495 1354 L.
511 1291 614 1357 Julius
632 1291 734 1369 Juliis,
758 1291 796 1356 L.
814 1289 995 1440 Arppillius‘
1021 1289 1155 1370 Corvus,
1179 1289 1219 1353 L.
1236 1289 1410 1356 Lucretius

189 1339 218 1386 Τ.
231 1338 320 1392 Qoliie·
403 1375 410 1389 .
434 1375 440 1390 .
467 1377 499 1392 ..
755 1378 762 1391 ,
785 1379 791 1392 ,
1117 1376 1124 1392 .
1377 1377 1386 1391 .

189 1401 342 1460 ὠμῇ,
352 1371 569 1462 Tricipitinus,
588 1379 656 1444 Ser.
674 1379 831 1464 Sulpicius
886 1374 964 1440 usos.
1010 1375 1193 1441 Exercitum
1215 1375 1409 1441 alterarum

189 1466 244 1517 ⁸¹¹·
352 1459 489 1548 AEquos
511 1487 576 1528 non
591 1465 632 1530 ad
646 1464 775 1540 bellum,
792 1464 902 1548 (victos
924 1484 1059 1548 namque
1079 1485 1112 1526 se
1132 1451 1330 1544 fatebantur)
1354 1463 1409 1529 sed

350 1546 391 1612 ab
412 1548 486 1614 odio
501 1550 542 1616 ad
556 1550 779 1651 pervastandos
794 1551 880 1627 fines,
898 1571 936 1612 ne
951 1549 1025 1634 quid
1041 1547 1082 1612 ad
1104 1569 1186 1614 novo
1206 1549 1340 1613 consilia
1361 1573 1409 1615 re·

349 1632 529 1720 linquerent
558 1638 681 1716 virium,
711 1637 846 1701 duxere:
880 1635 1012 1700 alterum
1050 1638 1083 1698 iii
1120 1655 1228 1723 sigium
1267 1635 1409 1722 Tarqui·

348 1719 498 1786 iriensem.
543 1721 593 1788 Ibi
618 1721 736 1809 oppida
762 1721 969 1787 Etruscorum
1000 1719 1156 1784 Cortuosa
1185 1733 1216 1786 et
1246 1721 1410 1788 Contene-

348 1805 408 1871 bra
426 1805 492 1870 ”iii
508 1822 599 1893 capta
617 1809 793 1898 dirutaque.
837 1807 889 1872 Ad
915 1807 1104 1872 Cortuosam
1124 1806 1202 1871 niliil
1224 1809 1408 1873 certaminis

347 1889 418 1956 fuit.
441 1892 604 1979 inproviso
618 1895 732 1972 adorti,
749 1894 852 1978 primo
867 1893 1005 1957 clamore
1025 1906 1120 1980 atque
1143 1895 1251 1978 inpetu
1274 1916 1409 1980 ceperet

347 1975 506 2064 direptum
521 1980 675 2064 oppidum
691 1992 784 2067 atque
798 1979 960 2044 incensum
975 1990 1029 2043 est.
1075 1978 1276 2043 Contenebra
1287 2002 1409 2066 paucos

348 2062 414 2128 dies
433 2066 702 2152 obpugnationem
725 2065 888 2142 sustinuit3
910 2066 1063 2150 laborque
1077 2067 1255 2142 continuus,
1272 2087 1340 2130 iioii
1356 2067 1409 2134 die

346 2172 411 2215 non
429 2165 520 2218 nocte
534 2154 690 2231 remissus,
706 2153 829 2240 subegit
851 2175 915 2216 eos.
931 2174 1028 2253 quum
1049 2152 1082 2217 iii
1098 2175 1149 2216 sex
1164 2168 1270 2238 partes
1285 2152 1407 2220 divisus

347 2238 506 2304 exercitus
531 2241 695 2306 Romanus
709 2239 733 2279 ²¹
746 2239 827 2304 seriis
842 2237 928 2303 horis
943 2260 975 2302 in
991 2237 1100 2302 orbem
1120 2237 1303 2302 succederet
1317 2259 1406 2324 proe·

347 2321 403 2405 lio,
423 2325 599 2411 oppidanos
621 2326 746 2392 eosdem
761 2325 788 2364 ¹²
799 2326 922 2410 integro
940 2345 1063 2409 semper
1077 2323 1241 2389 certamini
1261 2327 1408 2410 paucitas

346 2407 442 2477 fessos
457 2411 621 2502 objiceret;
645 2435 763 2478 cessere
784 2410 922 2487 tandem,
941 2410 1090 2497 locusque
1104 2409 1272 2474 invadendi
1289 2411 1404 2478 urbem

349 2495 504 2563 Romanis
526 2501 617 2564 datus
640 2511 695 2565 est.
742 2497 900 2564 Publicari
918 2495 1059 2581 praedam
1081 2497 1217 2561 tribunis
1239 2498 1407 2581 placebat:

346 2584 401 2648 red
417 2583 597 2670 imperium,
613 2589 708 2673 qii'ani
729 2583 905 2662 consilium,
921 2583 1045 2672 segnius
1066 2579 1137 2646 fuir.
1160 2584 1233 2646 duni
1251 2599 1407 2650 cunctan-

346 2682 409 2746 tur,
420 2671 487 2756 jain
505 2671 859 2758 militumpriedaera13
882 2692 951 2747 nec,
968 2669 1026 2732 nisi
1041 2667 1068 2707 ²³
1078 2691 1134 2754 per
1156 2667 1320 2746 invidiam,
1338 2671 1407 2736 adi·

345 2755 389 2818 mi
401 2770 536 2842 poterat.
581 2757 703 2822 Eodem
718 2778 814 2837 anno,
825 2778 866 2819 ne
881 2756 1008 2840 privatis
1022 2768 1144 2819 tantum
1165 2755 1318 2840 operibus
1340 2779 1406 2822 cre·

184 2871 299 2934 &prm
342 2853 447 2906 sceret
468 2843 554 2923 urbs,
568 2842 594 2883 ²⁴
606 2842 800 2928 Capitolium
820 2864 944 2928 quoque
964 2864 1041 2907 saxo
1064 2838 1218 2926 quadrato
1241 2841 1406 2908 substrue-

181 2935 415 3078 ¹iib⁸²nietla3um
437 2941 503 3000 est:
526 2952 607 3014 opus
632 2928 679 2996 vel
700 2929 734 2992 in
758 2927 817 2993 hac
839 2927 1071 3017 magnificentia
1096 2925 1183 2990 urbis
1205 2929 1405 3012 conspicien-

371 3036 434 3079 uiri.

390 3097 430 3164 V.
448 3100 525 3170 ‚Jain
546 3114 578 3167 et
600 3100 720 3168 tribuni
744 3101 853 3187 plebis,
875 3099 1000 3165 civitate
1023 3097 1208 3163 aedificando
1234 3120 1402 3188 occupata,

344 3183 546 3256 ¹⁵coneionei
576 3212 646 3253 suas
674 3188 872 3274 frequentare
895 3184 1017 3273 legibus
1036 3185 1168 3272 agrariis
1191 3187 1403 3256 conabantur.
1501 3269 1502 3278 ἵ

342 3274 561 3345 ostentabatur
585 3276 618 3342 iii
644 3297 731 3361 spem
760 3273 947 3358 Pomptinus
972 3291 1057 3359 ager,
1073 3285 1139 3334 tum
1162 3273 1315 3356 primum,
1331 3291 1404 3364 post

177 3375 323 3496 a&
342 3359 460 3438 accisas
482 3384 501 3428 a
522 3359 659 3432 Camillo
675 3359 860 3426 Volscorurn
884 3381 944 3436 res,
966 3357 1168 3442 possessionis
1190 3357 1278 3423 haud
1301 3363 1402 3429 ambi·
1500 3389 1501 3404 i

720 3533 734 3574 t
749 3529 857 3590 Anauon
867 3531 940 3578 Gron.
954 3529 1024 3577 cres.

372 3685 405 3734 20
424 3683 851 3748 Viraptadlrataquel‘l'reserieatr·
917 3675 1150 3740 triferii-rietus]
1168 3679 1402 3728 itautlnrldiain·
1497 3687 1498 3694 ¹

338 3753 454 3800 eodem
472 3757 496 3797 et
512 3750 561 3797 duo
577 3761 592 3794 a
606 3749 663 3797 Jae.
679 3747 800 3794 omorio
816 3747 853 3792 ai-
884 3747 915 3794 de
933 3743 1090 3799 attremant
1109 3747 1137 3787 ut
1155 3743 1239 3790 odtunr
1260 3745 1346 3792 militis
1359 3760 1401 3794 ex·

337 3816 421 3878 legati,
432 3815 544 3862 abdicant
554 3813 682 3874 dirutaque.
884 3811 998 3857 duntur
1008 3811 1033 3856 in
1045 3811 1126 3854 doces.

370 3879 506 3928 21⁸smo
525 3877 588 3923 lieris
610 3879 635 3922 iii
656 3877 730 3923 oriem
751 3873 852 3922 amede·
916 3874 948 3921 24
971 3871 1112 3934 Capitolium
1129 3900 1194 3916 ...0
1211 3883 1268 3918 nen
1287 3873 1400 3932 quadrare

336 3949 372 3991 ret
385 3943 480 4007 prelio]
498 3943 536 3992 iu
547 3947 679 4004 aperient
691 3942 812 4002 praetium,
823 3945 852 3986 ut
883 3935 1233 4002 contrementesque
1251 3943 1309 3983 runt
1328 3939 1400 3999 eapi-

336 4007 361 4053 in
381 4010 476 4070 siagrii·
497 4019 610 4054 senarum
637 4007 751 4052 herenam
774 4005 851 4066 spatia
883 4003 935 4048 sotii
953 4001 1121 4055 fundamenta,
1136 4007 1161 4046 et
1178 4014 1193 4048 e
1209 4009 1269 4048 saxo
1282 4003 1400 4063 quadrato

336 4071 439 4133 singule
456 4070 575 4120 exercitur
596 4077 676 4130 parter
697 4071 742 4117 ribi
764 4070 789 4116 iii
811 4083 850 4115 oii-
882 4073 981 4114 structa.

335 4133 391 4182 bairi
402 4139 564 4184 coemerent.
914 4129 966 4177 25·
976 4131 1099 4178 emnam
1114 4143 1168 4175 runi
1177 4127 1342 4194 [φησιν]
1359 4129 1399 4177 Ad
1493 4163 1494 4174 ,

367 4197 525 4262 rviaregro
541 4197 641 4262 semper]
659 4199 758 4259 Semper
776 4209 849 4255 novo,
881 4197 1008 4242 conciones
1039 4205 1095 4241 suaa
1126 4194 1279 4254 frequentem
1307 4195 1400 4244 civium

334 4261 420 4323 inquo
430 4277 525 4324 semper
540 4265 655 4310 adversm
671 4265 778 4323 integro·
794 4263 850 4308 lios-
882 4260 1064 4306 multitudinem
1076 4259 1177 4308 adicer*
1491 4251 1493 4274 ¹

333 4335 370 4375 tar
381 4329 546 4376 dimicandum
558 4335 629 4377 eant.
941 4327 943 4330 '
1149 4327 1153 4341 '
