3034 4916
396 221 490 304 ttnss
514 243 569 304 tx.
599 242 702 304 cnr.
728 241 862 304 xxxu.
1103 243 1161 300 err

102 406 185 469 horte
200 407 302 472 militie
315 429 426 486 curant,
442 408 616 494 reprehendi
625 429 731 490 porse.-
754 409 837 472 obeo
849 426 883 469 te
897 399 1037 469 dedecore
1048 405 1201 468 nnllcmu.
1213 417 1240 466 c.
1250 417 1307 466 stri.

102 513 164 556 rent
179 494 286 572 aliona,
302 515 389 578 quom
410 497 554 560 virtutem
570 495 708 574 militum,
728 495 956 558 cinrlicolurom.
980 484 1200 556 cottonem-⁵
1212 483 1313 534 ⁰³⁰⁰*

101 587 151 640 tor
165 581 254 644 modo
273 601 331 644 orto
344 583 447 645 animo
461 603 562 645 omnes
577 582 721 646 'invadere
735 581 858 654 lrostem,
875 580 983 642 ciclum
997 579 1072 654 acie,
1094 599 1162 642 coe-

101 664 157 728 trit
176 674 308 743 molunt,
324 669 467 732 nodotum
489 668 618 742 urbibus,
634 667 772 730 ultimam
788 687 871 748 rpem
884 663 972 746 sotto
985 664 1162 728 insidiarum

102 759 278 827 tentantem,
295 762 324 816 et
339 753 412 831 loco,
427 776 486 817 non
500 754 602 827 omit,
609 750 735 834 frenum.
772 754 832 816 Sed
845 773 932 836 quem
947 749 1087 834 eceejnm
1101 751 1161 814 cir·

103 837 162 898 tuti
176 838 330 901 Romonae
340 839 599 926 inexpugnabilem
615 839 733 902 mmm?
780 835 965 926 Fregellano
979 857 1047 913 utx,
1064 839 1161 902 Sore-

100 943 216 1008 naque,
233 936 264 988 et
278 923 469 1009 ubicumque
493 925 603 1012 iniquo
625 945 800 989 successum
821 937 888 988 erat
906 921 987 997 loco,
1004 944 1160 989 memora·

100 1007 227 1073 buntur.
274 1009 338 1073 His
359 1031 509 1075 accensus
535 1009 634 1086 miles,
661 1011 801 1074 omnium
826 1008 1161 1076 inmemortlifficulto·

101 1095 193 1170 tium,
211 1094 297 1160 redit
319 1095 464 1162 adversus
488 1097 693 1160 inminentem
716 1095 854 1159 hostium
877 1093 986 1159 aciem.
1010 1094 1054 1160 ibi
1069 1097 1159 1181 poul-

100 1179 187 1246 lum⁰
202 1179 318 1244 loboris
330 1181 399 1258 linit,
420 1182 496 1248 dum
514 1184 545 1246 in
558 1181 732 1247 adversum
748 1181 861 1246 olivum
877 1180 1011 1266 erigitur
1025 1203 1157 1268 agmen:

100 1283 252 1343 ceterum,
278 1283 446 1354 postquam
473 1267 577 1353 prima
601 1269 691 1356 signa
713 1267 881 1353 planiciem
896 1289 1051 1332 summum
1066 1289 1158 1351 cepe·

101 1366 187 1428 runt,
203 1354 360 1440 sensitque
378 1356 459 1418 ecies
478 1376 573 1439 aequo
591 1377 624 1418 se
638 1356 704 1441 jam
720 1355 871 1419 institisse
890 1352 970 1430 loco,
983 1376 1089 1418 versus
1102 1376 1159 1419 ex·

99 1439 221 1522 templo
235 1454 283 1504 est
299 1452 399 1504 terror
415 1440 446 1504 in
462 1441 670 1517 insidiatores,
683 1440 870 1526 easdemque
885 1438 1031 1518 latebras,
1044 1440 1158 1526 quibus

99 1547 134 1588 se
153 1524 262 1608 paullo
283 1540 362 1614 ante
380 1541 533 1604 texerant,
548 1528 644 1611 palati
667 1540 761 1614 atque
782 1525 917 1590 inermes
939 1524 1015 1613 fuge
1036 1542 1157 1611 repete·

99 1610 194 1676 bant:
218 1612 270 1676 sed
297 1611 404 1677 “locs
428 1613 576 1690 difficilia,
603 1611 686 1678 hosti
712 1613 853 1700 quaesita,
883 1613 968 1697 ipsos
997 1627 1066 1676 tum
1100 1635 1158 1678 sue

98 1697 210 1762 fraude
232 1698 445 1784 inpediebsnt.
501 1699 531 1764 lt
575 1721 613 1764 ue
634 1721 712 1785 orgo
737 1698 901 1784 perpaucis
925 1697 986 1762 effu
1012 1699 1076 1762 ium
1100 1721 1158 1784 pa·

96 1784 180 1848 tuit:
203 1805 285 1848 cessa
309 1785 348 1850 ad
372 1785 483 1873 viginti
505 1786 558 1848 mil
575 1788 605 1850 ia
622 1785 799 1862 hominum,
816 1785 977 1870 victorque
1025 1806 1158 1850 omanus

96 1869 140 1935 stl
155 1869 293 1935 oblatam
309 1869 393 1936 ultro
407 1872 448 1937 nb
462 1870 553 1936 hoste
565 1871 708 1957 proedom
725 1892 874 1956 pecorum
891 1870 1047 1936 discurrit.

144 1955 302 2023 xxxtr.
338 1957 427 2022 Dum
453 1957 523 2022 hoec
543 1971 697 2046 geruntur
725 1957 758 2022 in
789 1957 929 2033 Samnio,
951 1959 1019 2043 jorn
1046 1979 1159 2025 omnes

100 2043 240 2108 Etruriae
260 2044 372 2128 populi
395 2059 512 2129 preter
528 2045 714 2109 Arretinos¹³
739 2043 779 2108 ad
800 2065 889 2108 arma
904 2045 1014 2122 ierant,
1037 2044 1080 2110 ab
1102 2045 1319 2110 consuesc-

86 2131 273 2216 ·pugnendo
287 2130 405 2206 Sutrio,
429 2153 501 2216 quae
516 2130 602 2204 urbs,
622 2130 706 2194 socia
727 2129 891 2206 Romanis,
913 2127 999 2193 volut
1019 2125 1297 2198 claustrafflwt

100 2215 240 2280 Etruriae
254 2231 332 2291 erut,
345 2216 457 2304 iugens
469 2216 533 2280 orsi
544 2215 672 2280 bellurn.
719 2213 768 2279 Eo
783 2215 863 2280 alter
876 2218 1042 2280 consulum
1055 2196 1284 2282 AEmi-l'um'

99 2301 159 2366 lius
173 2323 246 2367 cum
258 2303 398 2366 exercitu
413 2301 454 2366 nd
470 2301 649 2365 liberandos
663 2300 828 2366 obsidione
837 2302 941 2365 socios
953 2303 1050 2368 venit.
1088 2305 1160 2368 Ata

99 2388 295 2454 venientibus
317 2389 481 2465 Romanis,
506 2388 628 2452 Sutrini
648 2400 841 2452 commentus
857 2387 993 2474 benigne
1008 2391 1039 2452 in
1056 2405 1159 2456 castra

98 2473 294 2540 snteurbem
315 2476 591 2560 positosdvexere.
637 2471 762 2539 Etrusci
777 2473 863 2538 diem
878 2474 1016 2558 primum
1032 2476 1158 2540 consm-

98 2561 207 2638 tendo,
224 2571 430 2638 maturarent,
446 2559 648 2624 traherentne
661 2559 791 2635 bellum,
812 2559 1032 2625 traduxerunt.
1077 2561 1157 2626 Pos-

99 2665 167 2712 tero
181 2643 243 2724 diei
259 2646 311 2712 ubi
326 2647 486 2725 celeriore,
500 2669 595 2733 quem
606 2647 733 2722 tutiora,
749 2646 881 2710 consilia
895 2648 995 2733 magis
1010 2645 1158 2732 placuere

96 2733 244 2808 ducibus,
259 2732 325 2798 sole
338 2751 410 2798 orto
424 2735 549 2820 signum
564 2755 681 2820 pugnos
695 2732 893 2818 propositum
908 2745 965 2810 est,
980 2734 1158 2822 nrmmique

97 2820 131 2885 in
158 2821 257 2884 aciem
282 2820 472 2905 procedunt.
517 2819 614 2897 Quod
640 2833 807 2919 postquam
829 2819 948 2883 consuli
972 2821 1156 2886 nunciatum

97 2923 154 2984 est,
171 2906 334 2991 extemplo
347 2906 374 2946 '⁸
385 2909 532 2972 tesseram
554 2905 623 2970 dori
638 2904 741 2991 pubet,
767 2918 802 2970 ut
821 2905 974 2991 prandeat
988 2908 1086 2985 miles,
1102 2907 1157 2973 fir-

43 3028 48 3042 ·
97 2993 253 3078 metisque
264 2994 347 3056 'cibo
360 2993 479 3058 viribus
493 3015 581 3058 ormo
595 2993 709 3078 capiet.
731 2992 818 3059 dicto
837 3005 977 3076 paretur.
1023 2993 1155 3073 Consul,

98 3078 153 3144 ubi
176 3092 313 3144 armatos
340 3093 527 3165 puratosqoe
552 3078 640 3156 vidit,
667 3079 757 3166 signe
778 3079 999 3146 extrsrallum
1021 3081 1156 3166 proferri

92 3165 202 3250 justit,
220 3177 253 3229 et
278 3162 363 3230 haud
388 3165 502 3251 procul
528 3165 617 3230 horte
632 3165 779 3230 instruxit
793 3166 901 3230 aciem.
947 3167 1155 3253 Aliquamdiu

97 3251 211 3318 intenti
238 3250 397 3336 utrimque
420 3265 583 3328 steterunt,
607 3263 824 3334 exspectantes
845 3265 881 3316 ut
903 3251 943 3316 eb
968 3253 1156 3318 adversariis

97 3337 218 3404 clamor
232 3351 264 3402 et
283 3359 393 3424 pugno
407 3338 568 3422 inciperet
590 3352 622 3402 et
634 3337 720 3420 prius
734 3337 780 3400 sol
796 3337 927 3402 meridie
938 3361 970 3403 se
981 3339 1154 3418 inclinarit,

96 3447 193 3512 quom
209 3423 304 3488 telum
322 3425 395 3488 hinc
411 3436 464 3488 aut
478 3422 565 3487 illinc
590 3425 735 3487 omissum
758 3435 814 3488 est.
839 3423 922 3500 inde,
938 3445 979 3489 ne
992 3424 1107 3490 inlecta
1122 3449 1157 3492 re

95 3511 248 3584 abiretur‚
264 3509 384 3574 clamor
408 3509 449 3574 ab
475 3507 616 3573 Etruscis
631 3507 742 3584 oritur,
758 3509 993 3595 concinuntque
1011 3511 1108 3590 tubae,
1125 3527 1157 3578 et

96 3599 189 3686 rigna
207 3595 393 3662 inferuntur.
440 3595 508 3660 Nec
525 3595 650 3684 segnius
671 3593 713 3658 ab
738 3594 890 3660 Romanis
913 3617 1020 3682 pugna
1045 3599 1155 3664 initur.

96 3695 293 3750 concurrunt
316 3682 442 3747 inieritis
468 3680 590 3745 animis.
617 3702 750 3745 numero
775 3679 884 3756 hostie,
899 3682 1015 3746 virtute
1037 3683 1156 3747 Rome-

94 3792 157 3835 nus
171 3763 309 3853 superat.
354 3770 480 3852 Anceps
493 3767 641 3853 proelium
664 3764 780 3830 multos
793 3767 961 3852 utrimque,
982 3779 1013 3832 et
1027 3766 1156 3832 fortissi-

95 3879 185 3922 mum
224 3877 368 3940 nemque,
384 3853 539 3923 absumit:
564 3875 622 3917 nec
641 3853 729 3938 prius
755 3851 905 3918 inclinatu
927 3875 975 3916 res
992 3866 1047 3926 cst,
1061 3877 1155 3940 quem

95 3878 237 4008 secontia
259 3942 340 4006 acies
358 3941 504 4006 Romans
526 3941 566 4004 od
589 3941 690 4024 primo
715 3940 815 4028 signo,
832 3938 948 4028 integri
973 3937 1069 4016 fessis,
1086 3961 1156 4004 suc·

302 4081 315 4109 ⁰
326 4078 460 4140 paullulum
471 4077 544 4124 Gron.
557 4078 628 4124 θην.
725 4079 740 4119 p
755 4074 865 4123 Arctinot
877 4075 951 4122 Gron.

128 4197 162 4246 27
179 4196 242 4244 lota
259 4193 362 4256 difficilia
378 4193 440 4242 lorti
457 4194 564 4260 μανίη]
582 4193 611 4240 ld
643 4192 762 4254 impediti.
774 4197 870 4238 tuamet
887 4191 934 4252 lpsl
951 4191 1036 4241 fraude
1053 4194 1158 4241 circum.

91 4269 196 4324 quant
211 4261 341 4314 Samnites,
358 4266 386 4306 ut
402 4260 611 4318 hostem‚1tomn·
643 4257 809 4303 veniebantur.

92 4341 167 4385 num,
185 4327 211 4384 in
230 4327 283 4374 loct
306 4323 413 4370 difficilia
437 4326 610 4382 pertraherent.
677 4319 1156 4384 28·Perrcromlori]t'id.;ttot.61.ad

92 4393 209 4440 sedtum
227 4393 280 4452 ipsa
295 4389 336 4436 illu
352 4389 493 4435 difficultate
503 4389 610 4436 locorum
645 4387 705 4446 Vll·
716 4385 758 4433 35.

701 4459 811 4519 nme
908 4434 911 4442 Α
