3056 4928
520 613 578 716 T.
628 614 831 719 LIVII
881 617 1268 726 PATAVlNI

696 855 899 940 uranu
935 793 1059 941 tur.

756 1121 761 1130 .
779 1091 972 1134 *-

187 1324 321 1376 tactu
346 1291 452 1373 JAM
476 1305 733 1372 consules.crant
761 1306 799 1370 C.
823 1305 968 1370 Plautius
991 1309 1172 1383 secundum,
1200 1307 1238 1370 L.
1253 1307 1408 1373 ·AEmilios

185 1394 253 1442 M·
265 1393 322 1442 ⁸⁸⁸·
349 1393 582 1472 Mamercinum
605 1415 703 1480 quum
728 1393 828 1458 Setini
845 1393 1052 1479 Norbanique
1069 1393 1213 1470 Romam,
1230 1395 1340 1458 nuncii
1354 1395 1407 1460 de·

185 1457 488 1570 ffffiffissectionis
505 1480 748 1555 Privernatium,
764 1499 836 1544 cum
858 1479 1062 1564 querimoniis
1084 1495 1220 1564 acceptae
1243 1480 1343 1544 cladis
1358 1503 1407 1545 ue·

183 1587 294 1634 uocas
345 1579 472 1631 nerunt.
517 1565 707 1630 Volscorum
731 1565 804 1630 item
828 1566 1011 1642 exercitum,
1027 1565 1109 1630 duce
1132 1566 1251 1629 Antiati
1275 1587 1319 1650 po
1344 1567 1406 1644 nlo,

207 1656 209 1662 ’
345 1653 523 1716 consedisse
538 1650 578 1716 ad
595 1651 763 1726 Satricum,
776 1651 915 1715 adlatum
927 1665 985 1715 est.
996 1667 1168 1737 utrumque
1183 1650 1297 1716 bellum
1309 1589 1408 1718 ‘llan-

183 1751 309 1799 vtcusrt-
344 1738 390 1802 tio
411 1751 494 1802 sorte
516 1740 629 1802 evenit.
676 1737 768 1800 Prius
793 1737 831 1801 ad
853 1737 1040 1801 Privernum
1067 1737 1225 1823 proiectus
1247 1740 1408 1823 extemplo

182 1823 301 1865 vernam.
344 1824 412 1887 acie
434 1823 589 1888 conflixit.
608 1822 694 1887 haud
715 1845 830 1909 magno
852 1823 1023 1886 certamine
1038 1823 1149 1887 devicti
1167 1823 1291 1888 hostes:
1315 1828 1407 1910 oppi-

344 1908 420 1973 dum
436 1923 565 1994 captum
581 1909 737 1974 redditum
763 1931 801 1973 uc
816 1909 1059 1986 Privernatibus,
1099 1910 1224 1973 raesidio
1239 1910 1348 1975 valido
1362 1915 1408 1974 in·

342 1995 464 2080 posito:
491 1995 559 2083 agri
585 1995 710 2080 1partes
736 1931 809 2058 duae
835 1994 977 2060 ademtae
1023 1995 1063 2060 ln
1087 2018 1106 2060 e
1127 1996 1227 2060 victor
1248 1997 1408 2062 exercitus

346 2081 504 2146 Satricum
521 2094 631 2146 contra
647 2081 791 2146 Antiates
806 2080 930 2146 ductus.
975 2079 1025 2146 Ibi
1040 2103 1157 2169 magna
1172 2081 1333 2167 utrimque
1348 2105 1408 2147 cae·

182 2185 314 2244 cumvu-
344 2166 498 2232 destrux
521 2168 671 2254 proelium
686 2165 765 2232 luit:
789 2180 821 2232 et
843 2189 939 2253 quum
963 2179 1129 2254 tempestas
1146 2191 1208 2245 eos,
1226 2182 1340 2233 neutro
1361 2171 1408 2233 in·

182 2250 311 2304 “tenuato
344 2252 460 2320 clinata
481 2276 545 2339 spe,
561 2253 746 2318 dimicantes
769 2252 954 2331 diremisset,
979 2254 1129 2331 Romani,
1144 2253 1224 2317 nibil
1247 2275 1285 2317 eo
1307 2269 1408 2320 certa·

181 2321 336 2432 fflffil'uss‘
346 2341 430 2404 mine
445 2353 509 2404 tam
524 2341 674 2428 ambiguo
688 2338 771 2422 fessi,
786 2340 818 2403 in
834 2355 996 2424 posterum
1011 2338 1095 2404 diem
1115 2340 1265 2425 proelium
1282 2355 1407 2426 parant.

342 2425 476 2504 Volscis,
494 2427 725 2490 recensentibus
749 2448 829 2513 quos
851 2426 933 2490 viros
956 2426 989 2490 in
1012 2429 1080 2490 acie
1101 2427 1287 2505 amisissent,
1306 2425 1408 2491 haud·

341 2511 500 2600 quaquam
517 2513 598 2577 idern
619 2514 743 2578 animus
759 2513 798 2575 ad
822 2511 999 2577 iterandum
1024 2512 1198 2596 periculum
1223 2511 1291 2576 tuit.
1314 2527 1410 2578 nocte

342 2621 402 2684 pro
420 2600 507 2664 victis
523 2601 654 2663 Antium
721 2599 805 2662 mine
826 2597 961 2684 trepido,
978 2599 1089 2662 sauciis
1111 2621 1149 2662 ac
1173 2610 1261 2683 parte
1285 2599 1409 2684 inpedi-

344 2699 523 2749 mentorum
548 2685 666 2763 relicta,
678 2621 836 2749 :lterum
882 2685 1054 2749 Armorum
1079 2705 1193 2766 magna
1210 2684 1255 2748 vis
1273 2698 1344 2750 tum
1361 2688 1409 2750 in·

342 2781 390 2834 ter
405 2793 489 2834 coesa
508 2792 642 2856 corpora
665 2771 812 2846 bostium,
828 2783 896 2834 tum
920 2771 952 2832 in
977 2771 1086 2835 castris
1107 2772 1233 2834 iuventa
1252 2785 1310 2836 est.
1356 2775 1409 2838 Eo

180 2873 325 2923 mamers.
342 2855 444 2921 'Luce
460 2859 555 2921 matri
576 2860 652 2920 dare
668 2879 709 2933 se,
725 2855 836 2920 consul
855 2855 957 2921 dixit:
983 2857 1122 2943 finesque
1143 2855 1281 2920 hostium
1305 2879 1410 2944 usque

342 2942 383 3006 ad
398 2964 487 3006 oram
513 2943 701 3006 maritimam
718 2955 765 3006 est
780 2943 996 3026 depopulatus.
1042 2942 1144 3007 Alteri
1161 2941 1285 3006 consuli
1300 2943 1409 3008 1Εωὶ-

342 3029 396 3106 lio,
414 3028 556 3116 ingresso
568 3027 583 3066 ³
594 3024 753 3091 Sabellum
778 3050 902 3114 agrum,
918 3051 983 3091 non
1005 3042 1106 3093 castra
1122 3029 1327 3106 Samnitium,
1343 3053 1408 3094 non
1437 3083 1440 3091 .

342 3114 481 3202 legiones
510 3135 641 3200 usquam
666 3114 828 3199 obpositae.
855 3112 939 3178 ferro
967 3115 1097 3204 ignique
1117 3127 1291 3178 vastantem
1317 3139 1410 3265 egros

181 3219 302 3268 Samnite·
342 3200 440 3288 legati
459 3200 648 3284 Samnitium
665 3221 773 3284 pacem
789 3217 915 3264 orantes
930 3200 1056 3277 adeunt,
1069 3223 1088 3265 a
1103 3223 1167 3286 quo
1182 3201 1290 3284 rejecti
1305 3225 1325 3265 a
1362 3225 1410 3268 se·

180 3285 463 3364 legstoemtanfltm
480 3299 637 3371 potestate
654 3285 737 3352 lacta
751 3286 886 3363 dicendi,
903 3286 1013 3372 positis
1033 3287 1194 3350 ferocibus
1209 3287 1337 3365 animis,
1353 3311 1410 3374 pa·

181 3351 300 3464 ml&
343 3395 411 3437 cem
433 3373 493 3438 sibi
516 3373 556 3438 ab
581 3373 743 3451 Romanis,
760 3373 898 3459 bellique
917 3379 970 3458 jus
994 3369 1145 3438 adsersus
1172 3371 1332 3438 Sidicinos
1353 3397 1409 3460 pe·

250 3503 255 3515 ·
343 3459 473 3525 tierunt.
488 3481 557 3548 quae
566 3481 597 3524 se
611 3459 766 3544 eojrtstius
773 3469 890 3544 petere,
907 3459 1009 3544 ⁴prud
1022 3467 1067 3524 et·
1078 3461 1112 3523 in
1125 3459 1296 3523 amicitiam
1304 3481 1409 3546 popu-

780 3631 826 3676 ⁸et
835 3631 883 3676 ost
893 3627 967 3676 amn.

376 3793 505 3844 l'Parteae
515 3792 578 3857 daoel
596 3792 657 3842 Dure
675 3795 753 3841 tertiae
766 3801 856 3854 partes,
889 3807 917 3842 ra
927 3795 989 3854 ipse.
1004 3795 1043 3842 De
1053 3795 1107 3842 Lus
1117 3799 1197 3840 mane
1210 3793 1305 3842 mantio
1317 3795 1410 3842 iterun

341 3863 442 3910 trientes
461 3862 517 3908 duo·
550 3859 634 3922 †Vid.
652 3865 702 3908 not.
716 3857 755 3905 st.
772 3859 804 3906 cd
821 3859 857 3906 11.
889 3857 1346 3919 ooeunitspuunosumn,xtv.8tt.

343 3925 381 3974 la
392 3938 475 3986 supra.
755 3955 756 3960 ,
922 3921 938 3968 8
954 3923 1069 3972 &delium
1100 3922 1200 3985 qum]
1244 3923 1410 3970 Samniticum

328 4031 329 4034 ,
373 3989 464 4038 ΗΜ
482 3986 566 4055 mart]
596 3987 659 4034 hm
682 3987 811 4036 Turnebus
830 3995 858 4035 et
889 3999 984 4047 agrum.
1016 3989 1146 4043 Samnites,
1167 3989 1224 4034 clio'
1240 3988 1343 4035 nominc
1365 3987 1413 4034 So·

340 4061 396 4113 post
416 4067 475 4100 eum
493 4051 608 4117 nnjsuus
627 4053 729 4100 credam
748 4053 857 4101 habitam
888 4051 957 4098 dedat
967 4053 1044 4100 dictos
1058 4065 1109 4100 etse
1124 4052 1193 4098 tastis
1205 4059 1243 4098 est
1253 4051 1317 4099 Ptin.
1328 4053 1345 4099 l.
1358 4051 1411 4099 111.

340 4129 393 4164 ene
403 4131 504 4165 omrem
514 4118 661 4172 satuentes
669 4119 700 4164 A.
708 4117 771 4164 Gall.
780 4116 856 4165 xm.
889 4129 912 4163 c.
925 4115 963 4164 12.
974 4119 1032 4177 quis
1042 4129 1129 4176 nempe
1139 4131 1155 4162 a
1165 4115 1260 4164 satist·
1269 4117 1318 4162 ortt
1328 4123 1411 4172 erant,

341 4180 378 4228 21.
390 4181 432 4227 ubl
449 4183 523 4243 uulgo
539 4181 856 4244 tsgtturhadmaatmt,
890 4186 918 4226 ut
939 4188 1059 4229 memorat
1078 4179 1157 4227 Varro
1176 4182 1207 4227 de
1225 4179 1299 4241 [Aug.
1319 4180 1376 4227 Lat.
1393 4180 1411 4224 t.

339 4251 452 4305 compte
467 4259 512 4306 pro
528 4247 611 4294 Lutra
645 4245 700 4293 Lau
718 4250 794 4294 mater
811 4246 858 4307 igi·
891 4245 934 4291 vt.
947 4245 1004 4292 cS.

340 4310 739 4371 memorandumque
763 4311 858 4372 Opust
921 4307 1412 4370 totmanntmtmlsuueuts

340 4373 409 4421 Rhea
419 4373 567 4430 nominatur,
579 4381 604 4420 et
620 4380 720 4435 putatur
735 4388 787 4422 use
797 4375 859 4424 Ter·
888 4379 911 4420 rt
921 4379 1000 4422 exstat
1014 4375 1040 4420 in
1053 4373 1144 4434 aliquot
1158 4373 1263 4434 serlpdt.
1276 4379 1341 4420 teste
1350 4373 1416 4419 Gro-
1511 4417 1512 4424 ,
