3032 4924
343 183 403 256 aar
755 175 865 236 τιτι
895 174 1033 240 ιινιι

146 331 150 334 ’
184 359 320 410 uasta
346 341 387 410 ad
408 339 444 406 id
464 338 644 406 faciendum
667 339 707 406 G.
724 338 840 408 Fabius
853 339 972 418 Dorso,
987 341 1010 386 ⁷¹
1026 339 1156 408 Gabino
1176 341 1286 418 cinctu,
1307 363 1386 406 sarrs

183 429 216 474 Α·
228 427 255 474 c.
264 424 322 474 ³⁸⁷·
348 427 491 496 manibus
508 448 631 514 gerens,
648 447 747 512 quum
761 427 800 492 de
813 426 963 514 capitolio
976 427 1197 502 descendisset,
1211 449 1265 513 per
1278 427 1386 492 medias

183 489 274 604 {w
348 515 486 581 hostium
508 513 656 580 stationes
719 535 830 592 rossus,
845 511 923 578 nihil
949 513 990 584 ad
1006 521 1116 582 rocem
1137 516 1310 601 cujusquam
1330 529 1388 578 rer.

348 621 491 669 roremue
505 615 621 677 motus,
636 532 884 676 ineduirinatem
907 600 1021 666 collem
1043 601 1194 688 pervenit.
1216 601 1314 688 ibique
1326 621 1388 664 om·
1480 598 1481 624 ¹

347 687 440 754 nibus
463 686 654 753 sollemniter
679 687 826 770 peractis,
845 685 954 752 eadem
979 701 1139 755 revertens
1161 687 1298 754 similiter
1321 707 1389 770 con:

347 773 444 840 stanti
469 773 556 838 vultu
580 771 754 860 graduque,
779 773 853 838 satis
876 793 1007 857 sperans
1031 775 1186 861 propitios
1212 797 1276 839 esse
1299 772 1388 846 Deos,

348 881 484 948 quorum
501 859 620 924 cultum
637 881 678 922 ne
692 860 802 930 mortis
816 859 944 946 quidem
960 874 1046 926 metu
1061 860 1236 948 prohibitus
1250 858 1391 924 deseruis-

348 961 405 1024 set,
422 949 453 1010 in
472 945 666 1032 Capitolium
680 945 722 1009 ad
736 967 809 1010 suos
822 945 924 1024 rediit,
941 969 995 1011 seu
1017 947 1165 1014 adtonitis
1189 947 1287 1014 Gallis
1306 945 1392 1008 mira·
1428 983 1432 991 ·

348 1033 421 1099 culo
431 1031 584 1108 audacius,
600 1055 653 1097 seu
669 1031 820 1120 religione
831 1032 923 1096 etiam
941 1035 1044 1112 motis,
1060 1035 1150 1120 cujus
1164 1033 1392 1119 haudquaquam

188 1132 263 1181 vuos
274 1145 331 1178 eon·
348 1119 518 1208 neglegens
543 1132 592 1184 est
614 1129 701 1204 gens.
746 1118 832 1184 Veiis
857 1119 981 1184 interim
1006 1143 1070 1185 non
1095 1120 1193 1186 animi
1221 1135 1338 1185 tantum
1364 1117 1394 1180 in

188 1197 426 1310 fflnffidies,
451 1205 504 1270 sed
528 1207 622 1270 etiam
647 1206 738 1280 vires,
762 1207 960 1270 crescebaut:
985 1228 1044 1272 nec
1066 1206 1220 1274 Romanis
1242 1205 1339 1270 solum
1361 1223 1395 1267 eo

189 1327 265 1376 mani.
349 1293 610 1358 convenientibus
625 1313 665 1356 ex
681 1315 700 1356 a
725 1291 776 1366 ris,
792 1291 818 1334 ⁷¹
829 1291 883 1378 qui
899 1300 937 1359 ι’
950 1294 1068 1377 proelio
1082 1293 1216 1358 adverso
1239 1305 1293 1358 aut
1317 1289 1397 1356 clade

350 1395 452 1467 captae
467 1379 554 1444 urbis
576 1377 674 1463 palati
700 1313 835 1456 lucrare,
851 1378 905 1444 sed
928 1379 1022 1445 etiam
1045 1402 1085 1446 ex
1110 1379 1208 1446 Latio
1228 1375 1398 1444 voluntariis

350 1465 591 1543 confluentibus,
619 1479 654 1528 ut
679 1464 712 1528 in
738 1477 828 1549 parto
852 1465 972 1550 praedae
996 1475 1109 1533 essent.
1154 1465 1321 1532 Moturum
1341 1463 1400 1549 jam

349 1553 527 1638 videbptur,
559 1550 659 1636 repeti
682 1550 816 1636 patriam
842 1552 984 1638 eripique
1009 1575 1048 1617 ex
1074 1551 1214 1618 hostiurn
1245 1549 1399 1616 manibus:

350 1639 404 1704 ssd
431 1638 557 1724 corpori
582 1636 688 1702 valido
711 1650 807 1722 caput
829 1633 946 1704 deerat.
992 1638 1099 1704 Locus
1127 1640 1197 1725 ipse
1222 1635 1403 1704 admouebat

352 1723 492 1805 Camilli,
508 1736 539 1789 et
554 1723 671 1810 mag'nn
690 1745 763 1808 pars
778 1723 913 1790 militum
937 1739 1014 1800 erat,
1028 1726 1082 1810 qui
1096 1725 1196 1791 ductu
1213 1725 1403 1812 auspicioque

351 1813 417 1898 ejus
431 1834 481 1876 res
496 1831 648 1896 prospere
664 1823 841 1894 gesserantr
864 1824 897 1876 et
919 1811 1078 1878 Caedicius
1092 1811 1118 1858 ⁷³
1129 1833 1260 1902 negare,
1274 1811 1306 1875 se
1324 1829 1402 1874 com·

351 1898 531 1975 missurum,
558 1918 615 1961 cur
640 1895 700 1960 sibi
726 1909 781 1960 aut
806 1895 950 1962 Deorum
977 1914 1032 1963 aut
1055 1899 1226 1965 hominum
1270 1899 1405 1984 uisqnnm

352 1984 519 2068 imperium
550 1981 657 2046 finiret
683 1984 801 2068 potius,
827 2005 921 2070 quam
958 1984 1040 2070 ipse.
1060 2007 1185 2052 memor
1213 1923 1332 2052 ordinis
1360 1979 1404 2046 sui

353 2085 494 2154 posceret
510 2070 742 2155 imperatorem.
766 2069 931 2136 Consensu
946 2071 1087 2137 omnium
1102 2071 1235 2158 placuit,
1252 2073 1294 2138 ab
1310 2068 1409 2136 Ardea

189 2163 322 2240 Amemus
354 2156 526 2224 Camillum
553 2155 650 2226 adciti
659 2178 669 2232 3
692 2155 746 2220 sed
772 2168 865 2222 antea
888 2157 1034 2224 consulto
1066 2173 1190 2237 senatu,
1217 2160 1275 2246 qui
1302 2159 1407 2222 uomae

190 2229 332 2306 ⁰⁸²¹¹¹¹¹¹¹¹P
352 2257 443 2310 esset.
454 2245 534 2308 adeo
545 2243 675 2332 regebat
686 2242 794 2310 omnis
803 2243 917 2328 pudor,
928 2243 954 2288 ⁷⁴
965 2245 1212 2333 discriminaque
1222 2267 1329 2312 rerum
1342 2249 1410 2327 pro·

350 2354 391 2418 pe
405 2329 538 2416 perditis
553 2333 647 2394 rebus
666 2328 839 2396 servabant.
884 2330 1011 2416 Ingenti
1025 2332 1168 2416 periculo
1189 2333 1409 2398 transeundum

349 2441 407 2506 per
417 2418 554 2484 hostium
568 2415 724 2484 custodias
732 2429 810 2482 erut.
820 2415 861 2482 sd
870 2439 938 2482 eum
953 2440 1018 2482 rem
1032 2417 1167 2484 Pontius
1178 2415 1411 2494 Cominius,in·

351 2507 441 2594 piger
444 2504 582 2590 juvenis,
592 2525 722 2588 operam
732 2502 1066 2589 pollicitn,incubans
1075 2506 1199 2588 cortici,
1209 2503 1351 2572 seeundo
1359 2501 1412 2566 Ti-

320 2593 327 2601 “
352 2593 418 2658 beri
433 2592 473 2657 ad
489 2591 599 2656 urbem
615 2587 765 2654 defertur.
780 2589 864 2665 inde,
877 2612 939 2676 qua
953 2593 1137 2676 proximum
1153 2591 1216 2658 fuit
1231 2615 1250 2658 a
1266 2594 1346 2677 ripa,
1360 2607 1413 2676 per
1487 2647 1488 2650 ,

350 2693 561 2766 praeruptum,
571 2698 701 2762 eoquen
745 2675 1008 2744 lectumhostium
1019 2679 1182 2756 custodire,
1191 2701 1306 2746 saxum
1315 2677 1347 2742 in
1357 2677 1414 2740 Ca·

351 2762 1415 2934 {limittit²÷tt?..tttlltitl‘tustl‘l‘ffttfflt

421 2897 428 2914 .
990 2895 1000 2926 ,
1066 2876 1083 2916 e
1162 2875 1250 2918 cumr
1277 2875 1304 2918 rs
1402 2883 1416 2896 ·

353 2939 393 3002 tis
408 2949 571 3001 revocatus
590 2935 631 3000 de
645 2933 766 3016 exsilio,
781 2935 901 3022 ⁷⁸jrussu
919 2938 1027 3022 populi
1041 2937 1198 3005 Camillus
1212 2939 1352 3005 dictator
1364 2955 1416 3000 ex·
1487 2987 1488 3024 p

766 3110 829 3153 οιαὶ
840 3108 915 3158 Gron.
927 3109 997 3157 cccv.
1156 3171 1167 3186 θ
1487 3091 1488 3184 l

387 3249 416 3300 tl
435 3250 524 3300 casim
540 3253 628 3318 tinctu]
647 3253 748 3302 Cinctu
759 3256 869 3304 Gabinus
901 3271 953 3318 gos,
976 3271 1060 3306 sensus
1087 3267 1185 3322 apertus
1216 3267 1264 3307 est.
1308 3257 1422 3306 cedicius

354 3316 412 3372 nus,
434 3329 512 3378 quum
534 3331 583 3366 una
603 3325 667 3380 toga
689 3319 775 3368 lacinia
798 3333 871 3382 supra
902 3323 1007 3370 declarat
1028 3325 1073 3371 sibi
1092 3335 1157 3372 curas
1174 3325 1231 3372 fore
1253 3337 1285 3371 ne
1304 3325 1421 3380 exspectet

354 3383 485 3430 humerum
496 3383 621 3431 sinistrum
631 3385 656 3430 in
665 3391 762 3446 tergum
773 3383 870 3448 rejecta,
901 3388 962 3434 dum
973 3389 1017 3434 sibi
1029 3390 1119 3436 abelis
1132 3389 1218 3450 aliquo
1238 3391 1294 3436 sins
1313 3387 1359 3434 deo
1376 3385 1424 3431 sira

353 3447 418 3493 luna
437 3447 567 3494 humarum
584 3450 698 3496 dextrum
719 3451 755 3497 ita
772 3463 869 3500 revom-
902 3451 1001 3500 homine
1019 3455 1116 3502 finiatur
1132 3453 1282 3514 imperium,
1294 3453 1337 3498 sod
1348 3451 1425 3514 potius

354 3513 426 3558 batur
443 3512 475 3558 ud
490 3519 583 3571 mus,
601 3520 630 3559 ut
648 3514 772 3560 hominen
792 3516 872 3578 cinga·
904 3523 933 3562 ut
952 3517 1003 3578 lpse
1023 3525 1130 3578 posceret
1152 3518 1342 3579 imperatorem.
1359 3515 1426 3576 elque

353 3582 406 3622 retr
425 3575 490 3624 unde
509 3584 566 3638 toga
585 3577 679 3624 brevior
696 3585 721 3625 et
735 3579 872 3626 adstrictior
904 3580 981 3627 libens
992 3589 1092 3642 parent.
1386 3577 1392 3590 ¹

355 3640 434 3688 tlebst.
468 3639 506 3688 De
524 3638 597 3704 hujus
618 3643 693 3690 moris
713 3644 805 3704 ungine
822 3645 870 3691 vid.
937 3643 1278 3695 'timuerimus-mr
1296 3639 1427 3704 semlant]

355 3703 467 3752 Serrium
487 3707 518 3752 ad
538 3707 596 3754 v11.
617 3705 673 3753 AEo.
699 3722 722 3753 r.
747 3707 803 3756 612.
835 3707 872 3756 uo
903 3709 975 3763 Quod
993 3708 1110 3774 cujusque
1127 3713 1163 3760 rei
1178 3709 1235 3774 jur,
1251 3713 1315 3785 qnid
1331 3715 1428 3756 matus

354 3770 439 3817 hebltu
466 3773 551 3818 consul
577 3771 636 3818 Jani
660 3779 755 3832 portam
782 3779 872 3820 reserat
904 3775 1057 3834 auctoritate,
1075 3778 1134 3838 quid
1152 3778 1243 3838 populi
1262 3789 1338 3838 jussu
1357 3769 1430 3820 rutul

355 3835 420 3894 apud
445 3833 531 3897 virgil.
555 3837 608 3884 loco
635 3849 709 3897 supra
730 3845 872 3885 memorato.
905 3840 1011 3899 deberet,
1026 3841 1217 3902 distmguebant.
1256 3836 1430 3888 Vidnostl.

356 3899 450 3946 Eodem
469 3901 541 3948 ambo
561 3901 628 3948 Decii
648 3914 674 3948 ss
693 3903 812 3948 devovent
829 3915 873 3962 pro
905 3903 1018 3954 adelo.
1030 3919 1110 3966 supra.

355 3964 500 4012 exercitibus
518 3965 644 4024 Romanis,
667 3967 732 4027 apud
750 3974 871 4025 nanuum,
937 3968 969 4016 75
986 3969 1094 4018 Comum
1108 3969 1221 4032 ramur]
1245 3970 1313 4026 Quae
1332 3967 1431 4030 quidem

356 4025 432 4074 v111.
445 4029 467 4074 u.
481 4035 505 4075 et
517 4029 552 4079 X.
565 4030 603 4080 28.
904 4031 973 4078 Veiis
982 4040 1071 4094 preter
1080 4047 1174 4082 morem
1185 4035 1435 4092 habenmmrter

389 4091 420 4138 'tt
439 4091 485 4147 Qut
503 4099 544 4140 aut
558 4093 654 4156 mallo]
679 4093 735 4141 Duo
751 4107 765 4141 e
784 4095 872 4141 nmtris
903 4099 1060 4158 sequentibus
1072 4105 1147 4160 patet.

356 4155 484 4216 unusqu
498 4159 658 4219 aprutium
672 4159 871 4207 volebatGrono·
937 4161 968 4209 'ld
992 4163 1067 4210 Jsrau
1084 4163 1166 4225 populi
1185 4163 1314 4212 emus»
1335 4161 1433 4209 mutu

358 4219 419 4265 vius.
712 4221 714 4230 '
784 4259 785 4264 ¹
904 4223 1030 4291 diceretur]
1060 4227 1113 4276 Hoc
1135 4230 1289 4276 notandum.
1323 4228 1435 4276 nicumr

391 4281 550 4358 {18⁸Ncgure
571 4301 594 4334 re
617 4289 793 4336 mansurarum
819 4284 874 4356 cur]
904 4289 970 4336 enirn
991 4292 1040 4340 dict
1058 4293 1160 4340 debent
1176 4293 1210 4338 ab
1229 4307 1262 4340 eo
1275 4291 1434 4354 megistum,

359 4345 476 4396 Untrtius
495 4349 557 4397 soret
578 4357 611 4398 ut.
644 4352 820 4413 Quoquomodo
839 4355 872 4400 le·
905 4350 975 4416 cajus
986 4369 1084 4406 mmma
1101 4365 1152 4406 erat
1168 4363 1295 4419 potestus.
1329 4355 1380 4405 Sed
1396 4365 1438 4402 ne·
