2986 4930
426 167 581 280 tsn11]
608 209 769 280 osan
1085 223 1124 290 ss

67 375 215 466 nmquis
233 379 379 468 inpenso
400 385 504 470 pretio
516 383 653 460 venibat,
667 383 701 448 in
722 382 886 470 publicum
906 383 994 448 omni
1007 379 1124 462 sumtu,
1136 401 1165 449 u.
1178 401 1205 449 c.
1215 397 1271 449 mo.

67 467 222 534 stantum
239 467 389 554 privatis.
414 469 441 510 ⁶⁵
452 469 685 556 Portoriisque⁸
699 484 731 535 et
744 470 865 536 tributo
878 469 1000 554 plebss‘
1011 470 1125 535 libera·
1134 468 1164 514 Α
1177 465 1203 514 tt
1215 463 1271 514 ⁵⁰⁶·
1374 539 1376 544 ,

68 569 104 632 ts,
118 567 154 618 ut
166 553 285 620 divites
300 553 496 633 conferrent,
511 556 565 657 qui
583 556 672 622 oneri
685 555 814 621 ferendo
828 571 948 621 essent:
971 573 1127 642 pauperes

67 642 133 707 satia
154 640 308 726 stipendii
333 641 535 726 penderem
558 643 675 707 liberos
699 642 878 708 educarent.
924 643 1036 729 Itaque
1057 639 1128 708 boeo

69 725 267 816 indulgentia
280 728 429 805 Patrum,
445 728 560 814 asperia
580 728 783 828 postmodum
807 729 902 794 rebus
917 729 950 792 in
966 729 1129 793 obsidione

66 836 102 878 sc
113 813 207 890 fame,
223 813 307 878 adeo
322 813 514 879 concordem
530 815 686 879 civitatem
703 815 814 891 tenuit,
830 828 865 879 ut
875 817 996 903 regium
1011 835 1128 878 nomen

68 921 127 964 non
148 900 271 964 summi
293 922 347 963 ms
373 900 408 976 's‚
429 922 523 985 quam
547 901 647 964 mlimi
675 900 859 966 horrerent:
885 923 941 966 nec
962 902 1128 988 quisquam

69 1008 144 1050 unus
170 986 266 1050 melis
290 988 353 1050 arti
376 1009 414 1050 us
436 1001 544 1072 postea
567 1000 632 1051 tsm
655 1009 697 1071 po
720 985 816 1052 ularis
836 1002 924 1066 esset,
944 1009 1038 1074 quam
1061 1001 1129 1052 tum

68 1072 144 1138 bene
157 1073 355 1156 imperando
370 1073 532 1137 universus
546 1089 673 1138 senatus
701 1074 758 1138 uit.

109 1157 155 1224 X.
179 1157 294 1234 Quum
318 1158 425 1223 hostes
446 1159 599 1236 adessent,
615 1181 674 1243 pru
695 1182 728 1223 se
746 1161 878 1248 quisque
899 1161 930 1224 in
955 1160 1065 1224 urbem
1086 1181 1127 1227 ex

123 1246 130 1260 '
162 1245 366 1332 demigrant:
385 1246 494 1309 urbem
511 1247 611 1329 ipsam
627 1246 753 1332 sepiunt
766 1247 931 1331 praesidiis.
946 1245 1005 1310 alis
1021 1246 1129 1322 muris,

66 1267 148 1396 :biiB
141 1331 260 1396 Tiberi
274 1331 400 1417 objecto
410 1331 599 1396 videbantur
612 1345 689 1396 tuts.
714 1332 799 1395 Pons
813 1332 962 1396 sublicius
975 1333 1036 1396 iter
1049 1329 1132 1416 pene
1327 1407 1333 1424 ,

66 1417 214 1486 hostibus
226 1416 333 1482 dedit:
350 1417 385 1480 ni
400 1439 480 1481 unus
490 1418 539 1480 vir
554 1416 669 1486 suisset.
684 1417 841 1482 Horatius
852 1417 980 1494 Cocles3
999 1417 1044 1504 (id
1061 1439 1203 1488 munos
1217 1438 1297 1487 coen·

66 1503 246 1569 nimentutn
269 1503 328 1568 illo'
338 1503 393 1567 die
411 1501 537 1568 fortuna
554 1503 640 1568 urbis
657 1504 811 1569 Romanae
825 1504 949 1586 habuit)
964 1506 1030 1592 qui,
1045 1504 1171 1590 posi-¹¹⁸
1181 1505 1280 1552 Milo·

66 1607 114 1656 tus
124 1589 254 1654 fortein
265 1589 403 1654 statione
413 1590 528 1674 pontis,
538 1611 636 1676 quum
645 1603 771 1673 captum
781 1593 946 1677 repentino
957 1591 1065 1676 inpetu
1075 1571 1178 1656 Ja-‘¹⁰'

65 1677 221 1756 niculum,
236 1687 267 1740 st
293 1697 332 1740 ue
355 1675 431 1739 iude
444 1675 556 1741 citatos
574 1676 740 1740 decurrere
763 1677 866 1742 hostes
881 1678 1017 1755 vidisset,
1033 1678 1131 1763 trepia

66 1761 205 1850 musque
220 1778 273 1827 tur
317 1783 349 1826 tn
365 1783 495 1826 suorum
511 1783 598 1826 arma
612 1763 801 1849 ordinesque
820 1765 1009 1850 relinquere,
1025 1785 1131 1850 repre·

67 1847 205 1914 bensans
219 1849 377 1936 singulos,
390 1848 555 1924 obsistens,
567 1848 786 1936 obtestansque
796 1849 902 1916 Derim
919 1851 1131 1932 ethominum

70 1934 175 2014 fidem,
189 1939 370 2002 testabatur
394 1937 594 2019 nequidquam
606 1933 759 2000 ⁶⁶deserto
774 1939 927 2020 prasidio
947 1937 1131 2022 cossugere.
1209 1927 1213 1941 ⁸

68 2021 93 2063 ⁶⁷
99 2025 134 2088 Si
146 2026 313 2088 transitum
324 2029 452 2104 pontem
461 2043 481 2084 a
490 2032 575 2105 tergo
588 2023 790 2105 reliquissent,
792 2023 863 2108 jam
873 2025 1083 2107 plustostinm
1098 2028 1133 2088 in

70 2109 198 2174 Palatio
224 2109 458 2192 Capitolioque,
481 2129 569 2191 quom
595 2109 629 2170 iu
650 2109 795 2172 taniam
807 2111 894 2194 sore.
940 2111 1050 2194 Itaque
1070 2133 1132 2174 mo·

70 2215 149 2270 aere,
159 2198 346 2278 praedicere,
362 2203 399 2256 ut
407 2203 530 2276 pontem
540 2193 646 2278 ferro,
661 2195 738 2278 igni,
753 2217 936 2280 qrtommque
949 2199 982 2261 ni
995 2209 1131 2280 possent,

71 2281 306 2363 interrumpunt.
340 2281 382 2345 se
396 2281 529 2362 inpetum
542 2281 680 2357 institor,
694 2292 836 2364 quantum
851 2304 977 2365 corpore
990 2305 1132 2366 uno-pos·

70 2377 110 2430 ret
125 2367 243 2443 obsisti,
258 2375 463 2448 exceptio-um.
508 2364 600 2428 Vadit
616 2364 691 2430 inde
705 2369 737 2433 in
760 2369 896 2450 primurn
911 2370 1032 2432 aditum
1052 2390 1131 2453 pon·

70 2452 126 2515 tis:
150 2453 353 2539 insignisque
374 2452 459 2518 inter
479 2463 645 2535 conspecta
658 2451 872 2517 lacedentium
895 2475 1012 2540 pugne
1032 2467 1131 2540 terge,

71 2538 213 2604 obversis
222 2539 372 2604 cominus
386 2537 425 2600 sd
436 2537 609 2602 ineundum
619 2537 769 2622 proelium
781 2539 886 2616 armis,
899 2539 969 2622 ipso
981 2539 1134 2605 miraculo

71 2625 212 2690 audacias
226 2622 439 2708 obstupefecit
459 2622 572 2689 hostes.
594 2623 674 2688 duos
687 2637 792 2688 tamen
816 2645 888 2688 cum
908 2647 947 2688 eo
968 2625 1073 2709 pudor
1087 2640 1134 2690 te·

72 2712 150 2789 uuit,
161 2713 222 2796 Sp.
233 2707 480 2776 LartiumacT.
492 2709 708 2787 Herminium,
718 2709 827 2776 ambos
838 2709 938 2776 claros
946 2733 1062 2800 genere
1070 2710 1135 2776 lac-

72 2797 185 2882 tisque.
213 2797 298 2864 Cum
313 2797 363 2862 his
378 2795 514 2880 primam
530 2795 661 2880 periculi
675 2797 857 2882 procellam,
868 2814 902 2862 et
915 2797 1002 2885 quod
1016 2798 1136 2878 tumul-

72 2884 289 2948 tuosissimum
301 2903 422 2970 pugnas
431 2894 509 2960 erat,
520 2903 693 2967 parumper
703 2886 861 2949 sustinuit.
873 2884 1048 2950 deindeeos
1057 2907 1135 2970 quo-

95 2972 243 3055 seipsos,
254 2971 370 3056 exigua
382 2985 472 3054 parte
481 2967 587 3054 pontis
596 2969 714 3046 relicta,
724 2973 944 3036 revocantibus
953 2972 1007 3058 qui
1018 2976 1137 3038 rescin-

73 2991 205 3134 debant,
220 3055 334 3121 eedere
354 3056 388 3119 iu
408 3069 511 3120 tutum
526 3056 639 3142 coegit.
685 3055 916 3122 Circumferena
937 3059 1011 3122 iude
1032 3071 1137 3124 truces

75 3143 239 3210 minaciter
264 3141 374 3206 oculos
399 3140 440 3205 ad
467 3162 612 3225 proceres
639 3140 857 3222 Etruscorum,
883 3165 970 3208 rrunc
995 3145 1136 3234 singulos

75 3249 258 3312 provocare,
278 3250 365 3294 nunc
389 3229 552 3312 increpare
572 3247 694 3303 omnes,
712 3231 847 3295 Ser-uitia
868 3253 970 3316 regum
992 3233 1136 3315 superbo-

76 3337 147 3392 rum,
162 3337 228 3380 surr
252 3313 409 3379 libertatis
434 3315 617 3390 inmemores,
639 3317 772 3379 alienum
798 3317 1000 3402 odpngnmum
1022 3321 1136 3383 venire.

80 3399 228 3466 Cunctsti
243 3398 439 3488 aliquamdiu
455 3412 538 3476 suut,
553 3398 632 3463 dum
646 3400 727 3466 nlius
741 3401 850 3480 alium,
869 3415 903 3467 ut
922 3403 1071 3488 proelium
1087 3404 1136 3466 in-

77 3487 201 3574 cipiunt,
218 3488 497 3572 circumspectant.
518 3485 623 3571 pudor
639 3486 754 3552 deinde
775 3489 946 3554 commovit
967 3490 1077 3566 aciem,
1092 3506 1135 3566 et,

78 3573 210 3640 clamore
225 3572 365 3650 sublato,
380 3571 520 3658 undique
540 3563 574 3637 in
596 3595 695 3638 unum
721 3574 842 3640 hostem
872 3576 934 3640 tela
955 3577 1137 3662 conjiciunt.

13 3707 14 3768 q
81 3659 156 3736 Qasr
178 3683 278 3749 quum
309 3661 350 3722 in
366 3658 490 3742 objecto
509 3671 629 3723 cuncta
650 3674 741 3725 scuto
764 3660 936 3740 haeslsscnt,
959 3685 1062 3750 neque
1083 3663 1138 3728 ille

266 3805 280 3834 t
293 3799 588 3860 Portorllaqtraquthon.
602 3801 673 3851 Creu.
785 3793 941 3865 ‘penitet

106 3933 133 3980 tt
148 3932 283 3996 Portortts]
324 3929 500 3991 Vettigtlibut.
535 3945 591 3992 que
621 3946 653 3994 go
672 3935 844 3996 relinquerent,
867 3947 912 3981 nec
929 3947 986 3980 eum
1007 3935 1136 3993 abrumpe-

80 4011 115 4056 μυ
124 3999 299 4061 impoeuttone
313 4002 340 4042 et
350 3994 516 4054 asportatione
527 4009 590 4043 mer·
621 4005 675 4044 rent
684 4029 691 4044 .
700 4032 707 4047 .
716 4001 842 4047 constaret
858 4011 952 4051 sensus,
971 3999 1066 4045 etiamsi
1089 4011 1136 4046 rox

13 4109 14 4127 ,
79 4063 97 4108 α’
143 4079 194 4112 sor
244 4078 260 4110 u
306 4093 314 4109 .
481 4087 484 4096 ι
616 4065 828 4122 ροηίαηίδωιετ.
844 4063 873 4109 St
889 4064 1013 4108 tramitum
1032 4062 1137 4124 mttquta

13 4133 14 4166 1
102 4129 260 4178 serm
273 4123 402 4188 muto]
420 4125 522 4172 naeus
538 4125 590 4173 loeo
622 4129 708 4182 mss

75 4193 153 4256 'siquo
170 4193 284 4258 presidii
303 4201 381 4237 eum
396 4189 523 4236 multitud
537 4189 590 4237 tua-
622 4193 696 4238 tundi
706 4193 807 4252 copiam.

72 4267 126 4319 tant,
135 4273 226 4322 usurpa
238 4253 369 4305 Jsrrieulo·
532 4273 535 4288 ·
656 4255 687 4303 68
704 4257 840 4304 Cedendum
864 4257 964 4320 pum]
993 4257 1138 4310 ‘Mallemua

96 4327 125 4374 st
140 4317 436 4382 somn-mmm]
449 4319 591 4382 sipontum,
622 4333 681 4369 nrm
691 4321 908 4384 Grouortopagno.

69 4399 187 4454 ”qm
198 4381 269 4437 mm·
279 4384 329 4446 ίμ
344 4383 507 4439 ml,
519 4397 534 4432 Ι
544 4391 591 4431 ffl-

718 4141 739 4174 e.
750 4129 770 4174 si
780 4129 932 4189 reliquissent
941 4127 1050 4175 hostibus
1058 4133 1137 4174 trsrra
