2978 4918
345 217 420 294 rte*
736 199 1012 288 'rrr'rtr'vm
1075 197 1082 208 '

182 411 213 462 u.
225 395 252 468 ὲ·
264 391 331 469 ⁸012·
343 397 435 463 dein*¹
446 395 510 460 duo
524 392 616 458 simul
630 391 713 458 mala
734 392 874 481 ingentia
896 401 1014 467 exorta,
1030 387 1125 454 sames
1135 381 1395 474 pestilentiaque,
1410 415 1420 422 ·

181 475 318 528 ΝΛΜ·
344 484 433 550 foeda
454 481 585 558 homini,
610 477 694 544 foeda
719 479 836 564 pecori.
881 477 1001 542 Vastati
1024 476 1092 564 agri
1113 487 1203 538 sunt:
1227 473 1303 537 urbs
1322 475 1397 536 essi·

343 570 414 634 duis
428 568 579 636 exhausta
598 565 776 639 funeribus;
799 564 908 628 multas
930 575 960 627 et
982 563 1075 626 clnrae
1100 560 1248 650 lugubres
1270 555 1397 623 domus.

345 651 475 722 Flamen
492 651 667 728 Quirinalis
690 651 759 718 Ser.
780 650 946 716 Cornelius
969 663 1125 722 mortuus;
1148 667 1250 736 augur
1267 644 1307 710 C.
1325 645 1398 709 Ho-

343 741 443 806 ratius
466 737 636 804 Pulrillus:
660 740 692 801 in
715 737 805 822 cujus
824 734 928 800 locum
949 735 988 798 C.
1005 733 1171 798 Veturium
1186 751 1230 796 eo·
1239 729 1398 816 cupidius,

308 842 312 848 '
344 829 417 912 quia
432 826 598 890 damnatus
613 847 631 888 a
645 824 737 910 plebe
751 837 827 899 erat,
851 843 984 910 augures
997 821 1111 906 legere.
1157 817 1308 906 Mortuus
1323 839 1399 880 con-

343 913 392 976 sul
416 910 619 988 Quinctilius,
646 923 782 996 quatuor
806 908 925 972 tribuni
949 906 1060 992 plebis.
1106 903 1288 990 Multiplici·
1309 904 1400 968 clude

183 1017 319 1068 unum.
344 998 481 1063 foedatus
501 1019 612 1062 annus.
634 997 681 1060 ab'
695 995 786 1060 hoste
803 998 902 1058 otium
924 992 993 1056 fuit.
1013 991 1087 1056 inde
1112 993 1255 1054 consules
1272 990 1312 1054 C.
1326 989 1400 1053 Me·

183 1081 320 1159 *⁰⁴⁵2
344 1085 466 1162 nenius,
491 1083 529 1148 P.
551 1083 668 1147 Sestius
692 1081 899 1165 Capitolinus,
945 1077 1057 1164 Neque
1071 1099 1109 1141 eo
1124 1099 1206 1140 anno
1224 1075 1399 1163 quidquam

182 1147 419 1260 ss'lgfflmbelli
445 1171 568 1235 externi
592 1169 658 1236 fuit.
681 1168 768 1232 domi
791 1179 892 1231 motus
915 1166 986 1228 orti.
1029 1161 1103 1228 Jum
1125 1163 1283 1229 redierant
1305 1161 1400 1248 legati

183 1243 248 1324 cia
346 1279 419 1324 cum
435 1257 549 1322 Atticis
571 1254 703 1340 legibus.
718 1275 756 1316 eo
774 1253 924 1316 intentius
943 1248 1099 1314 instabant
1121 1247 1250 1340 tribuni,
1273 1261 1310 1312 ut
1333 1261 1404 1313 tan·

276 1336 280 1349 ⁹
346 1345 419 1409 dem
434 1341 667 1406 scribendarum
692 1339 796 1426 legum
820 1337 945 1402 initium
962 1337 1062 1400 lieret.
1106 1335 1215 1398 Placet
1228 1334 1332 1398 creari
1347 1335 1403 1398 dr·

321 1481 323 1486 .
346 1429 498 1495 semriros
513 1428 581 1492 sine
602 1425 836 1510 provocatione,
853 1439 886 1488 et
900 1445 939 1486 ne
954 1423 1023 1571 quis
1038 1443 1075 1486 eo
1090 1443 1174 1485 anno
1189 1419 1267 1485 alius
1284 1423 1402 1508 magis-

345 1529 446 1581 tratus
468 1525 559 1578 esset.
614 1513 914 1576 Admiscerenturne
942 1508 1067 1592 pebeii‚
1098 1507 1314 1572 controversia
1347 1507 1405 1570 uli-

370 1600 497 1665 uamdiu
520 1598 586 1662 suit.
602 1611 764 1684 postremo
778 1616 958 1660 concessum
977 1593 1133 1669 Patribus,
1151 1592 1244 1656 ruodo
1259 1615 1301 1656 ne
1315 1591 1344 1636 ⁸⁷
1353 1592 1404 1658 lex

346 1625 436 1751 lcilia
451 1685 491 1748 de
505 1685 672 1760 Aventino,
687 1681 714 1720 ⁸⁸
723 1680 856 1767 aliaeque
870 1695 999 1745 sacratae
1012 1679 1096 1767 leges
1111 1679 1353 1766 abrogarentur.

370 1817 371 1820 κ
399 1769 573 1836 ΧΧΧΙΙΙ.
606 1769 736 1832 ”Anno
767 1769 985 1832 trecentesimo
1013 1766 1119 1844 altero,
1148 1787 1244 1851 quum
1274 1767 1405 1830 condita

349 1858 453 1922 Roma
471 1869 547 1932 erat,
570 1856 683 1918 iterum
705 1867 846 1918 mutatur
866 1851 969 1916 forma
990 1853 1135 1929 civitatis,
1158 1851 1199 1915 ab
1218 1852 1405 1918 consulibus

187 1951 325 2030 Decemviri
347 1944 388 2008 ad
400 1942 604 2022 decemviros,
619 1939 920 2026 ⁴⁰quemadmodum
935 1941 974 2002 ab
990 1939 1113 2026 regibus
1128 1949 1199 2001 ante
1221 1937 1262 2000 ad
1286 1959 1405 2004 consu-

186 2025 267 2066 Μ·
347 2030 393 2094 les
411 2039 549 2104 venerat,
571 2027 723 2092 translato
745 2025 889 2110 imperio.
934 2023 1046 2090 Minus
1072 2023 1211 2112 insignis,
1238 2023 1315 2110 quia
1341 2047 1407 2089 non

347 2115 508 2191 diuturna,
531 2113 663 2178 mutatio
681 2111 750 2176 fuit.
765 2109 839 2176 laeta
852 2111 936 2176 enim
952 2111 1108 2196 principia
1122 2112 1327 2197 magistratus
1341 2113 1407 2198 ejus

347 2201 476 2265 ¹²nimis
497 2202 702 2264 luxuriavere.
725 2221 763 2262 eo
783 2199 876 2263 citius
903 2197 990 2281 lapsa
1009 2219 1058 2261 res
1080 2209 1134 2272 est,
1158 2195 1405 2282 repetitumque,

348 2287 471 2354 duobus
507 2287 553 2350 uti
590 2284 794 2350 mandaretur
823 2282 987 2348 consulum
1016 2304 1132 2347 nomen
1160 2280 1405 2369 im1re1iumque

739 2407 842 2456 ”deinde
851 2409 926 2458 Gron.
939 2407 1006 2454 Crev.

329 2531 331 2536 '
379 2524 732 2587 substentamentum]
758 2524 796 2571 Da
810 2539 859 2585 qua
891 2531 1040 2580 exactemm,
1057 2529 1082 2573 et
1099 2535 1183 2570 eorum
1199 2523 1242 2580 qui
1257 2529 1408 2580 sequuntur,

349 2603 422 2650 supra
432 2591 463 2634 nd
473 2604 493 2636 e.
506 2589 546 2638 31.
890 2591 956 2636 aliud
983 2587 1112 2648 postulare.
1147 2587 1313 2646 Preterquam
1342 2590 1409 2646 qued

380 2655 413 2702 38
435 2651 538 2712 Allaeqroe
554 2657 649 2700 merutae
666 2653 737 2717 leger]
763 2652 859 2712 Excipi·
890 2654 956 2699 euim
968 2653 993 2698 in
1005 2666 1034 2698 es
1052 2665 1076 2697 re
1087 2653 1167 2710 aliqua
1178 2655 1214 2696 est
1225 2649 1367 2708 difficultas,
1380 2659 1410 2696 ut

349 2719 411 2766 enda
427 2724 464 2762 est
481 2719 519 2763 lex
537 2724 629 2763 saemta
639 2719 669 2762 de
681 2717 793 2774 tribunis,
803 2731 859 2774 qum
891 2719 971 2764 ridere
981 2715 1059 2778 quiris
1070 2716 1157 2775 poterit
1168 2715 1194 2760 in
1206 2714 1309 2760 notissd
1320 2713 1357 2760 11.
1369 2715 1409 2763 ts.

276 2805 279 2816 ·
306 2832 311 2842 ,
348 2784 431 2830 locum
455 2795 503 2827 non
523 2781 607 2828 babuit
629 2782 675 2826 sub
700 2777 859 2837 fiscamnum,
891 2789 915 2826 et
933 2781 973 2830 39.
991 2787 1016 2827 et
1032 2782 1063 2826 sd
1081 2779 1124 2826 lV.
1144 2781 1168 2828 t.
1186 2792 1312 2836 nunquam
1336 2780 1410 2824 nobis

277 2873 292 2899 =,
349 2846 437 2906 quibus
472 2845 696 2891 administrantibus
729 2845 860 2903 rempubii-
891 2845 1087 2906 persuadebimus
1103 2845 1138 2890 ita
1154 2843 1295 2902 diligentem
1306 2849 1332 2888 et
1348 2843 1409 2889 reli·

268 2903 273 2912 '
293 2948 297 2971 ,
349 2921 405 2956 enm
422 2908 482 2954 nulli
500 2907 589 2954 tribuni
605 2908 679 2954 ibere.
713 2907 860 2954 Desucratis
892 2910 988 2969 giosrm
1009 2909 1034 2955 in
1059 2907 1214 2955 numerandis
1238 2905 1308 2952 snnis
1332 2907 1411 2954 mim

350 2973 443 3033 iegibus
455 2972 503 3017 rid.
516 2977 564 3017 not.
573 2971 613 3017 81.
624 2971 655 3017 sd
665 2985 686 3017 c
698 2971 736 3019 83„
749 2973 764 3017 1.
777 2971 812 3018 11.
893 2971 1001 3032 Livium,
1021 2979 1049 3019 ut
1068 2973 1150 3019 omnis
1171 2971 1217 3018 nbi
1237 2971 1310 3030 plene
1329 2977 1356 3016 et
1377 2973 1410 3020 ed

263 3089 268 3100 Ι
382 3035 415 3082 39
430 3036 500 3082 Anne
511 3035 756 3097 trecentesimum]
783 3037 860 3084 Hem.
892 3039 1009 3087 amussim
1035 3037 1187 3084 conveniant.
1226 3033 1294 3082 Nihil
1322 3041 1410 3082 tamn

204 3095 208 3102 '
351 3097 491 3146 Dodwellus
509 3097 574 3144 Dius.
594 3097 627 3143 X.
639 3100 669 3145 de
686 3101 759 3160 cyclis
773 3101 860 3147 itoma-
892 3103 1041 3148 mutavimus
1052 3102 1078 3147 in
1093 3101 1161 3146 annis
1172 3099 1214 3160 qui
1225 3099 1412 3160 sdmsrgiuem

351 3171 448 3216 norum,
471 3168 531 3208 sect.
551 3163 592 3208 86.
612 3163 652 3209 hie
670 3164 741 3209 attero
762 3164 860 3224 exponit
893 3173 1047 3226 apponuntur
1072 3177 1103 3210 ex
1129 3163 1248 3212 sententis
1275 3161 1411 3223 Dorirreilt,

350 3223 454 3280 seruam,
482 3231 599 3286 putatque
621 3221 776 3275 Decemviros
797 3241 861 3274 anno
893 3243 924 3275 ne
940 3236 1016 3276 totum
1032 3229 1192 3290 chronologus
1209 3224 1261 3289 ejus
1275 3226 1412 3286 rationem,

350 3289 519 3336 trecentesimo
539 3293 644 3336 secundo
662 3298 765 3338 exeunte
782 3293 860 3352 desig·
893 3307 948 3353 quse
959 3294 1066 3354 alioquin
1082 3301 1119 3340 set
1135 3294 1196 3340 belle
1213 3304 1238 3337 se
1258 3290 1343 3349 hebet,
1355 3305 1412 3352 per-

350 3360 421 3399 nstos
431 3367 492 3410 esse,
507 3353 676 3415 magistratum
688 3357 862 3415 gessisseanno
893 3359 1053 3404 turbaremus.
1191 3411 1195 3420 ι

351 3419 519 3464 trecentesimo
540 3419 618 3464 tertio.
657 3420 703 3466 Sed
725 3433 773 3466 non
796 3421 863 3466 vide·
925 3421 958 3468 to
975 3419 1168 3477 Querrrudmodum
1190 3421 1217 3468 ab
1239 3419 1334 3480 regum
1356 3425 1413 3467 ente

351 3488 392 3528 tur
416 3483 468 3542 pati
495 3482 624 3542 Latinitas,
647 3490 675 3530 ut
695 3485 862 3530 trecentesimus
893 3485 923 3532 ad
949 3483 1048 3530 comtes
1075 3487 1178 3550 venerat]
1206 3485 1330 3532 Ultimum
1357 3499 1414 3530 rer·

349 3547 410 3596 ater
428 3547 577 3608 intelligatur
596 3549 764 3594 transsumimus
784 3561 863 3594 remur-
893 3541 952 3597 bum
972 3549 1099 3602 redundat,
1118 3557 1144 3596 et
1160 3549 1269 3596 centonis
1286 3549 1412 3608 abimpe-

350 3609 401 3659 dar.
439 3610 508 3658 Alter
524 3611 623 3672 quidem
645 3612 710 3658 idem
732 3619 769 3658 est
789 3611 862 3657 inter·
893 3615 940 3660 rito
962 3613 1043 3672 aliquo
1070 3613 1222 3660 emendatore
1248 3613 1328 3660 assuti
1357 3627 1414 3673 spe-

350 3673 578 3730 demurmurans,
597 3676 640 3721 sed
656 3676 691 3721 its
707 3681 735 3721 ut
746 3687 862 3722 numerus
893 3679 955 3725 ciem
971 3677 1052 3726 refert.
1083 3677 1148 3731 Quid
1166 3677 1232 3724 enim
1248 3677 1413 3724 desideraris

350 3741 394 3800 qul
410 3741 550 3800 designatur
567 3751 610 3798 per
624 3752 708 3786 vocem
724 3739 791 3794 alter,
807 3751 862 3798 pro-
894 3743 938 3789 bac
950 3741 1076 3788 cratium?
1107 3741 1145 3788 Aa
1163 3741 1291 3788 romulidas
1308 3739 1339 3786 ad
1362 3742 1414 3788 Dr·

350 3804 417 3852 xime
433 3817 530 3880 semper
538 3809 654 3878 sequetur
663 3816 720 3849 eum
732 3816 862 3850 numerum
893 3807 1012 3863 cambiret,
1044 3803 1229 3866 quemadmodem
1256 3803 1288 3851 ed
1315 3806 1415 3866 regibus

350 3871 594 3980 egellnitll'ftusle
608 3865 790 3980 ιιὸιῖιῗιῖθῗ
811 3865 862 3978 sqq
892 3866 1414 3995 ffissssfflss'ffigffimffl

350 3995 415 4043 illias
429 3995 502 4056 Appii
509 3995 641 4054 promea
653 3997 692 4056 qut
703 3995 825 4045 Dernnvlr
835 3995 861 4041 ia
893 3995 958 4057 plere
968 3989 1106 4042 tralaticium
1108 3995 1199 4058 sroerat.

330 4061 440 4106 'annum
465 4062 564 4117 meane,
589 4058 661 4105 altero
687 4071 748 4106 mine
770 4073 794 4106 re
814 4061 862 4120 lpse
926 4060 955 4107 dl
975 4060 1058 4106 Nimis
1076 4059 1234 4125 luxuriarum]
1260 4061 1367 4110 Vertere
1386 4079 1415 4110 se

351 4123 455 4178 merab,-
472 4123 548 4178 tertio,
565 4135 607 4168 nec
622 4123 650 4168 ab
666 4137 698 4179 re,
718 4137 758 4172 nec
772 4123 800 4169 ab
816 4121 862 4168 utto
893 4125 919 4170 tn
930 4125 1008 4182 illam,
1020 4138 1075 4185 quae
1086 4138 1198 4186 prospers
1213 4127 1327 4173 comitari
1338 4123 1415 4186 solet,

351 4185 493 4234 meremur.
522 4185 601 4246 Igitur
610 4190 863 4234 annustrcoenterimar
894 4189 1313 4245 lascivinm,insolentiam,fastum.
1348 4192 1414 4238 Haec

350 4247 574 4308 sternumentum
588 4253 862 4312 treoenmimanstpro·
893 4253 959 4299 enim
981 4259 1081 4299 censura
1105 4255 1170 4301 cadit
1193 4255 1219 4301 in
1241 4255 1416 4313 Decemviros,

351 4311 416 4362 tecto
425 4314 717 4378 ueeantssimusprimus.
734 4315 863 4362 Etbrrrtre
894 4317 961 4377 quia
972 4318 1041 4365 bonis
1057 4324 1082 4364 et
1093 4317 1179 4370 inustis
1189 4319 1266 4368 initiis
1277 4321 1327 4368 cito
1338 4321 1416 4383 dege-

352 4379 421 4428 nobi·
448 4374 591 4443 objiceretur
612 4377 717 4427 rationes
743 4389 862 4428 annorum
894 4382 1014 4430 necavere
1339 4377 1341 4382 ’
1407 4381 1411 4388 “
