3034 4916
325 115 383 191 sos
725 113 823 185 riri
851 114 1037 190 cruror

109 275 113 280 ’
164 297 193 344 tt.
205 297 231 344 c.
243 293 309 360 tte·
322 292 394 352 ectu
407 301 455 346 res
469 289 559 356 esset,
574 277 738 353 lentiorem
761 277 828 346 fore
848 279 979 355 mruuitse
994 276 1088 362 urbis
1104 278 1379 370 obpugnationem

165 363 195 426 l·
204 363 232 412 ⁶·
242 358 297 410 2⁹²
322 381 420 448 retus,
434 366 607 448 interrogat
619 364 744 442 milites,
756 365 857 431 Sutin'
869 387 955 450 ecquo
964 367 1068 433 animo
1077 377 1269 448 paterentur,
1279 369 1379 432 abat-

320 463 387 518 tero
400 475 493 518 cornu
506 461 608 518 castra
623 461 715 534 capta
728 473 810 520 etse.-
832 471 864 514 re
877 455 1003 518 uictores
1018 454 1101 534 pelli
1114 475 1134 516 a
1143 455 1247 538 pertis
1261 455 1375 519 urhis?

322 537 580 609 Reclamantibus
594 537 890 622 universiepn'mus
904 538 981 622 ipse,
994 550 1084 602 scuto
1098 560 1193 624 super
1204 553 1298 625 capnt
1308 539 1378 604 ela·

320 637 366 704 to,
380 624 486 712 pergit
505 623 547 690 ad
568 636 710 708 portem:
732 623 828 694 secuti
842 621 909 704 ulii,
924 622 1079 690 testudine
1097 623 1191 702 fecte,
1205 627 1239 690 io
1262 625 1377 692 urbem

320 721 546 797 perrumpuutr
568 709 805 795 deturbatisque
830 709 1037 786 Samnitibus,
1061 709 1116 796 qui
1141 711 1227 792 circa
1251 725 1377 798 portam

319 812 419 874 eraut,
434 819 540 862 muros
559 817 761 881 occupavere.
781 807 947 880 penetrare
961 796 994 860 in
1009 795 1161 874 interiora
1185 797 1284 878 urbis,
1300 797 1376 884 quie

322 884 416 970 pauci
429 883 603 948 admodum
617 895 717 961 eraut,
729 903 794 946 non
808 881 936 949 sudent
951 955 955 964 ,
1007 955 1009 960 ,

266 1030 272 1042 ,
321 1027 326 1034 .
364 969 479 1036 XLII.
503 969 588 1034 Haec
606 967 712 1054 primo
725 967 871 1055 ignorare
884 967 1009 1050 consul,
1022 967 1207 1036 etintentus
1221 970 1378 1056 recipien-

320 1055 364 1120 do
377 1056 527 1123 exercitui
549 1077 630 1120 esso:
657 1055 725 1140 jem
750 1054 836 1120 enim
857 1075 999 1139 preceps
1012 1055 1048 1120 iu
1061 1078 1206 1122 occasum
1227 1055 1273 1120 sol
1293 1069 1376 1134 mut,

320 1156 352 1218 et
372 1143 519 1228 adpetens
538 1164 605 1206 nox
620 1140 797 1226 periculose
807 1153 845 1204 ‘et
860 1154 1005 1225 suspectu
1016 1142 1123 1217 omnis
1136 1141 1376 1208 etism'victori·

320 1227 380 1300 bus
391 1227 535 1295 faciebat.
580 1226 768 1314 Progressus
782 1227 814 1292 lo
860 1227 907 1293 ‘us
922 1225 962 1292 el)
981 1227 1095 1310 dextra
1108 1241 1316 1314 cestrampta
1329 1230 1377 1294 vi·

320 1314 395 1383 det:
418 1311 459 1380 ab
473 1313 553 1380 luva
567 1313 737 1380 obmorem
752 1311 784 1378 in
796 1246 875 1378 appe
887 1313 1025 1378 mixtum
1040 1315 1250 1402 pugnantium
1263 1337 1303 1380 ac
1314 1336 1375 1400 pa·

320 1401 461 1473 rentium
470 1400 598 1478 fremitu
612 1421 688 1466 esse.
709 1412 741 1466 et
755 1410 822 1464 tum
849 1411 918 1464 orte
932 1414 1092 1466 certarnen
1104 1399 1145 1466 ad
1161 1413 1284 1486 portam
1296 1413 1375 1466 erat.

320 1486 482 1561 Advectos
499 1485 614 1564 deinde
637 1507 720 1572 equo
744 1485 883 1571 propius,
899 1497 935 1550 ut
949 1507 1021 1552 suos
1035 1485 1069 1552 iu
1088 1487 1187 1560 mutis
1202 1485 1299 1564 videt,
1313 1509 1376 1552 uec

314 1573 382 1659 jam
402 1573 517 1660 integri
539 1571 714 1660 quidquam
735 1593 811 1648 esse,
827 1573 975 1657 quoniam
999 1574 1175 1644 temeritate
1198 1593 1375 1658 paucorum

319 1681 445 1748 magnae
466 1661 510 1726 rei
533 1672 624 1744 perta
644 1657 767 1724 occasio
788 1670 877 1738 esset,
899 1658 1015 1740 adciti,
1052 1681 1108 1724 uas
1133 1674 1305 1744 receperat,
1320 1682 1375 1724 co-

318 1747 397 1831 pies,
412 1747 564 1832 signoque
584 1747 617 1813 in
632 1743 743 1822 urbem
760 1741 870 1808 inferri
887 1743 991 1830 jussit.
1069 1745 1206 1832 logresei
1226 1747 1376 1832 proxima

318 1829 965 1984 transsumuntur
978 1829 1154 1982 iiiiii
1170 1833 1376 2005 libili

319 2001 509 2069 Samnitium
524 2000 623 2066 millia
647 2000 777 2088 triginta
801 2001 933 2066 trecenti
957 2001 1058 2088 quadr
1100 2003 1182 2070 ‘uter
1207 1987 1302 2090 cepta
1317 2005 1378 2070 trie

318 2087 418 2154 millia
440 2088 614 2173 octingenti
632 2101 666 2154 et
689 2087 912 2174 septuagintos,
930 2025 1181 2175 signamililuria
1203 2112 1247 2156 no
1311 2091 1376 2158 ‘uts

319 2189 449 2260 septem.
495 2171 645 2246 Ceterum
656 2171 737 2249 illud
751 2173 913 2238 memoriae
924 2173 1070 2254 traditur,
1086 2197 1149 2240 uon
1166 2177 1267 2242 ferme
1313 2178 1377 2240 'um

319 2259 434 2342 ducem
448 2260 601 2332 laetiorem
616 2259 649 2322 in
664 2259 731 2326 acie
746 2260 858 2338 visum,
874 2281 928 2324 seu
943 2275 1055 2344 suopte
1066 2261 1205 2348 ingenio,
1224 2285 1279 2341 seu
1295 2263 1375 2328 lidu-

318 2349 370 2415 cia
384 2346 464 2414 bene
477 2347 628 2434 gerundo
643 2346 696 2410 rei.
741 2344 920 2426 Alb-eodem
940 2345 1057 2414 robore
1070 2347 1168 2412 animi
1183 2371 1287 2435 neque
1300 2371 1376 2415 cou-

320 2445 461 2500 troverso
482 2432 623 2517 auspicio
644 2432 783 2498 revocari
797 2432 944 2515 aproclio
965 2434 1087 2518 potuit;
1110 2447 1142 2500 et
1164 2435 1196 2498 in
1218 2436 1289 2520 ipso
1313 2435 1376 2501 dis-

319 2519 465 2600 crimine,
479 2540 544 2605 quo
567 2517 685 2602 temple
700 2516 773 2582 Diis
789 2517 1009 2584 inmortalibus
1025 2519 1214 2584 voverimus
1227 2535 1307 2598 erat,
1322 2545 1377 2586 uo-

318 2605 494 2684 rectiori
510 2604 643 2681 Victori,
664 2603 690 2668 si
712 2603 852 2690 legiones
875 2601 1015 2672 hostium
1038 2603 1180 2686 fudisset,
1196 2607 1374 2694 ”pocillum

319 2692 413 2764 ruulsi
434 2692 534 2776 prius,
554 2711 650 2776 quem
674 2702 827 2756 temetum
847 2689 978 2770 biberet,
996 2713 1062 2756 sese
1081 2691 1249 2758 facturum.
1271 2693 1307 2760 id
1321 2717 1375 2758 ro·

321 2793 387 2856 turn
405 2778 478 2842 Diis
492 2777 579 2844 cordi
593 2776 668 2841 fuit:
690 2788 723 2840 et
737 2776 875 2860 auspiciu
886 2776 1049 2842 iubenum
1064 2791 1233 2845 verterunt

364 2863 496 2940 XLIll.
520 2861 641 2930 Eadem
664 2861 790 2927 fortune
811 2861 852 2928 eb
873 2861 973 2928 altero
995 2863 1124 2930 consule
1137 2866 1178 2930 ed
1195 2865 1376 2930 Cominium

320 2965 409 3040 gesta
424 2973 483 3016 res.
529 2949 637 3013 Primo
650 2950 731 3024 luce,
741 2947 792 3024 ¹ad
814 2948 935 3013 moeuia
949 2950 1095 3034 omnibus
1114 2952 1213 3037 copiis
1227 2951 1375 3028 admotis,

303 3093 306 3100 .
321 3059 441 3102 corone
453 3035 554 3100 cinxit
568 3034 696 3111 urbem
718 3033 919 3120 subsidisque
933 3035 1035 3112 firma,
1051 3058 1091 3100 oe
1104 3060 1167 3123 quo
1181 3040 1308 3122 eruptio
1320 3037 1376 3104 lie·

320 3135 380 3200 ret,
395 3122 495 3210 portis
515 3119 672 3206 obposuit.
717 3119 790 3186 Jarn
812 3122 939 3206 signum
964 3121 1092 3188 dantem
1113 3145 1185 3188 eum
1208 3124 1376 3190 nunciusn

321 3209 442 3295 collega
464 3207 604 3294 trepidus
625 3205 666 3270 de
679 3206 790 3294 viginti
813 3206 991 3292 pohortium
1014 3207 1152 3276 adventu
1167 3223 1200 3278 et
1210 3212 1253 3276 ab
1268 3211 1376 3296 inpetu

319 3309 462 3362 moratus
476 3308 533 3372 est,
543 3305 575 3358 et
589 3305 711 3377 purtem
725 3293 888 3378 copiarum
912 3315 1059 3360 revocare
1072 3295 1258 3362 instructam
1274 3296 1375 3362 inten-

322 3394 450 3467 tumque
470 3380 512 3458 ed
532 3379 913 3466 obpugnandumeoegit.
957 3380 1001 3445 D.
1019 3381 1154 3464 Brutum
1171 3383 1316 3448 Serenam
1332 3382 1374 3447 le·

320 3480 430 3554 gutum
455 3489 529 3544 oum
552 3465 675 3554 legione
695 3465 801 3550 prims
823 3479 852 3530 et
867 3463 1029 3532 ”decem
1049 3467 1233 3533 cohortibus
1254 3467 1375 3534 olariia¹

321 3554 525 3654 equitatuque
547 3551 593 3616 ire
617 3550 768 3616 adversus
797 3551 971 3617 subsidium
993 3550 1130 3618 hostium
1155 3555 1268 3639 jussit:
1298 3577 1373 3640 quo-

319 3661 458 3726 cumque
471 3661 503 3702 m
519 3638 591 3702 loco
605 3637 712 3702 luisset
726 3636 848 3717 obrius,
863 3639 1025 3704 obsisteret
1038 3662 1077 3705 ac
1091 3653 1288 3717 moraretur3
1310 3661 1374 3705 roa·

513 3759 619 3820 'uiginti
629 3759 702 3806 Gron-
715 3759 783 3806 Creu.
951 3821 956 3830 Ι
986 3761 1107 3808 tanetus
1114 3761 1182 3810 End.

355 3891 387 3937 to
402 3889 507 3950 ingressi
521 3887 631 3950 prosimu
647 3901 677 3934 er
694 3887 772 3950 parte]
791 3888 831 3934 ln·
866 3888 1042 3952 Quumsarlrm
1052 3889 1133 3936 nbula·
1166 3887 1276 3935 uuum
1287 3895 1325 3934 est
1340 3889 1373 3934 vl-

320 3955 399 4015 gresri
423 3967 466 4014 per
488 3965 543 4000 earn
565 3951 630 4000 urbis
656 3959 750 4013 purtem
777 3965 833 4014 qua
864 3965 925 4001 uum
938 3955 1010 4001 melle
1026 3953 1277 4014 temperatom,potto
1293 3953 1373 4002 tauta-

321 4017 485 4078 preximufuit
493 4017 667 4065 venientibusa
677 4016 770 4064 cmtrir.
865 4017 959 4065 tissime
969 4019 1034 4078 apud
1045 4025 1143 4067 veteres.

356 4081 385 4128 ll
403 4081 519 4130 Pusillum
536 4081 605 4128 mut
621 4111 685 4127 ....
695 4078 833 4143 sumerum]
899 4082 929 4128 ⁷2
945 4083 1036 4142 Vgs'nti
1046 4081 1183 4144 cultortr‘tur]
1193 4081 1294 4142 Aliquot
1305 4083 1372 4141 scrip·

322 4145 404 4206 Magis
424 4147 527 4204 placeret
548 4159 605 4193 cum
623 4141 724 4208 Dujetio
745 4145 833 4206 legere,
867 4146 885 4191 ti
903 4147 993 4192 hubent
1013 4147 1200 4208 temerasque
1222 4147 1244 4193 ia
1264 4158 1373 4194 nummus
1457 4147 1461 4153 “

318 4209 403 4270 pocillo
413 4209 483 4256 mutrt
494 4209 626 4274 sucturum,
644 4209 738 4270 supple,
751 4223 834 4258 meror
866 4211 976 4260 sufficere
987 4212 1088 4259 videtur.

322 4273 527 4336 quemadmodum
538 4275 602 4334 spurt
614 4275 699 4336 virgil.
709 4275 761 4323 Ecl.
774 4273 834 4322 111³.
