3056 4928
176 358 205 406 il.
216 359 242 406 0.
254 357 310 406 426.

175 424 204 472 Α.
216 424 244 472 C.
254 424 310 471 326.

337 181 393 242 474
731 175 1011 235 Ttt'tL1v11

337 337 394 400 lms
408 335 484 400 tuit:
509 345 581 417 post
602 335 798 419 triumphum
822 335 942 414 consul,
958 347 1071 401 neceto
1087 337 1231 402 Vitruvio
1246 335 1400 419 sociisque

335 424 400 510 ejus
427 443 531 499 noxae,
555 421 641 507 apud
667 424 794 487 satiatos
813 423 882 508 jem
908 423 1071 512 suppliciis
1094 423 1272 488 nocentium
1297 433 1397 486 tutum

174 525 229 572 coc
238 525 311 572 refert
336 509 529 574 mentionem
545 507 586 574 de
602 508 840 573 Privernatibus
854 523 957 586 retus3
984 509 1136 585 Quoniam
1150 521 1287 574 auctores
1301 509 1399 592 desec-

175 591 439 671 ¹d⁸²¹¹⁸i¹¹¹¹¹tionis
462 595 576 679 iuquit,
599 597 724 660 merr'lcs
741 617 851 679 poencs
872 607 902 662 et
927 597 967 660 ab
989 598 1066 660 Diis
1091 597 1303 661 inmortalibus
1324 604 1354 658 et
1378 617 1398 656 α

173 654 204 701 de
215 654 309 700 Priver-

173 719 278 766 nutibus.

334 681 417 746 ochis
430 681 551 757 habent,
571 683 683 746 Patres
696 685 871 766 conscripti,
888 684 964 766 quid
981 685 1086 765 placet
1100 685 1137 746 de
1151 684 1280 746 iunocic
1295 683 1399 744 miriti-

333 770 440 832 tudt'rte
454 769 562 852 fieri?
585 769 747 851 Equidem,
771 771 829 832 etsi
858 789 930 832 rueae
954 779 1061 852 partes
1086 771 1280 853 exquirenda
1303 769 1401 851 magis

333 856 503 935 sententiae,
518 875 607 938 quam
622 857 735 918 dundee
747 864 835 926 mut,
851 866 962 931 tumme,
978 877 1066 938 quum
1081 857 1209 931 uideam,
1226 857 1401 918 Priuemc-

334 951 379 1006 tes
393 942 507 1004 vicinos
523 941 710 1004 Samnitibus
724 963 795 1017 esse,
812 943 891 1004 unde
909 963 989 1004 nunc
1009 941 1095 1006 nobis
1112 943 1313 1006 incertissimo
1332 961 1402 1022 pce

334 1036 379 1090 est
383 1061 395 1098 ‚·
433 1046 502 1092 tecm
516 1029 669 1090 minimum
686 1029 802 1090 irarum
818 1029 900 1091 inter
914 1049 967 1092 nos
982 1029 1108 1112 illosque
1121 1029 1257 1111 relinqui
1269 1029 1371 1092 velim.

379 1111 414 1176 X
455 1113 482 1177 l.
505 1111 616 1188 Quum
637 1113 776 1198 ipseper
790 1136 823 1177 se
839 1135 886 1178 res
900 1135 1016 1197 anceps
1030 1126 1119 1190 esset,
1135 1129 1230 1198 prout
1250 1114 1401 1198 cujusque

337 1199 499 1286 ingenium
526 1212 603 1275 eret,
627 1201 765 1264 atrocius
790 1200 933 1263 mitiusve
957 1199 1179 1275 suadentibus3
1204 1215 1270 1262 tum
1298 1200 1402 1263 incer-

174 1295 320 1344 Privernatis
334 1286 418 1350 tiore
433 1287 540 1349 omnic
560 1307 642 1349 unus
657 1306 697 1354 ex
717 1285 951 1350 Privernatibus
971 1286 1081 1372 legetis
1102 1285 1185 1364 fecit,
1202 1285 1303 1371 magis
1324 1305 1400 1350 con·

175 1360 248 1419 legul
258 1373 295 1406 re·

220 1437 264 1472 ms
273 1425 308 1474 fe·

173 1491 245 1538 recle.

173 3287 317 3334 Privernati·

335 1372 472 1448 ditionis,
501 1371 534 1435 iu
560 1393 623 1460 qua
649 1385 741 1436 natus
766 1389 855 1450 esset,
877 1393 971 1458 quum
1003 1372 1167 1456 praesentis
1196 1369 1398 1446 necessitatis,

335 1481 474 1523 mernor:
498 1459 563 1544 qui,
593 1459 805 1546 interrogatus
833 1483 853 1522 a
881 1459 1019 1544 quodem
1054 1458 1199 1523 tristioris
1234 1460 1399 1522 sententies

335 1557 474 1623 auctore,
499 1567 588 1629 quam
609 1567 733 1628 poeuam
760 1548 882 1610 meritos
902 1548 1105 1610 Privernates
1127 1550 1288 1609 certseret?
1323 1566 1398 1620 eom,

334 1631 449 1717 inquit,
485 1653 555 1695 uam
577 1641 738 1708 merentur,
753 1634 808 1715 qui
827 1654 859 1695 se
871 1631 1012 1696 libertate
1033 1634 1141 1716 dignos
1157 1641 1287 1695 censent.
1311 1632 1399 1715 cujus
1449 1627 1454 1640 '

335 1739 433 1804 quum
459 1655 556 1782 decoci
579 1739 730 1802 responso
749 1715 924 1782 infestiores
946 1721 1044 1783 factos
1067 1717 1186 1782 videret
1207 1717 1399 1796 consulem,

335 1806 389 1889 qui
412 1815 486 1867 ente
509 1803 740 1870 Privernatium
767 1825 909 1869 caussam
936 1805 1174 1892 inpugnabant,
1196 1817 1233 1869 ut
1258 1805 1267 1865 i
1347 1804 1400 1868 be·

334 1891 433 1976 nignc
462 1891 707 1974 interrogatione
735 1890 841 1954 mitius
871 1911 1053 1976 responsum
1080 1889 1215 1967 eliceret,
1281 1893 1347 1967 uid,
1374 1891 1402 1954 si

328 1997 465 2059 poertcm,
482 1976 595 2061 inquit,
610 1978 789 2040 remittimus
810 1977 902 2054 uobis,
919 1980 1035 2061 qualem
1051 1999 1106 2041 nos
1123 1999 1229 2060 pacem
1251 1977 1400 2042 uobiscum

334 2063 492 2126 habituros
510 2068 685 2144 speremus?
710 2063 746 2127 si
764 2063 871 2127 bonam
894 2066 1050 2140 dederitis,
1069 2063 1181 2148 inquit,
1197 2073 1227 2128 et
1237 2065 1356 2148 fidam,
1370 2073 1401 2127 et

327 2159 530 2231 perpetuom:
553 2151 582 2212 si
604 2151 724 2226 malam,
741 2151 825 2212 laud
846 2152 1031 2214 diuturnam.
1076 2149 1162 2215 Tum
1178 2169 1252 2214 vero
1272 2151 1399 2226 minori,

334 2255 389 2298 uec
411 2237 447 2298 r‘d
470 2235 618 2320 ambr'gue,
641 2238 866 2314 Privernatem,
889 2235 1063 2322 ”quidem
1080 2251 1111 2300 et
1134 2238 1199 2300 iilis
1216 2236 1338 2300 uocibus
1359 2237 1402 2299 cd

334 2321 539 2384 rebellandum
566 2323 695 2386 incitari
711 2332 841 2404 pacatos
866 2325 1014 2405 populos.-
1041 2343 1114 2405 pers
1139 2321 1250 2385 melior
1276 2336 1400 2387 senatus

334 2407 409 2471 “ed
433 2408 564 2472 meliora
586 2407 986 2492 rmponsum⁹t1·nhcre,et
1007 2408 1123 2485 dicere,
1146 2409 1224 2484 Viri,
1245 2417 1277 2472 et
1297 2408 1399 2485 liberi,

335 2515 432 2558 vocem
451 2497 599 2558 auditam.
620 2517 662 2556 cn
683 2497 769 2558 credi
784 2517 881 2578 posse,
897 2498 989 2560 ullum
1009 2498 1164 2578 poprdum,
1176 2506 1232 2559 aret
1253 2495 1401 2560 homiuem

335 2583 474 2665 denique,
491 2585 525 2648 in
546 2604 583 2644 ea
603 2584 787 2658 conditione,
804 2581 887 2666 cujus
906 2603 970 2644 eum
986 2585 1147 2664 poeuitect,
1164 2583 1291 2658 diutius,
1311 2603 1401 2668 qrmm

334 2689 449 2731 necesse
468 2670 518 2743 sit,
535 2673 733 2731 mansuum?
758 2668 807 2731 Ibi
823 2689 929 2749 pacem
952 2669 1134 2750 essefidam,
1156 2668 1210 2732 ubi
1230 2670 1404 2732 whrntcrii

329 2755 442 2836 pecati
455 2754 538 2816 sint:
553 2773 648 2836 neque
657 2775 692 2816 eo
706 2756 780 2829 loco,
793 2755 846 2817 uti
858 2757 1029 2818 seruitutem
1040 2775 1102 2818 esse
1112 2755 1321 2838 velint,fidem
1335 2775 1403 2838 spe·

335 2841 466 2903 rendam
481 2861 550 2903 esse.
597 2839 634 2902 ln
652 2839 733 2904 hanc
745 2841 931 2904 sententium
947 2841 1087 2904 maxime
1101 2840 1212 2904 consul
1227 2842 1296 2925 ipse
1310 2841 1402 2905 incli-

335 2925 422 2990 navit
435 2925 571 3006 animos,
585 2925 766 2988 idemtidem
783 2927 822 2990 ml
837 2925 1030 3011 ³⁴principes
1045 2926 1271 2992 sententiarum
1287 2949 1402 2992 cousu-

335 3010 426 3088 lares,
442 3010 489 3076 uti
509 3010 651 3077 exaudiri
672 3024 776 3096 posset
792 3034 811 3075 e
833 3011 988 3096 pluribus,
1002 3012 1148 3088 dicendo,
1163 3011 1260 3078 “Eos
1274 3015 1400 3090 demtum

336 3101 391 3182 qui
404 3099 495 3176 sitit,
507 3108 713 3182 preterquam
733 3099 771 3162 de
789 3099 940 3176 libertate,
956 3101 1116 3184 cogiteris,
1133 3101 1241 3183 dignos
1260 3121 1333 3178 esse,
1350 3101 1403 3184 qui

335 3185 572 3268 Romaniflcnt.
619 3185 729 3270 ltaque
743 3197 774 3249 et
788 3185 821 3248 iu
837 3199 946 3250 senatu
963 3207 1103 3250 caussam
1120 3185 1299 3263 obtinuere,
1316 3199 1401 3250 etex

335 3271 521 3336 auctoritate
539 3269 669 3338 Petrum
690 3269 788 3334 lutum
803 3271 844 3336 nd
865 3271 1018 3356 populum
1035 3285 1090 3348 est,
1109 3281 1143 3336 ut
1161 3269 1401 3337 Privernatibus

171 3353 314 3464 (Ἠῶ
335 3356 445 3424 civitas
467 3357 607 3424 deretur.
656 3355 774 3422 Eodem
796 3381 881 3428 enno
897 3361 1011 3424 Anxur
1034 3357 1167 3424 trecenti
1186 3357 1219 3422 in
1240 3358 1399 3426 coloniam

247 3451 255 3466 '
333 3443 419 3510 missi
435 3457 525 3508 suut:
548 3443 625 3508 bine
634 3445 748 3532 jugere
763 3445 832 3532 egri
847 3460 1046 3530 acceperunt.

567 3620 697 3678 rrerpom
708 3617 781 3664 Gron.
793 3615 862 3664 Grev.
958 3619 1083 3678 ‘tcopttcut
1093 3617 1168 3664 Gron.

365 3780 397 3830 82
415 3779 528 3846 Quidem]
545 3781 644 3842 supple,
655 3783 746 3828 ethere.
881 3784 969 3829 untur
989 3780 1144 3828 sententium.
1178 3781 1265 3839 treme
1281 3781 1403 3842 principer

364 3845 398 3894 88
414 3845 454 3892 Ar
467 3846 561 3894 meliors
571 3845 689 3909 nepem]
707 3845 849 3908 Lugendum
880 3849 1045 3893 mutmtr'crum
1064 3845 1192 3892 cremum
1209 3851 1267 3890 sunt
1289 3845 1401 3892 cenem*

334 3912 430 3958 videtur
450 3923 508 3958 cum
529 3909 666 3958 Gronorlos
692 3909 722 3956 ad
745 3911 850 3957 memore
882 3923 921 3957 res
938 3911 992 3968 viri,
1006 3910 1049 3970 qni
1065 3909 1138 3968 primi
1154 3911 1262 3958 divum
1277 3911 1333 3956 ittu
1348 3923 1402 3958 ses·

332 3987 465 4034 mperatum
481 3975 579 4023 imitere.
612 3974 646 4021 Et
661 3975 761 4038 quidem
776 3977 851 4022 dues
883 3975 980 4030 tentius,
1002 3987 1058 4033 qum
1085 3981 1197 4022 metum
1224 3973 1401 4032 meent,

333 4040 421 4084 nostris
437 4040 505 4086 libris
521 4041 612 4087 hebent
631 4051 766 4100 remensum
781 4052 797 4085 ι
813 4051 850 4086 se·
883 4041 914 4085 ds
926 4039 1106 4086 Privernatibus
1116 4039 1236 4085 dixeram.

332 4105 602 4153 curdsmmenmmu.
897 4101 1401 4164 cucumerem-meeum]

364 4166 398 4213 34
415 4165 538 4232 Principe
561 4169 727 4215 eentmtisrirm
750 4167 850 4216 comio-
883 4167 950 4214 Rutu
967 4168 1088 4214 heccum
1104 4167 1220 4228 mpitortr
1237 4168 1321 4214 minute
1337 4179 1403 4212 com·

331 4229 380 4294 rer]
397 4231 510 4292 Princeps
526 4235 653 4280 muntia
666 4229 770 4296 alicujus
782 4231 850 4279 estis
882 4231 961 4280 mode.
995 4233 1142 4292 cunipertus,
1162 4237 1187 4277 et
1204 4238 1310 4291 quatuor
1329 4229 1401 4278 MSS·

331 4297 374 4358 quit
390 4295 484 4356 primm
498 4297 525 4344 in
541 4303 627 4344 oeustu
637 4309 692 4345 enm
704 4295 850 4344 sententium
884 4296 995 4353 lieemii,
1006 4303 1031 4342 et
1041 4309 1127 4343 omnes
1138 4296 1213 4346 noret
1227 4295 1263 4352 id,
1274 4295 1340 4355 quod
1351 4291 1403 4342 edl-

330 4361 407 4409 distr:
425 4361 563 4410 comum
582 4367 666 4410 eutem
687 4362 760 4423 primi
779 4373 851 4422 rot!-
883 4359 1090 4420 eliminarunt·
1179 4384 1184 4396 ·
