3008 4908
332 231 391 294 262
604 279 608 290 .
724 231 836 292 ΤΙΤΙ
865 233 1001 294 LIVII

173 410 310 461 u.c.sss.
332 395 488 484 populum
514 394 641 460 ferrent.
663 417 774 460 omnes
800 398 952 464 centuriae
972 401 1103 486 jussere.
1147 398 1185 464 In
1207 419 1244 464 eo
1265 421 1380 486 quoque

173 477 203 524 Α
215 477 242 525 ⁰·
254 476 310 526 *ἢ
335 481 422 567 plebs
443 482 586 569 superior
606 480 677 559 fuit,
691 480 779 569 quod
805 485 916 560 tenuit,
932 507 973 550 ne
987 485 1131 552 consules
1155 486 1189 552 in
1209 485 1382 570 proximum

336 591 454 635 aunum
472 580 664 634 crearentur.

174 683 205 730 u,
218 681 311 730 0329.
380 653 514 720 XXXI.
547 653 686 720 Tribuni
722 654 858 720 militum
888 658 1046 722 consulari
1074 666 1226 744 potestate
1280 668 1383 720 uatuor

174 747 240 796 sc.
252 745 307 822 §²³
336 741 432 806 oresti
447 755 529 820 sunt,
545 741 571 780 ⁶⁴
581 740 622 806 T.
639 741 810 819 Quinctius
827 743 954 812 Pennus
968 767 1008 810 ex
1021 743 1198 824 consulatu,
1214 743 1251 808 C.
1295 743 1382 818 urins,

173 810 322 923 {ffl'ssn
338 827 387 893 M.
411 825 604 910 Postumius,
620 829 661 893 A.
678 829 846 894 Cornelius
862 829 991 896 Cossus.
1013 854 1053 896 ex
1075 833 1115 896 iis
1131 833 1247 896 Cossus
1268 827 1386 915 praeiuit

175 907 231 988 nri,
337 913 419 979 urbi.
442 928 516 992 tres,
533 911 656 980 delectu
678 914 800 992 habito,
816 914 949 1001 proiecti
970 931 1044 982 sunt
1059 917 1166 994 Veios,
1188 916 1386 981 documento·

361 1025 398 1068 ue
413 999 512 1078 fuere,
527 1023 623 1088 quem
638 1003 777 1087 plurium
793 1001 959 1087 imperium
974 1003 1058 1068 bello
1072 1003 1183 1069 inutile
1197 1017 1284 1067 esset.
1308 1001 1386 1064 Ten·

336 1024 443 1153 ilendo
466 1087 507 1152 ad
532 1111 589 1154 sus
613 1087 746 1175 quisque
768 1089 909 1166 consilia,
925 1111 1022 1177 quum
1046 1089 1132 1156 aliud
1156 1089 1208 1154 alii
1228 1089 1387 1163 videretur,

337 1189 530 1260 aperuerunt
554 1171 596 1239 sd
618 1175 815 1240 occasionem
840 1173 944 1241 locum
968 1175 1062 1240 boeti.
1083 1178 1236 1242 irtcertant
1262 1195 1389 1271 namque

337 1262 448 1340 aciem,
465 1262 593 1349 signum
609 1260 678 1325 aliis
691 1261 761 1326 (lari
777 1262 929 1348 receptui,
941 1261 1044 1327 ⁵⁵aliis
1058 1261 1331 1349 cauijubentibus,
1345 1281 1390 1322 rn-

177 1380 297 1428 1„,„t„
338 1370 445 1414 vosoro
462 1360 642 1434 opportune
671 1349 836 1412 Veientes:
859 1362 963 1413 castra
983 1349 1166 1436 propinqua
1193 1347 1334 1414 turbatos
1357 1367 1390 1408 sc

175 1443 295 1505 compute
312 1509 318 1522 ⁸
339 1443 431 1524 terga
442 1435 553 1500 dantes
566 1457 640 1498 acce
683 1456 724 1498 re.
747 1434 819 1520 plus
840 1437 946 1522 itaque
970 1436 1164 1524 ignominiae,
1179 1455 1275 1521 quem
1289 1431 1389 1507 cladis,

175 1506 386 1622 ffffl'fflest
414 1532 590 1606 acceptum.
677 1533 760 1586 oesta
781 1520 890 1586 civitas
912 1520 999 1600 suit‘,
1016 1523 1098 1586 vinci
1128 1525 1269 1588 insuete:
1298 1517 1391 1584 odisse

338 1608 495 1688 tribunos,
522 1628 652 1692 poscere
677 1607 876 1684 dictatorem,
898 1607 933 1672 in
954 1631 994 1672 eo
1015 1609 1094 1674 verti
1116 1631 1189 1695 spes
1203 1606 1345 1673 civitatis.
1364 1617 1394 1668 et

339 1716 439 1782 quum
460 1694 505 1760 ibi
527 1715 655 1794 quoque
669 1691 781 1781 religio
801 1692 950 1772 obstaret,
965 1693 1042 1758 ⁵⁶ne
1062 1717 1127 1760 non
1151 1705 1261 1780 posset
1283 1692 1339 1758 nisi
1357 1689 1393 1756 sb

209 1861 212 1866 Ι
338 1781 467 1848 consule
479 1779 545 1844 dicu
559 1779 704 1856 dictator,
720 1801 858 1868 augures
879 1781 1014 1846 consulti
1036 1804 1104 1846 eant
1128 1781 1312 1870 religionem
1328 1800 1394 1844 exe·

160 1878 317 1938 'nmmos
339 1889 433 1932 mere.
478 1869 516 1932 A.
530 1864 699 1932 Cornelius
720 1864 909 1932 dimatorem
933 1865 1034 1932 Mam.
1056 1867 1228 1932 AEnrilium
1251 1867 1347 1932 dixit:
1367 1875 1396 1928 et

177 1955 291 2032 fiffmffiffl
338 1953 405 2038 ipse
418 1952 460 2018 ab
474 1975 513 2018 eo
536 1953 685 2038 magister
707 1953 851 2039 equitum
872 1966 919 2018 est
939 1953 1053 2018 dictus.
1099 1954 1204 2032 Adeo,
1227 1953 1319 2018 simul
1338 1950 1395 2014 for·

177 2021 287 2068 “³⁸⁰⁵
338 2053 415 2104 tuno
431 2039 564 2104 civitatis
579 2042 695 2103 virtute
709 2061 784 2103 vera
797 2041 894 2126 eguit,
911 2038 990 2104 nihil
1011 2041 1154 2106 censorin
1174 2037 1397 2106 animadversio

337 2125 364 2170 ⁶⁷
372 2125 486 2204 effecit,
502 2147 566 2212 quo
583 2127 686 2189 minus
701 2126 841 2213 regimen
858 2148 964 2190 rerum
980 2149 1021 2192 ex
1037 2139 1147 2191 notata
1164 2127 1296 2215 indigne
1309 2127 1396 2189 domo

337 2225 510 2298 peteretur.
555 2211 713 2288 Veientes,
738 2233 772 2276 re
793 2212 930 2278 secunda
945 2212 1029 2290 eloti,
1047 2211 1149 2278 missis
1170 2215 1292 2278 circum
1309 2211 1397 2277 Etru·

337 2299 394 2364 rise
409 2298 544 2386 populos
564 2297 685 2378 legatis,
696 2299 849 2384 jactando
864 2314 929 2364 tres
943 2298 1040 2364 duces
1057 2297 1224 2364 Romanos
1238 2301 1280 2366 ab
1294 2321 1326 2363 se
1339 2316 1397 2361 uno

339 2387 455 2472 proelio
476 2388 574 2460 lusos,
589 2383 722 2471 ⁵⁸quum
738 2397 841 2450 tamen
858 2384 978 2450 nollem
1000 2384 1120 2470 publici
1135 2387 1260 2450 consilii
1276 2385 1397 2450 societa-

339 2487 404 2538 tem
418 2473 598 2548 movissent,
615 2470 810 2536 voluntnrios
824 2471 967 2558 undique
980 2472 1020 2536 ad
1033 2493 1120 2556 spem
1134 2473 1257 2556 prtedae
1269 2471 1398 2538 adscire·

340 2573 424 2624 runt.
471 2557 539 2626 Uni
564 2557 763 2636 Fidenatium
785 2557 904 2644 populo
930 2557 1082 2631 rebellare
1104 2559 1245 2642 placuit:
1269 2570 1312 2634 et,
1327 2571 1399 2622 tam·

340 2667 435 2732 quern
447 2645 508 2710 nisi
519 2645 561 2710 ab
572 2643 687 2710 scelere
697 2643 815 2708 bellum
828 2644 928 2710 ordiri
941 2643 1026 2708 nefas
1037 2657 1126 2724 esset,
1136 2647 1219 2712 sicut
1230 2648 1399 2734 legatorum

341 2746 442 2810 antea,
466 2731 510 2796 its
538 2743 606 2794 tum
632 2751 788 2795 novorum
817 2730 1004 2798 colonorum
1033 2731 1122 2796 casile
1146 2731 1278 2798 imbutis
1301 2729 1399 2804 armis,

339 2817 524 2883 Veientibus
540 2838 605 2880 sese
613 2817 823 2901 conjungunt.
869 2817 1059 2882 consultare
1072 2816 1145 2882 inde
1157 2819 1319 2904 principes
1328 2815 1401 2882 duo

340 2926 411 2970 rum
441 2901 645 2988 populorum,
671 2903 763 2966 Veios
793 2925 833 2968 nn
859 2901 995 2970 Fidenas
1018 2903 1122 2968 sedern
1147 2905 1223 2969 belli
1250 2914 1401 2989 caperent.

343 2989 474 3054 Fidenae
484 2989 559 3062 visse
572 2989 830 3072 opportuniores.
845 2990 961 3076 itaque,
975 2991 1107 3077 trajecto
1123 2988 1250 3070 Tiberi,
1264 2991 1404 3056 Veientes

344 3075 480 3141 Fidenas
502 3073 732 3139 transtulerunt
752 3073 879 3140 bellum.
926 3075 1041 3140 Romoe
1066 3089 1169 3141 terror
1193 3079 1310 3168 ingens
1331 3087 1402 3141 eret.

342 3161 449 3234 sdcito
462 3162 603 3226 exercitu
618 3161 659 3226 ab
674 3160 771 3239 Veiis,
785 3185 888 3250 eoquo
908 3163 977 3248 ipso
1001 3163 1043 3228 ab
1066 3185 1101 3227 re
1121 3164 1204 3230 male
1228 3177 1318 3252 gesta
1338 3181 1403 3250 per·

344 3247 441 3325 culeo,
465 3259 567 3312 cestra
590 3246 735 3314 locuntur·
757 3262 831 3313 ante
856 3262 980 3336 portam
1005 3249 1176 3328 Collinam,
1193 3266 1227 3318 et
1249 3253 1284 3316 in
1310 3248 1404 3316 muris

728 3401 736 3432 ¹
741 3400 795 3462 suit
806 3403 854 3449 del.
864 3403 938 3450 Gron.
949 3403 1018 3450 crev.

344 3547 815 3603 mus,altenrtn1me1hisconsullbus
833 3549 859 3596 in
924 3549 956 3596 56
974 3549 1015 3596 Ne
1036 3562 1081 3596 non
1098 3547 1188 3614 possm]
1213 3549 1287 3598 Hanc
1309 3547 1406 3612 scriptu·

345 3615 490 3675 magistratu
513 3621 637 3661 mortuum
658 3627 719 3671 esse,
741 3623 766 3660 et
787 3615 810 3660 ei
830 3615 860 3664 T.
891 3627 955 3673 ram,
980 3629 1036 3674 ques
1063 3629 1078 3660 a
1105 3615 1205 3675 Sigonio
1234 3623 1284 3675 est,
1313 3620 1407 3662 tuentur

344 3679 474 3734 Quintium
493 3679 637 3726 suffecturus
660 3679 726 3738 quod
746 3685 828 3725 tamen
844 3693 860 3726 a
891 3679 976 3740 scripti
986 3692 1072 3726 omnes
1082 3680 1165 3726 nostrl.
1200 3679 1406 3728 Libentertsmeu

345 3743 416 3790 leto
428 3745 506 3790 notari
517 3743 645 3790 debuisset.
891 3757 948 3791 eum
960 3745 1227 3791 Gronoviodeleremus
1239 3759 1292 3792 uon.
1311 3739 1409 3790 'oua-

377 3806 468 3855 54'1'.
482 3807 593 3862 Qubrttus
615 3807 711 3854 Petinus
732 3819 761 3854 es
781 3821 861 3854 wma-
892 3813 936 3860 ret,
954 3823 982 3856 ne
996 3811 1072 3870 muel
1091 3807 1137 3855 eso
1153 3809 1220 3856 ldem
1238 3807 1408 3857 atessam!

345 3873 407 3936 lde]
423 3873 453 3920 Τ.
463 3873 587 3930 Quintius,
605 3885 653 3918 non
671 3885 735 3916 anno
753 3873 860 3930 superio·
892 3873 945 3920 ‹nct

344 3951 381 3995 re,
403 3939 445 3985 sed
470 3937 569 3984 biennio
590 3943 647 3982 ante
674 3935 758 3990 consul
787 3937 860 3984 tuisse
924 3939 957 3986 57
973 3936 1069 4000 Effecit}
1085 3935 1176 3984 Melius
1197 3939 1302 3988 sonasse
1321 3939 1407 3999 legere·

345 4007 549 4048 memoratusest.
583 4001 668 4060 Itaque
679 4000 717 4045 vel
734 4001 773 4048 hes
790 4013 861 4048 voces
892 4015 949 4049 mus
970 4015 1028 4050 cum
1049 4001 1112 4051 Tan.
1133 4001 1213 4050 Fabro
1242 4011 1268 4052 et
1290 3999 1408 4050 Gronovio

346 4079 376 4112 er
394 4065 512 4112 meelate
529 4065 638 4111 delendus
656 4065 773 4122 sunt,vel
789 4065 862 4112 inlel-
893 4067 975 4126 offecit.
1334 4067 1338 4072 '

346 4127 472 4192 lugendum
487 4137 524 4176 est
541 4128 571 4174 Τ.
590 4127 728 4183 Quintium,
745 4130 862 4176 alterutro
926 4129 1065 4186 58'Qaam
1078 4161 1106 4180 ..
1123 4131 1212 4180 ιιιιὶῑιιιιι
1231 4131 1322 4194 palliet
1339 4127 1408 4178 αιιιιὶ-

346 4207 377 4240 ex
397 4194 516 4254 prioribus
533 4193 671 4241 consulibus
690 4199 795 4250 mortuo,
810 4195 862 4240 sut'-
894 4193 1203 4258 le'isoeletotentmouissettt]
1221 4198 1308 4252 Quum
1320 4192 1411 4243 abnul·

345 4258 440 4305 iectum
451 4258 575 4304 consulem
587 4260 687 4304 tertium
699 4257 781 4304 fuisse.
894 4259 1026 4308 lsclvltste
1037 4261 1217 4324 impetrassent,
1229 4269 1260 4311 ut
1270 4275 1297 4310 ee
1312 4261 1343 4308 iis
1353 4258 1410 4320 pub·

379 4320 506 4436 sumis
524 4322 590 4385 rusi]
616 4322 723 4370 Videtur
744 4323 861 4372 excidisse
894 4322 941 4374 lico
951 4325 1153 4376 consiliosocism
1163 4323 1320 4394 adjungeret.

348 4393 395 4436 tax
484 4400 516 4434 m.
647 4399 660 4412 ·
