3056 4928
476 217 571 284 nra.
593 221 682 306 vui.
710 222 811 294 aar.
838 221 880 282 u.
1144 229 1202 294 no

142 385 319 454 unomen
336 389 476 453 secundia
497 387 559 452 mis
581 387 677 466 rebus,
692 407 750 450 nan
771 383 916 460 aduersis,
930 392 963 446 at
980 381 1138 466 Campani,
1152 403 1203 448 oe·
1213 399 1240 446 υ.
1252 398 1280 449 e.
1290 398 1346 448 tra

143 476 278 538 nutent:
300 483 330 538 et
342 477 483 541 noman
497 474 645 539 Sidicinae
658 482 801 536 tumerent
817 489 912 544 orme,
923 490 994 534 mac
1006 489 1121 552 semper
1136 467 1202 534 boe·
1211 463 1240 512 3*
1251 463 1278 512 ⁶⁴
1291 463 1347 512 ³⁸⁸·

146 571 200 637 tea,
214 560 319 643 popuii
337 561 471 626 Romani
484 579 647 646 numquam
660 559 782 622 ammae.
804 558 855 641 qui
875 578 939 636 nec,
953 565 987 619 nt
997 555 1156 633 Samnites,
1173 556 1201 618 in

142 665 220 729 pace
234 647 409 722 amicitiam,
430 668 492 723 nec,
514 660 545 710 ut
566 646 725 726 Campani,
742 644 886 708 auxilinm
905 643 937 704 in
957 641 1034 706 betto
1050 642 1201 725 petierent,

143 755 197 800 nec
211 731 317 812 infide
327 733 431 814 populi
445 733 585 802 Εοπιαηί.
599 730 614 769 ⁵
626 753 677 794 nec
690 729 741 794 in'³
757 730 868 794 ditio-rw
883 738 987 792 errent.
1096 785 1099 792 ,

188 818 236 884 11.
260 816 370 894 Quum
385 817 426 884 de
440 817 604 904 postulatis
629 816 815 884 Samnitium
837 815 889 879 Ti.
910 813 1062 879 AEmiiins
1084 825 1202 899 praetor

143 919 288 971 senatum
304 903 520 980 consuluisset,
537 903 795 990 reddendumque
817 900 866 966 his
886 899 990 966 foedus
1007 899 1116 966 Patres
1129 923 1202 966 cen-

145 991 289 1068 suissent,
303 1002 423 1075 praetor
439 989 633 1058 Samnitibus
647 987 827 1074 respon-dit:
853 989 916 1052 Nec
937 1008 996 1072 qua
1016 987 1113 1052 minue
1129 1009 1202 1071 per-

144 1087 238 1158 petua
252 1099 317 1142 cnm
331 1077 376 1140 eis
397 1077 531 1142 amicitia
545 1085 631 1154 esset,
652 1097 707 1158 per
725 1075 863 1158 poputum
877 1075 1053 1138 &manum
1066 1075 1202 1139 stetisse.-
1319 1153 1321 1160 y

145 1185 199 1228 nec
223 1163 394 1238 contradici,
410 1164 492 1247 quin,
515 1163 652 1248 qnoniam
674 1163 752 1244 iprae
775 1161 843 1226 belii
865 1161 954 1242 calpa
976 1181 1032 1224 eun
1055 1161 1202 1224 constructi

143 1251 269 1316 toediurn
278 1249 395 1331 ceperit,
407 1249 543 1314 amicitia
554 1250 592 1312 de
604 1249 723 1332 integra
738 1247 949 1312 reconcilietur.
996 1243 1086 1320 Quod
1099 1249 1141 1312 cd
1154 1247 1201 1312 Si·

143 1336 260 1400 dicinar
273 1337 412 1400 adtineret
420 1343 442 1410 ⁸,
457 1336 533 1400 nibil
544 1334 696 1410 intercedi,
711 1356 770 1418 qua
779 1333 877 1396 minna
890 1332 1018 1398 Samniti
1029 1334 1135 1414 popula
1142 1354 1201 1416 pa·
1227 1370 1233 1396 r

140 1423 185 1488 cic
205 1421 332 1506 bebiique
350 1421 475 1486 Ιὲὁεηιτη
496 1421 651 1486 arbitrium
675 1420 724 1484 eit.
771 1418 907 1483 Foedere
929 1417 1002 1495 icto,
1022 1439 1120 1504 quum
1144 1417 1201 1484 do-

145 1529 232 1572 murn
249 1509 457 1586 revertissent,
471 1507 633 1591 extempio
648 1505 722 1570 inde
735 1505 893 1570 exercitus
909 1504 1071 1568 Romanus
1086 1503 1203 1569 deduc·

145 1606 206 1673 tus,
221 1615 329 1658 annua
350 1595 507 1679 stipendia
529 1607 561 1658 et
584 1593 679 1656 trium
704 1593 858 1656 mensium
880 1587 1040 1656 frumento
1054 1611 1127 1655 acce
1150 1603 1199 1667 ta;
1320 1624 1327 1643 ι

145 1680 232 1765 quad
247 1681 411 1767 pepigerat
432 1678 552 1756 consul,
569 1691 605 1742 ut
625 1691 749 1758 tempus
764 1675 898 1742 induciis
917 1676 1018 1758 daret,
1038 1699 1101 1764 qua
1158 1675 1202 1742 le·

144 1767 211 1852 gaii
231 1766 395 1832 redissent„
441 1766 607 1843 Samnites,
623 1765 723 1850 capiis
746 1761 869 1842 iisdem,
885 1762 1001 1848 quibus
1021 1763 1069 1827 usi
1093 1761 1202 1830 adver·

145 1874 198 1916 sus
224 1853 406 1918 Romanum
430 1851 549 1918 bellum
574 1850 709 1931 fuerant,
734 1863 846 1916 contra
876 1847 1032 1916 Sidicinos
1057 1848 1200 1936 profecti,

146 1937 232 2006 baud
247 1940 279 2004 in
296 1938 395 2004 dubia
415 1961 470 2025 ape
491 1951 582 2002 erant
606 1952 731 2002 matura
753 1935 840 2002 urbis
867 1936 1003 2003 bostium
1026 1936 1202 2022 potiunda.

147 2023 232 2090 Tum
245 2027 286 2090 ab
303 2025 452 2092 Sidicinis
466 2023 586 2089 deditio
599 2024 687 2110 prius
701 2022 741 2088 ad
760 2023 921 2088 Romanos
933 2038 1039 2110 crepta
1054 2023 1121 2089 fieri
1138 2037 1201 2088 est:

145 2111 230 2189 dein,
246 2125 412 2198 postquam
431 2110 542 2176 Patres
556 2124 592 2176 ut
605 2133 706 2174 seram
722 2132 791 2174 earu
806 2107 979 2194 ultimaque
998 2109 1126 2176 tandem
1148 2133 1204 2176 ne-

144 2199 291 2264 cessitate
315 2219 491 2284 expressam
521 2195 805 2282 adspernabantur,
830 2195 870 2260 ad
899 2195 1030 2260 Latinas
1053 2197 1121 2281 jam
1147 2218 1203 2261 sua

143 2297 258 2370 sponte
272 2284 304 2348 in
326 2307 414 2350 arma
428 2299 532 2348 motas
551 2282 633 2348 facta
654 2297 709 2348 est.
731 2305 772 2348 ue
788 2281 944 2367 Campani
963 2281 1091 2367 quidem
1110 2283 1204 2364 (adea

146 2371 272 2457 injuria
299 2371 500 2447 Samnitium,
516 2391 610 2456 quam
632 2367 776 2434 beneficii
798 2367 1029 2444 Romanorum,
1051 2369 1204 2434 memoria
1265 2427 1268 2434 .

143 2457 335 2606 praesentior
348 2465 428 2535 erat)
444 2456 494 2522 his
509 2479 542 2522 se
561 2456 656 2521 armis
675 2455 863 2520 abstinuere.
908 2453 959 2518 Ex
976 2453 1084 2518 hietat
1099 2476 1203 2539 popu-

158 2544 184 2609 is
203 2563 285 2610 unus
298 2544 410 2632 ingens
423 2543 590 2622 exercitus,
604 2541 688 2608 duca
707 2541 824 2606 Latino
845 2539 924 2604 fines
948 2540 1138 2604 Samnitium
1154 2541 1294 2606 in-Lrunr
1306 2566 1360 2600 ω-

1211 2617 1366 2664 tratSamut.

145 2645 284 2716 gressus,
304 2631 376 2716 plus
401 2629 668 2716 populationibus,
684 2649 780 2715 quam
802 2626 933 2713 proeiiis,
957 2625 1096 2691 cladium
1119 2625 1201 2693 fecit.
1210 2681 1274 2730 mm
1288 2695 1367 2745 ¹8¹⁰·-

145 2729 187 2792 a,
209 2739 403 2818 quamquam
426 2716 601 2801 superiores
622 2714 845 2780 certaminibus
870 2713 976 2780 Latini
999 2727 1099 2789 erant,
1114 2712 1201 2780 haud

144 2804 247 2879 inviti,
265 2825 306 2868 ne
326 2803 441 2890 saepius
460 2802 677 2866 dimicandum
695 2800 788 2880 foret,
804 2823 882 2890 agro
904 2801 1041 2866 hostium
1064 2822 1203 2866 excesse-

145 2911 188 2954 re.
234 2888 275 2954 ld
292 2890 427 2972 spatium
444 2888 640 2955 Samnitibus
654 2888 764 2954 datum
779 2902 826 2952 est
842 2887 1022 2952 Romamle
1063 2902 1111 2952 tos
1131 2889 1204 2954 mit·
1223 2923 1228 2934 ·

145 2975 241 3042 tendi.
266 2978 321 3062 qui
343 2997 439 3063 quum
452 2974 612 3040 adissentd
625 2988 779 3051 senatum,
796 2974 959 3060 conquesti
974 2995 1011 3039 ea
1034 2996 1084 3039 em
1099 2997 1132 3040 ee
1143 2974 1204 3041 fae·

144 3062 271 3126 denotas
285 3063 363 3146 pati,
379 3084 451 3148 quse
466 3061 571 3126 hostes
584 3074 687 3127 essent
705 3061 799 3146 passi,
816 3060 961 3146 precibus
975 3059 1091 3126 infimis
1105 3063 1204 3147 petie·
1323 3081 1326 3090 ¹

146 3169 190 3223 re,
205 3158 239 3212 ut
261 3149 337 3214 ratio
355 3151 495 3214 ducerent
517 3148 652 3212 Romani
672 3149 835 3226 uictoriam,
852 3169 944 3232 qnam
966 3149 1147 3213 Samnitibus
1167 3162 1359 3224 enraquaun-

145 3235 304 3316 Canrpnna
322 3234 514 3318 Sidicinaque
536 3235 620 3298 barte
640 3235 834 3316 enpuierentr
855 3257 893 3298 ne
914 3233 993 3300 vinci
1014 3235 1104 3300 etiam
1118 3257 1150 3300 ee
1164 3227 1360 3300 01,than

144 3321 347 3404 saumana
370 3321 486 3406 paon
507 3321 646 3384 maai.
691 3319 821 3386 minos
842 3321 1079 3406 campanasque,
1102 3294 1344 3406 eoam„

144 3407 255 3470 ditione
278 3407 380 3488 popuii
401 3407 537 3470 Romani
559 3416 664 3482 essent,
692 3427 748 3488 pro
769 3405 892 3488 imperia
914 3417 1046 3472 arcerent
1072 3408 1204 3473 Samniti

145 3511 239 3576 agra‚·
259 3491 307 3556 ain
328 3493 484 3575 imperium
509 3493 681 3570 abnuerent,
707 3493 802 3556 onmia
823 3497 997 3556 cotrcerent.
1042 3492 1203 3559 Adversus

143 3575 214 3642 baec
231 3599 413 3664 responsum
429 3599 545 3664 anceps
558 3576 679 3654 datum,
695 3577 769 3663 quia
789 3576 880 3642 fateri
895 3579 1034 3664 pigebat,
1049 3579 1081 3642 in
1098 3591 1201 3662 pates·
1211 3603 1365 3666 nepem

144 3677 209 3728 tate
230 3687 288 3728 sua
304 3663 511 3751 Latinasjem
535 3685 602 3726 non
618 3687 694 3739 ease,
716 3663 944 3748 timebantque,
959 3663 1024 3728 “ne
1038 3665 1335 3753 arguendonomwo·

143 3749 373 3816 abalienatam:
400 3751 619 3834 Campanamm
639 3750 741 3814 abans
757 3749 951 3814 conditionem
974 3771 1046 3829 ease,
1073 3753 1123 3838 qui
1145 3737 1365 3818 ,20an
1458 3751 1463 3762 “

225 3917 238 3956 b
254 3921 337 3970 trebel.
349 3923 423 3970 Gran.
520 3927 532 3955 θ
547 3923 719 3972 antandron.
735 3923 805 3972 Crev.
903 3921 917 3958 d
932 3921 1042 3970 adiment
1054 3923 1120 3970 Sed.

142 4067 222 4115 uaria.
256 4067 317 4135 Sam
337 4077 441 4130 quatuor
457 4085 553 4132 quoque
570 4087 584 4119 a
602 4085 657 4118 aas·
689 4073 744 4130 bus,
762 4079 786 4118 et
804 4072 829 4118 ln
848 4069 1040 4126 numerumn,
1052 4073 1112 4120 etin
1124 4073 1204 4120 omni·

143 4131 187 4178 tria
205 4139 311 4181 meant.
345 4133 413 4181 Unde
424 4125 657 4184 admittendamdu·
690 4137 842 4183 busnostrr's.

142 4195 234 4245 umus.
723 4199 813 4248 6⁰Ne
832 4199 950 4262 arguendo
973 4200 1146 4314 abattcmreatq.
1166 4203 1205 4252 Na

176 4257 405 4324 amaneum]
428 4263 590 4324 &posuimus
601 4277 655 4325 per·
687 4267 811 4325 arguenda
831 4263 931 4312 Latinos
948 4267 1017 4312 exuti
1035 4267 1124 4329 obsequ
1137 4267 1205 4325 '‚eor

142 4322 242 4372 ticulum
262 4327 298 4384 tn,
316 4339 372 4386 qure
389 4327 457 4374 aaut
469 4329 656 4376 aGronavianis
687 4331 1049 4390 abaepraraurabalienarent,
1061 4335 1126 4380 etad
1138 4345 1214 4394 oper--

141 4387 295 4446 editionibus,
316 4391 358 4436 aad
380 4391 499 4451 reperitur
522 4393 547 4439 in
572 4395 656 4440 intart-
689 4402 739 4440 tam
751 4395 906 4442 rebellionem
917 4395 1052 4442 incitarent.

182 4470 255 4516 rar..
271 4473 294 4516 r.
736 4478 759 4519 a
773 4479 796 4544 g
