3032 4924
202 215 205 226 ·
345 197 403 258 884
672 253 675 260 ,
748 189 858 250 TlTl
885 189 1022 257 LtVIt

186 379 215 428 u.
227 380 255 426 c
264 377 323 428 sss.
339 351 492 422 ‚arandam
508 372 616 424 cmm
627 351 820 438 cmpedis,
835 351 928 424 nubs
939 355 1108 434 amtorem,
1118 353 1232 424 docos
1246 374 1401 442 regressa,

185 446 215 494 Α
227 445 253 494 0·
263 443 321 492 ³⁸⁷·
343 439 516 507 adventum
536 437 673 506 bostium
687 437 894 510 obstinatcsd
909 451 1046 509 mortens
1065 441 1173 512 animo
1186 439 1400 525 exspectabat.

183 509 398 633 ἱζᾞζφιί
413 547 523 590 eorum
538 523 662 588 curules
676 537 836 610 gesserant
851 526 1063 612 magistratus,
1078 539 1115 596 ot
1128 527 1163 596 in
1177 525 1315 596 lortuuae
1333 527 1400 611 pti·

184 637 318 683 „mmm
342 611 434 678 stinoe
456 609 676 695 honorumque
689 625 744 680 sut
764 610 888 682 virtutis
909 613 1083 700 insignibus
1103 626 1313 689 morerentur,
1327 633 1401 697 quas

341 697 560 785 augustissima
575 697 669 764 vassis
690 711 737 761 est
756 695 893 766 ”tenses
912 698 1100 765 ducentibus
1113 698 1401 784 triumphantibus-

341 805 389 861 νο,
405 781 558 852 revestiti
583 781 687 850 medio
713 783 829 851 adium
855 783 1001 854 eburneis
1024 784 1107 851 sellis
1129 783 1247 852 sedere.
1304 785 1401 860 Sunt,

341 869 409 955 qui,
425 867 473 937 M.
496 868 597 938 Fabio
617 868 767 952 pontifice
785 872 923 938 maxirsso
937 869 1125 958 ⁵⁹proeiante
1147 891 1287 948 carmen,
1302 869 1400 940 devo-

342 956 420 1023 visse
448 978 502 1020 eos
527 978 561 1020 se
586 975 644 1038 pro
668 957 770 1040 patria
795 953 1036 1042 Quiritibusque
1065 955 1230 1032 &marris
1258 955 1399 1026 tradant.

343 1041 440 1120 Galli,
455 1057 487 1107 et
505 1043 580 1126 quia
601 1041 785 1125 interposita
806 1054 898 1106 nocte
913 1043 1148 1110 acoutentione
1170 1063 1288 1128 pugnus
1304 1043 1400 1112 romi-

338 1143 445 1196 scrant
457 1127 588 1202 anicios,
604 1137 636 1190 et
651 1127 737 1212 quod
752 1149 809 1198 nec
825 1127 857 1192 in
871 1128 939 1194 acic
952 1129 1082 1214 ancipiti
1102 1149 1234 1214 usquam
1257 1140 1401 1196 certave-

339 1227 412 1280 rant
422 1214 550 1299 proelio,
566 1235 624 1280 nec
638 1227 705 1280 tum
722 1214 829 1301 inpetu
845 1226 901 1278 aut
920 1213 952 1279 vi
964 1211 1164 1299 6⁰cupiebant
1189 1213 1313 1291 urbem,
1330 1215 1399 1284 sine

338 1301 397 1376 ira,
412 1303 479 1364 sine
494 1299 605 1370 ardore
620 1299 799 1367 animorum
812 1299 944 1386 ingressi
959 1313 1086 1385 postem
1097 1301 1148 1366 die
1158 1299 1271 1368 urbem
1286 1313 1398 1385 pateu-

339 1400 371 1454 tc
386 1385 513 1452 Collina
532 1403 635 1470 porta,
650 1385 682 1450 in
705 1383 809 1450 sorum
829 1385 1026 1470 perveniunt,
1049 1385 1308 1454 circumferentes
1322 1407 1399 1452 ocu·

339 1472 386 1538 los
405 1471 447 1540 ad
467 1471 584 1556 templa
598 1471 709 1544 Dellm
722 1493 901 1557 arcemque,
923 1472 1022 1538 solam
1038 1471 1113 1538 belli
1134 1472 1270 1556 speciem
1287 1487 1398 1541 tenco-

338 1574 412 1626 tem.
456 1557 546 1633 Inde,
570 1557 694 1624 modico
717 1557 824 1622 relicto
846 1557 1005 1642 praesidio,
1023 1559 1158 1644 (nequis
1173 1558 1206 1622 in
1228 1557 1399 1642 dissipator

286 1663 297 1679 ·
337 1655 532 1712 exerceant
548 1642 706 1726 Capitolio
730 1643 855 1728 inpetus
876 1642 980 1724 lieret)
1001 1643 1113 1728 dilapsi
1128 1642 1168 1713 ad
1183 1643 1330 1730 padam
1344 1667 1399 1708 ra-
1508 1659 1512 1668 ·

234 1734 242 1753 ’
337 1729 404 1796 cuis
419 1729 554 1796 obcursu
571 1729 736 1796 bominum
752 1731 819 1804 siis,
834 1751 907 1812 pars
928 1731 959 1796 in
980 1731 1130 1814 proxima
1143 1751 1281 1829 quoeque
1295 1742 1396 1798 tecto-

336 1837 409 1882 rum
430 1817 556 1902 agmine
570 1829 683 1888 runnu
706 1837 778 1900 pars
796 1813 914 1890 ultimo,
930 1814 1016 1880 velut
1029 1839 1066 1880 ea
1087 1815 1214 1885 demum
1230 1831 1353 1886 intacta
1366 1828 1400 1880 at

336 1901 451 1967 referta
464 1899 584 1986 praeda,
599 1913 720 1984 petunt.
750 1901 822 1965 inde
838 1923 946 1966 rursus
961 1902 1028 1986 ipsa
1038 1901 1208 1968 solitudine
1222 1903 1397 1981 absterriti,

336 2009 377 2052 nc
398 2010 461 2072 qua
485 1985 568 2050 fraus
593 1985 715 2050 hostilis
739 2009 834 2072 vagos
858 1988 1024 2070 exciperet,
1040 1988 1072 2053 in
1092 1987 1196 2052 forum
1210 2009 1249 2054 ac
1262 2009 1324 2073 pro
1347 1988 1398 2052 io·-

336 2095 400 2159 qua
413 2071 483 2138 foro
505 2071 574 2141 locs
595 2070 776 2156 conglobati
797 2072 959 2138 redibant:
983 2073 1036 2140 ubi
1051 2097 1116 2154 eos,
1130 2073 1231 2158 plebia
1251 2010 1397 2142 aediliciis

335 2158 497 2234 obseratis,
513 2157 691 2244 patentibus
706 2157 792 2222 atriis
817 2159 1005 2243 principum,
1021 2161 1122 2246 major
1164 2181 1243 2244 rope
1263 2171 1397 2228 cuncta·

336 2246 382 2310 tio
397 2243 523 2310 tenebat
537 2258 655 2328 aperta,
668 2265 763 2328 quarn
775 2244 890 2318 clausa,
902 2244 1084 2315 invadendi.
1109 2269 1126 2310 ιι
1151 2267 1190 2310 eo
1204 2245 1293 2315 baud
1307 2268 1397 2312 secus

335 2354 430 2418 qoam
447 2329 659 2398 venerabundi
683 2331 886 2399 intuebantur
907 2331 939 2394 in
955 2329 1072 2400 adium
1094 2331 1256 2398 vestibulis
1281 2331 1395 2398 aeden·

336 2432 382 2486 tes
396 2419 489 2495 viros,
501 2434 617 2502 proetcr
631 2429 776 2484 ornatum
793 2415 999 2516 habitumque
1013 2416 1153 2483 humano
1166 2419 1395 2504 augustiorem,

336 2505 496 2590 majestate
510 2504 615 2579 etiam,
623 2525 726 2652 lpoam
741 2501 844 2568 vultus
867 2515 1067 2588 gravitasque
1087 2503 1149 2574 oris
1167 2524 1235 2588 proe
1258 2526 1294 2570 se
1315 2503 1396 2572 fere-

336 2592 399 2668 bat,
424 2589 600 2656 simillimos
658 2589 707 2654 iia.
750 2588 799 2656 Ad
822 2611 876 2656 eos
899 2587 982 2657 velut
1003 2588 1169 2659 simulacra
1190 2590 1272 2657 versi
1295 2611 1395 2675 quum

335 2687 465 2753 sterant,
490 2676 537 2743 M.
566 2674 711 2758 Papirius
738 2696 818 2738 unus
846 2696 886 2738 ex
916 2673 963 2740 his
992 2673 1107 2741 dicitur
1130 2674 1237 2750 Gallc,
1260 2675 1396 2744 barbam

334 2784 435 2838 auam,
450 2775 487 2828 ut
501 2772 567 2826 tum
584 2759 731 2824 omnibus
745 2761 899 2842 promissa
919 2773 998 2837 erat,
1017 2759 1236 2845 permulcenti,
1252 2762 1397 2847 scipione

328 2847 475 2920 ‚eburneo
488 2845 521 2910 in
536 2858 632 2929 caput
646 2845 772 2913 incusso
786 2845 864 2913 iram
880 2846 1027 2923 movisse3
1050 2859 1145 2930 atque
1158 2846 1200 2915 ab
1213 2869 1252 2912 eo
1266 2847 1397 2914 initium

177 3007 184 3014 ,
335 2933 431 2998 caedis
445 2943 561 3008 ortum,
578 2945 696 2996 eeteros
710 2931 743 2997 in
758 2930 882 2996 sedibus
900 2933 964 2996 suis
985 2931 1166 3000 trucidatos.
1211 2933 1289 3000 Post
1307 2934 1395 3019 prin·

175 3047 314 3098 amm.
336 3020 443 3104 cipum
469 3015 588 3084 cadem
616 3015 693 3088 nulli
716 3015 829 3084 deiude
855 3016 1035 3084 mortalium
1061 3018 1158 3104 parci,
1182 3019 1279 3103 diripi
1301 3033 1395 3102 tecta,

175 3115 251 3160 mua
262 3113 310 3158 ΒΟ·
337 3104 500 3170 exhaustis
513 3102 597 3188 injici
609 3103 707 3188 ignes

174 3190 310 3226 mm
381 3189 496 3262 XLII.
520 3187 680 3264 Ceterum,
695 3187 720 3228 ⁶¹
730 3210 783 3256 seu
798 3209 862 3254 non
876 3189 1176 3257 omnibusdelendoe
1192 3189 1280 3256 urbis
1294 3188 1395 3256 libido

335 3289 414 3355 erat,
435 3297 490 3343 scu
515 3276 560 3340 ita
582 3275 743 3360 placuerat
763 3274 960 3360 principibus
986 3275 1166 3354 Gallorum,
1190 3289 1222 3342 et
1241 3277 1397 3342 ostentari

335 3362 481 3451 quoedam
502 3360 647 3428 incendia
661 3360 786 3427 terroris
807 3383 924 3456 canses,
939 3361 965 3425 si
979 3361 1128 3446 compelli
1142 3360 1183 3426 ad
1197 3361 1394 3428 deditionem

334 3451 467 3516 caritate
480 3447 601 3512 sedium
618 3468 745 3514 suarum
760 3445 878 3512 obsessi
897 3453 1042 3531 possem
1066 3459 1097 3512 et
1112 3469 1176 3512 nou
1191 3449 1302 3514 omnia
1315 3469 1394 3514 coo·

334 3536 468 3604 cremari
492 3547 583 3612 tecta,
600 3547 644 3610 ut,
667 3531 891 3619 quodcumque
912 3545 1085 3618 superesset
1107 3533 1206 3612 urbis,
1221 3531 1254 3600 id
1277 3534 1397 3622 pignus

366 3755 399 3806 ὦ
426 3755 527 3804 liscum
556 3753 699 3818 docentibus]
740 3751 845 3800 'l'henara
909 3749 1397 3814 meaptetnrsrlm....rsgms

333 3821 701 3881 mntaacravehieula,qulbua
717 3819 846 3865 simulam
877 3817 967 3880 arbem]
992 3817 1090 3878 Ingrata
1108 3817 1226 3878 repetitio.
1259 3817 1322 3864 nere
1339 3831 1397 3878 pca-

333 3889 434 3936 decrum
453 3886 517 3932 ludia
539 3885 689 3932 Clreemlbua
705 3884 731 3930 in
748 3883 845 3930 circum
879 3881 1119 3930 mainadarum

333 3955 365 4000 sd
384 3950 496 4013 pulvinar
519 3949 695 3996 deferebantur.
727 3949 793 3994 Ante
810 3945 847 4006 ip-
911 3945 941 3994 61
959 3943 1398 4009 sammoalrueeretugere

333 4029 373 4063 aas
399 4017 451 4063 lara
476 4015 645 4070 tendebantur,
667 4026 723 4074 qua
748 4011 857 4076 tonnae
879 4025 935 4058 cum
947 4011 1069 4058 Gronovio
1089 4011 1171 4058 anab.
1199 4008 1272 4058 'Seu
1292 4017 1396 4066 tamne,

334 4093 410 4128 manu
432 4079 546 4124 tenebant
568 4078 687 4138 principes
702 4075 758 4132 viri,
774 4081 847 4136 atque
879 4082 904 4122 et
914 4075 972 4136 quia
981 4074 1016 4120 ita
1023 4073 1121 4128 libebat,
1132 4073 1225 4122 factum
1240 4082 1271 4120 nt
1281 4089 1330 4122 non
1341 4087 1401 4121 om·

333 4141 697 4190 idccducaraeaadlcebantur.
730 4137 846 4186 victa
879 4151 935 4184 nem
958 4139 1037 4185 delere
1058 4140 1142 4185 urbem
1162 4139 1267 4194 vellents
1295 4140 1348 4184 aire
1369 4139 1398 4186 ld

334 4207 423 4256 conia
435 4205 514 4254 illm.
526 4211 610 4254 canna
620 4205 731 4252 Verresn.
877 4203 976 4250 consilio
986 4203 1114 4257 iaciebant,
1129 4201 1326 4264 principibusque
1335 4203 1399 4250 Gal-

367 4269 549 4382 ὄνταμὰ
559 4263 663 4332 m]
679 4267 738 4316 vic.
756 4267 843 4318 abab·
876 4267 1209 4328 icrumitsplacuerat....
