<?xml version="1.0" encoding="UTF-8"?>
<!DOCTYPE html PUBLIC "-//W3C//DTD XHTML 1.0 Transitional//EN"
    "http://www.w3.org/TR/xhtml1/DTD/xhtml1-transitional.dtd">
<html xmlns="http://www.w3.org/1999/xhtml" xml:lang="en" lang="en">
 <head>
  <title>
</title>
<meta http-equiv="Content-Type" content="text/html;charset=utf-8" />
  <meta name='ocr-system' content='tesseract 3.04.00' />
  <meta name='ocr-capabilities' content='ocr_page ocr_carea ocr_par ocr_line ocrx_word'/>
</head>
<body>
  <div class='ocr_page' id='page_1' title='image "./tliviipatavinih02crevgoog_0431.png"; bbox 0 0 3056 4928; ppageno 0'>
   <div class='ocr_carea' id='block_1_1' title="bbox 12 613 260 673">
    <p class='ocr_par' dir='ltr' id='par_1_1' title="bbox 12 613 260 673">
     <span class='ocr_line' id='line_1_1' title="bbox 12 613 260 673; baseline -0.004 -8"><span class='ocrx_word' id='word_1_1' title='bbox 12 613 18 618; x_wconf 83' lang='lat'>&#39;</span> <span class='ocrx_word' id='word_1_2' title='bbox 135 617 207 673; x_wconf 81' lang='lat' dir='ltr'>Galli.</span> <span class='ocrx_word' id='word_1_3' title='bbox 218 617 260 664; x_wconf 84' lang='lat' dir='ltr'>sed</span> 
     </span>
    </p>
   </div>
   <div class='ocr_carea' id='block_1_2' title="bbox 292 203 950 276">
    <p class='ocr_par' dir='ltr' id='par_1_2' title="bbox 292 203 950 276">
     <span class='ocr_line' id='line_1_2' title="bbox 292 203 950 276; baseline -0.011 -1"><span class='ocrx_word' id='word_1_4' title='bbox 292 221 350 276; x_wconf 78' lang='lat'>424</span> <span class='ocrx_word' id='word_1_5' title='bbox 667 203 779 273; x_wconf 83' lang='lat' dir='ltr'>TiTl</span> <span class='ocrx_word' id='word_1_6' title='bbox 808 205 950 268; x_wconf 85' lang='lat' dir='ltr'>Llllll</span> 
     </span>
    </p>
   </div>
   <div class='ocr_carea' id='block_1_3' title="bbox 133 365 1453 3638">
    <p class='ocr_par' dir='ltr' id='par_1_3' title="bbox 133 365 1359 1662">
     <span class='ocr_line' id='line_1_3' title="bbox 133 365 1351 460; baseline -0.003 -20"><span class='ocrx_word' id='word_1_7' title='bbox 133 389 268 442; x_wconf 82' lang='lat' dir='ltr'>u.c.tos</span> <span class='ocrx_word' id='word_1_8' title='bbox 292 374 325 440; x_wconf 95' lang='lat' dir='ltr'>lo</span> <span class='ocrx_word' id='word_1_9' title='bbox 353 373 448 440; x_wconf 88' lang='lat' dir='ltr'>etiam</span> <span class='ocrx_word' id='word_1_10' title='bbox 477 372 594 460; x_wconf 79' lang='lat' dir='ltr'>integi·</span> <span class='ocrx_word' id='word_1_11' title='bbox 622 371 794 450; x_wconf 79' lang='lat' dir='ltr'>Romanos,</span> <span class='ocrx_word' id='word_1_12' title='bbox 820 370 980 455; x_wconf 86' lang='lat' dir='ltr'>perculsos</span> <span class='ocrx_word' id='word_1_13' title='bbox 1009 391 1127 453; x_wconf 83' lang='lat' dir='ltr'>parare</span> <span class='ocrx_word' id='word_1_14' title='bbox 1156 383 1232 448; x_wconf 85' lang='lat' dir='ltr'>rata,</span> <span class='ocrx_word' id='word_1_15' title='bbox 1258 365 1351 436; x_wconf 83' lang='lat' dir='ltr'>simul</span> 
     </span>
     <span class='ocr_line' id='line_1_4' title="bbox 134 455 1352 546; baseline -0.003 -20"><span class='ocrx_word' id='word_1_16' title='bbox 134 459 164 506; x_wconf 47' lang='grc' dir='ltr'><strong>ὅ</strong></span> <span class='ocrx_word' id='word_1_17' title='bbox 176 455 269 540; x_wconf 56' lang='grc' dir='ltr'>ΜΤ·</span> <span class='ocrx_word' id='word_1_18' title='bbox 293 461 579 546; x_wconf 68' lang='lat' dir='ltr'>”opportuniores</span> <span class='ocrx_word' id='word_1_19' title='bbox 596 457 680 544; x_wconf 89' lang='lat' dir='ltr'>quod</span> <span class='ocrx_word' id='word_1_20' title='bbox 695 457 806 522; x_wconf 81' lang='lat' dir='ltr'>intenti</span> <span class='ocrx_word' id='word_1_21' title='bbox 823 469 889 522; x_wconf 89' lang='lat' dir='ltr'>tum</span> <span class='ocrx_word' id='word_1_22' title='bbox 907 458 1043 522; x_wconf 83' lang='lat' dir='ltr'>maxime</span> <span class='ocrx_word' id='word_1_23' title='bbox 1055 459 1144 542; x_wconf 90' lang='lat' dir='ltr'>operi</span> <span class='ocrx_word' id='word_1_24' title='bbox 1159 468 1270 535; x_wconf 87' lang='lat' dir='ltr'>essent,</span> <span class='ocrx_word' id='word_1_25' title='bbox 1286 471 1352 522; x_wconf 88' lang='lat' dir='ltr'>tru-</span> 
     </span>
     <span class='ocr_line' id='line_1_5' title="bbox 134 542 1353 632; baseline -0.004 -21"><span class='ocrx_word' id='word_1_26' title='bbox 134 545 273 601; x_wconf 75' lang='lat' dir='ltr'>vincuntur</span> <span class='ocrx_word' id='word_1_27' title='bbox 296 549 324 611; x_wconf 93' lang='lat' dir='ltr'>ci</span> <span class='ocrx_word' id='word_1_28' title='bbox 339 547 478 610; x_wconf 89' lang='lat' dir='ltr'>clamore</span> <span class='ocrx_word' id='word_1_29' title='bbox 492 543 686 632; x_wconf 76' lang='lat' dir='ltr'><strong>adgreditur.</strong></span> <span class='ocrx_word' id='word_1_30' title='bbox 729 543 783 607; x_wconf 81' lang='lat' dir='ltr'>Ab</span> <span class='ocrx_word' id='word_1_31' title='bbox 800 542 951 615; x_wconf 86' lang='lat' dir='ltr'>Romanis</span> <span class='ocrx_word' id='word_1_32' title='bbox 966 563 1024 608; x_wconf 88' lang='lat' dir='ltr'>nec</span> <span class='ocrx_word' id='word_1_33' title='bbox 1038 565 1117 628; x_wconf 89' lang='lat' dir='ltr'>opus</span> <span class='ocrx_word' id='word_1_34' title='bbox 1132 543 1353 620; x_wconf 86' lang='lat' dir='ltr'>intermissam,</span> 
     </span>
     <span class='ocr_line' id='line_1_6' title="bbox 135 629 1353 730; baseline -0.006 -32"><span class='ocrx_word' id='word_1_35' title='bbox 135 681 264 730; x_wconf 53' lang='lat' dir='ltr'>mem</span> <span class='ocrx_word' id='word_1_36' title='bbox 297 631 409 718; x_wconf 87' lang='lat' dir='ltr'>(triarii</span> <span class='ocrx_word' id='word_1_37' title='bbox 425 643 526 709; x_wconf 84' lang='lat' dir='ltr'>erant,</span> <span class='ocrx_word' id='word_1_38' title='bbox 541 629 595 718; x_wconf 91' lang='lat' dir='ltr'>qui</span> <span class='ocrx_word' id='word_1_39' title='bbox 616 629 814 710; x_wconf 79' lang='lat' dir='ltr'>muniebant)</span> <span class='ocrx_word' id='word_1_40' title='bbox 829 643 861 694; x_wconf 90' lang='lat' dir='ltr'>et</span> <span class='ocrx_word' id='word_1_41' title='bbox 874 629 915 694; x_wconf 88' lang='lat' dir='ltr'>ab</span> <span class='ocrx_word' id='word_1_42' title='bbox 936 630 1064 698; x_wconf 86' lang='lat' dir='ltr'>hastatis</span> <span class='ocrx_word' id='word_1_43' title='bbox 1085 630 1353 730; x_wconf 87' lang='lat' dir='ltr'>principibusque,</span> 
     </span>
     <span class='ocr_line' id='line_1_7' title="bbox 264 712 1355 805; baseline -0.005 -23"><span class='ocrx_word' id='word_1_44' title='bbox 264 712 272 728; x_wconf 85' lang='lat'>&#39;</span> <span class='ocrx_word' id='word_1_45' title='bbox 298 719 351 805; x_wconf 88' lang='lat' dir='ltr'>qui</span> <span class='ocrx_word' id='word_1_46' title='bbox 375 739 434 804; x_wconf 88' lang='lat' dir='ltr'>pro</span> <span class='ocrx_word' id='word_1_47' title='bbox 459 717 668 782; x_wconf 84' lang='lat' dir='ltr'>munitoribus</span> <span class='ocrx_word' id='word_1_48' title='bbox 690 716 802 780; x_wconf 90' lang='lat' dir='ltr'>intenti</span> <span class='ocrx_word' id='word_1_49' title='bbox 828 718 1005 802; x_wconf 86' lang='lat' dir='ltr'>armatique</span> <span class='ocrx_word' id='word_1_50' title='bbox 1027 726 1186 794; x_wconf 75' lang='lat' dir='ltr'>steterant,</span> <span class='ocrx_word' id='word_1_51' title='bbox 1206 715 1355 801; x_wconf 88' lang='lat' dir='ltr'>proehum</span> 
     </span>
     <span class='ocr_line' id='line_1_8' title="bbox 297 801 1357 887; baseline -0.007 -18"><span class='ocrx_word' id='word_1_52' title='bbox 297 804 421 870; x_wconf 88' lang='lat' dir='ltr'>initum.</span> <span class='ocrx_word' id='word_1_53' title='bbox 469 801 589 867; x_wconf 79' lang='lat' dir='ltr'>Praeter</span> <span class='ocrx_word' id='word_1_54' title='bbox 605 803 750 867; x_wconf 81' lang='lat' dir='ltr'>virtutem</span> <span class='ocrx_word' id='word_1_55' title='bbox 765 801 852 866; x_wconf 88' lang='lat' dir='ltr'>locus</span> <span class='ocrx_word' id='word_1_56' title='bbox 866 824 991 887; x_wconf 87' lang='lat' dir='ltr'>quoque</span> <span class='ocrx_word' id='word_1_57' title='bbox 1014 801 1157 885; x_wconf 80' lang='lat' dir='ltr'>superior</span> <span class='ocrx_word' id='word_1_58' title='bbox 1172 803 1305 887; x_wconf 83' lang='lat' dir='ltr'>adjuvit,</span> <span class='ocrx_word' id='word_1_59' title='bbox 1322 811 1357 863; x_wconf 91' lang='lat' dir='ltr'>ut</span> 
     </span>
     <span class='ocr_line' id='line_1_9' title="bbox 297 888 1356 976; baseline -0.005 -21"><span class='ocrx_word' id='word_1_60' title='bbox 297 889 362 976; x_wconf 90' lang='lat' dir='ltr'>pila</span> <span class='ocrx_word' id='word_1_61' title='bbox 387 889 494 954; x_wconf 87' lang='lat' dir='ltr'>omnia</span> <span class='ocrx_word' id='word_1_62' title='bbox 517 888 680 974; x_wconf 74' lang='lat' dir='ltr'>hastaeque</span> <span class='ocrx_word' id='word_1_63' title='bbox 706 909 780 964; x_wconf 89' lang='lat' dir='ltr'>uon,</span> <span class='ocrx_word' id='word_1_64' title='bbox 799 900 957 974; x_wconf 76' lang='lat' dir='ltr'><strong>tamquam</strong></span> <span class='ocrx_word' id='word_1_65' title='bbox 980 909 1135 972; x_wconf 77' lang='lat' dir='ltr'>exaequo</span> <span class='ocrx_word' id='word_1_66' title='bbox 1156 889 1259 966; x_wconf 86' lang='lat' dir='ltr'>missa,</span> <span class='ocrx_word' id='word_1_67' title='bbox 1275 907 1356 950; x_wconf 80' lang='lat' dir='ltr'>vana</span> 
     </span>
     <span class='ocr_line' id='line_1_10' title="bbox 300 971 1356 1063; baseline -0.007 -23"><span class='ocrx_word' id='word_1_68' title='bbox 300 978 398 1063; x_wconf 88' lang='lat' dir='ltr'>(quod</span> <span class='ocrx_word' id='word_1_69' title='bbox 414 975 599 1060; x_wconf 89' lang='lat' dir='ltr'>plerumque</span> <span class='ocrx_word' id='word_1_70' title='bbox 612 975 662 1055; x_wconf 90' lang='lat' dir='ltr'>fit)</span> <span class='ocrx_word' id='word_1_71' title='bbox 678 975 837 1054; x_wconf 81' lang='lat' dir='ltr'>caderent,</span> <span class='ocrx_word' id='word_1_72' title='bbox 852 971 905 1036; x_wconf 88' lang='lat' dir='ltr'>sed</span> <span class='ocrx_word' id='word_1_73' title='bbox 925 973 1032 1038; x_wconf 86' lang='lat' dir='ltr'>omnia</span> <span class='ocrx_word' id='word_1_74' title='bbox 1045 973 1071 1012; x_wconf 74' lang='lat'>¹⁵</span> <span class='ocrx_word' id='word_1_75' title='bbox 1081 973 1191 1038; x_wconf 86' lang='lat' dir='ltr'>librata</span> <span class='ocrx_word' id='word_1_76' title='bbox 1205 972 1356 1059; x_wconf 83' lang='lat' dir='ltr'>ponderi-</span> 
     </span>
     <span class='ocr_line' id='line_1_11' title="bbox 299 1059 1358 1147; baseline -0.005 -20"><span class='ocrx_word' id='word_1_77' title='bbox 299 1065 358 1127; x_wconf 92' lang='lat' dir='ltr'>bus</span> <span class='ocrx_word' id='word_1_78' title='bbox 380 1062 570 1147; x_wconf 84' lang='lat' dir='ltr'>figerentur3</span> <span class='ocrx_word' id='word_1_79' title='bbox 593 1061 776 1146; x_wconf 83' lang='lat' dir='ltr'>oneratique</span> <span class='ocrx_word' id='word_1_80' title='bbox 797 1059 865 1124; x_wconf 89' lang='lat' dir='ltr'>telis</span> <span class='ocrx_word' id='word_1_81' title='bbox 887 1059 983 1134; x_wconf 90' lang='lat' dir='ltr'>Galli,</span> <span class='ocrx_word' id='word_1_82' title='bbox 1007 1059 1120 1145; x_wconf 86' lang='lat' dir='ltr'>quibus</span> <span class='ocrx_word' id='word_1_83' title='bbox 1145 1075 1200 1124; x_wconf 85' lang='lat' dir='ltr'>aut</span> <span class='ocrx_word' id='word_1_84' title='bbox 1220 1079 1358 1144; x_wconf 86' lang='lat' dir='ltr'>corpora</span> 
     </span>
     <span class='ocr_line' id='line_1_12' title="bbox 299 1145 1358 1233; baseline -0.007 -19"><span class='ocrx_word' id='word_1_85' title='bbox 299 1147 460 1224; x_wconf 85' lang='lat' dir='ltr'>transfixa,</span> <span class='ocrx_word' id='word_1_86' title='bbox 493 1159 549 1211; x_wconf 90' lang='lat' dir='ltr'>aut</span> <span class='ocrx_word' id='word_1_87' title='bbox 581 1159 779 1233; x_wconf 65' lang='lat' dir='ltr'>praegrauata</span> <span class='ocrx_word' id='word_1_88' title='bbox 812 1145 1037 1224; x_wconf 73' lang='lat' dir='ltr'>inhaerentibus</span> <span class='ocrx_word' id='word_1_89' title='bbox 1071 1146 1225 1233; x_wconf 78' lang='lat' dir='ltr'>gerebant</span> <span class='ocrx_word' id='word_1_90' title='bbox 1256 1156 1358 1224; x_wconf 84' lang='lat' dir='ltr'>scuta,</span> 
     </span>
     <span class='ocr_line' id='line_1_13' title="bbox 300 1229 1358 1320; baseline -0.004 -22"><span class='ocrx_word' id='word_1_91' title='bbox 300 1257 398 1320; x_wconf 90' lang='lat' dir='ltr'>quum</span> <span class='ocrx_word' id='word_1_92' title='bbox 413 1255 507 1298; x_wconf 86' lang='lat' dir='ltr'>cursu</span> <span class='ocrx_word' id='word_1_93' title='bbox 522 1254 603 1317; x_wconf 88' lang='lat' dir='ltr'>pene</span> <span class='ocrx_word' id='word_1_94' title='bbox 616 1233 648 1294; x_wconf 91' lang='lat' dir='ltr'>in</span> <span class='ocrx_word' id='word_1_95' title='bbox 664 1231 827 1296; x_wconf 87' lang='lat' dir='ltr'>adversum</span> <span class='ocrx_word' id='word_1_96' title='bbox 841 1231 1004 1308; x_wconf 79' lang='lat' dir='ltr'>subissent,</span> <span class='ocrx_word' id='word_1_97' title='bbox 1020 1234 1123 1314; x_wconf 90' lang='lat' dir='ltr'>primo</span> <span class='ocrx_word' id='word_1_98' title='bbox 1143 1231 1253 1297; x_wconf 88' lang='lat' dir='ltr'>incerti</span> <span class='ocrx_word' id='word_1_99' title='bbox 1268 1229 1358 1295; x_wconf 87' lang='lat' dir='ltr'>resti·</span> 
     </span>
     <span class='ocr_line' id='line_1_14' title="bbox 301 1317 1358 1403; baseline -0.003 -18"><span class='ocrx_word' id='word_1_100' title='bbox 301 1335 387 1386; x_wconf 84' lang='lat' dir='ltr'>tere:</span> <span class='ocrx_word' id='word_1_101' title='bbox 410 1321 494 1399; x_wconf 90' lang='lat' dir='ltr'>dein,</span> <span class='ocrx_word' id='word_1_102' title='bbox 509 1340 607 1403; x_wconf 91' lang='lat' dir='ltr'>quum</span> <span class='ocrx_word' id='word_1_103' title='bbox 630 1319 698 1403; x_wconf 87' lang='lat' dir='ltr'>ipsa</span> <span class='ocrx_word' id='word_1_104' title='bbox 712 1318 872 1382; x_wconf 82' lang='lat' dir='ltr'>cunctatio</span> <span class='ocrx_word' id='word_1_105' title='bbox 887 1329 919 1383; x_wconf 89' lang='lat' dir='ltr'>et</span> <span class='ocrx_word' id='word_1_106' title='bbox 940 1317 989 1381; x_wconf 92' lang='lat' dir='ltr'>his</span> <span class='ocrx_word' id='word_1_107' title='bbox 1003 1317 1123 1382; x_wconf 86' lang='lat' dir='ltr'>animos</span> <span class='ocrx_word' id='word_1_108' title='bbox 1139 1319 1311 1393; x_wconf 84' lang='lat' dir='ltr'>minuisset,</span> <span class='ocrx_word' id='word_1_109' title='bbox 1327 1328 1358 1382; x_wconf 90' lang='lat' dir='ltr'>et</span> 
     </span>
     <span class='ocr_line' id='line_1_15' title="bbox 300 1403 1359 1492; baseline -0.004 -20"><span class='ocrx_word' id='word_1_110' title='bbox 300 1407 441 1472; x_wconf 86' lang='lat' dir='ltr'>auxisset</span> <span class='ocrx_word' id='word_1_111' title='bbox 454 1405 548 1482; x_wconf 87' lang='lat' dir='ltr'>hosti,</span> <span class='ocrx_word' id='word_1_112' title='bbox 561 1405 676 1489; x_wconf 85' lang='lat' dir='ltr'>inpulsi</span> <span class='ocrx_word' id='word_1_113' title='bbox 691 1415 775 1468; x_wconf 88' lang='lat' dir='ltr'>retro</span> <span class='ocrx_word' id='word_1_114' title='bbox 790 1425 882 1468; x_wconf 87' lang='lat' dir='ltr'>ruere</span> <span class='ocrx_word' id='word_1_115' title='bbox 895 1403 949 1467; x_wconf 88' lang='lat' dir='ltr'>alii</span> <span class='ocrx_word' id='word_1_116' title='bbox 963 1425 1056 1488; x_wconf 89' lang='lat' dir='ltr'>super</span> <span class='ocrx_word' id='word_1_117' title='bbox 1069 1404 1156 1480; x_wconf 86' lang='lat' dir='ltr'>alios,</span> <span class='ocrx_word' id='word_1_118' title='bbox 1171 1403 1197 1442; x_wconf 82' lang='lat'>²⁴</span> <span class='ocrx_word' id='word_1_119' title='bbox 1206 1417 1359 1492; x_wconf 80' lang='lat' dir='ltr'>stragem-</span> 
     </span>
     <span class='ocr_line' id='line_1_16' title="bbox 301 1488 1359 1578; baseline -0.006 -20"><span class='ocrx_word' id='word_1_120' title='bbox 301 1515 364 1578; x_wconf 88' lang='lat' dir='ltr'>que</span> <span class='ocrx_word' id='word_1_121' title='bbox 379 1493 461 1557; x_wconf 90' lang='lat' dir='ltr'>in&#39;ter</span> <span class='ocrx_word' id='word_1_122' title='bbox 475 1513 507 1554; x_wconf 86' lang='lat' dir='ltr'>sc</span> <span class='ocrx_word' id='word_1_123' title='bbox 521 1490 608 1555; x_wconf 85' lang='lat' dir='ltr'>caede</span> <span class='ocrx_word' id='word_1_124' title='bbox 622 1492 690 1575; x_wconf 88' lang='lat' dir='ltr'>ipsa</span> <span class='ocrx_word' id='word_1_125' title='bbox 703 1488 865 1554; x_wconf 80' lang='lat' dir='ltr'>imdiorem</span> <span class='ocrx_word' id='word_1_126' title='bbox 881 1489 967 1555; x_wconf 90' lang='lat' dir='ltr'>dare.</span> <span class='ocrx_word' id='word_1_127' title='bbox 989 1491 1067 1554; x_wconf 86' lang='lat' dir='ltr'>adeo</span> <span class='ocrx_word' id='word_1_128' title='bbox 1085 1489 1241 1576; x_wconf 76' lang='lat' dir='ltr'>precipiti</span> <span class='ocrx_word' id='word_1_129' title='bbox 1262 1488 1359 1555; x_wconf 86' lang='lat' dir='ltr'>turba</span> 
     </span>
     <span class='ocr_line' id='line_1_17' title="bbox 301 1575 872 1662; baseline -0.007 -18"><span class='ocrx_word' id='word_1_130' title='bbox 301 1579 409 1644; x_wconf 87' lang='lat' dir='ltr'>obtriti</span> <span class='ocrx_word' id='word_1_131' title='bbox 446 1577 539 1654; x_wconf 90' lang='lat' dir='ltr'>iures,</span> <span class='ocrx_word' id='word_1_132' title='bbox 556 1597 649 1662; x_wconf 86' lang='lat' dir='ltr'>quam</span> <span class='ocrx_word' id='word_1_133' title='bbox 664 1575 749 1640; x_wconf 84' lang='lat' dir='ltr'>ierro</span> <span class='ocrx_word' id='word_1_134' title='bbox 762 1576 872 1640; x_wconf 83' lang='lat' dir='ltr'>necati.</span> 
     </span>
    </p>

    <p class='ocr_par' dir='ltr' id='par_1_4' title="bbox 301 1599 1363 2436">
     <span class='ocr_line' id='line_1_18' title="bbox 345 1599 1358 1729; baseline -0.005 0"><span class='ocrx_word' id='word_1_135' title='bbox 345 1599 479 1729; x_wconf 82' lang='lat' dir='ltr'>xle.</span> <span class='ocrx_word' id='word_1_136' title='bbox 505 1663 651 1727; x_wconf 88' lang='lat' dir='ltr'>Necdum</span> <span class='ocrx_word' id='word_1_137' title='bbox 680 1674 766 1726; x_wconf 85' lang='lat' dir='ltr'>certa</span> <span class='ocrx_word' id='word_1_138' title='bbox 792 1661 943 1726; x_wconf 88' lang='lat' dir='ltr'>Romanis</span> <span class='ocrx_word' id='word_1_139' title='bbox 973 1663 1101 1728; x_wconf 82' lang='lat' dir='ltr'>victoria</span> <span class='ocrx_word' id='word_1_140' title='bbox 1129 1675 1209 1728; x_wconf 89' lang='lat' dir='ltr'>erat.</span> <span class='ocrx_word' id='word_1_141' title='bbox 1238 1662 1300 1726; x_wconf 88' lang='lat' dir='ltr'>alia</span> <span class='ocrx_word' id='word_1_142' title='bbox 1325 1663 1358 1725; x_wconf 90' lang='lat' dir='ltr'>in</span> 
     </span>
     <span class='ocr_line' id='line_1_19' title="bbox 301 1747 1361 1836; baseline -0.004 -20"><span class='ocrx_word' id='word_1_143' title='bbox 301 1773 369 1816; x_wconf 91' lang='lat' dir='ltr'>carn</span> <span class='ocrx_word' id='word_1_144' title='bbox 396 1771 449 1816; x_wconf 88' lang='lat' dir='ltr'>um</span> <span class='ocrx_word' id='word_1_145' title='bbox 479 1748 633 1836; x_wconf 81' lang='lat' dir='ltr'>degressis</span> <span class='ocrx_word' id='word_1_146' title='bbox 662 1761 825 1830; x_wconf 85' lang='lat' dir='ltr'>supererat</span> <span class='ocrx_word' id='word_1_147' title='bbox 857 1747 964 1812; x_wconf 86' lang='lat' dir='ltr'>moles.</span> <span class='ocrx_word' id='word_1_148' title='bbox 1007 1750 1154 1836; x_wconf 85' lang='lat' dir='ltr'>Namque</span> <span class='ocrx_word' id='word_1_149' title='bbox 1188 1749 1361 1814; x_wconf 89' lang='lat' dir='ltr'>multitudo</span> 
     </span>
     <span class='ocr_line' id='line_1_20' title="bbox 302 1832 1359 1920; baseline -0.003 -17"><span class='ocrx_word' id='word_1_150' title='bbox 302 1837 354 1903; x_wconf 91' lang='lat' dir='ltr'>Ga</span> <span class='ocrx_word' id='word_1_151' title='bbox 378 1857 480 1912; x_wconf 90' lang='lat' dir='ltr'>orum,</span> <span class='ocrx_word' id='word_1_152' title='bbox 497 1851 620 1898; x_wconf 88' lang='lat' dir='ltr'>sensum</span> <span class='ocrx_word' id='word_1_153' title='bbox 636 1855 763 1896; x_wconf 89' lang='lat' dir='ltr'>omnem</span> <span class='ocrx_word' id='word_1_154' title='bbox 778 1832 849 1898; x_wconf 90' lang='lat' dir='ltr'>talis</span> <span class='ocrx_word' id='word_1_155' title='bbox 864 1833 972 1898; x_wconf 89' lang='lat' dir='ltr'>damni</span> <span class='ocrx_word' id='word_1_156' title='bbox 987 1857 1188 1920; x_wconf 86' lang='lat' dir='ltr'>exsuperans,</span> <span class='ocrx_word' id='word_1_157' title='bbox 1200 1834 1286 1900; x_wconf 88' lang='lat' dir='ltr'>velut</span> <span class='ocrx_word' id='word_1_158' title='bbox 1301 1857 1359 1900; x_wconf 92' lang='lat' dir='ltr'>no·</span> 
     </span>
     <span class='ocr_line' id='line_1_21' title="bbox 301 1919 1360 2005; baseline 0.003 -20"><span class='ocrx_word' id='word_1_159' title='bbox 301 1945 341 1987; x_wconf 87' lang='lat' dir='ltr'>va</span> <span class='ocrx_word' id='word_1_160' title='bbox 355 1942 465 1986; x_wconf 90' lang='lat' dir='ltr'>rursus</span> <span class='ocrx_word' id='word_1_161' title='bbox 484 1920 646 1984; x_wconf 86' lang='lat' dir='ltr'>exoriente</span> <span class='ocrx_word' id='word_1_162' title='bbox 668 1919 745 1995; x_wconf 87' lang='lat' dir='ltr'>scie,</span> <span class='ocrx_word' id='word_1_163' title='bbox 761 1920 918 2005; x_wconf 85' lang='lat' dir='ltr'>integrum</span> <span class='ocrx_word' id='word_1_164' title='bbox 941 1920 1070 1985; x_wconf 88' lang='lat' dir='ltr'>militem</span> <span class='ocrx_word' id='word_1_165' title='bbox 1093 1921 1241 1986; x_wconf 76' lang='lat' dir='ltr'>adversus</span> <span class='ocrx_word' id='word_1_166' title='bbox 1263 1921 1360 1988; x_wconf 85' lang='lat' dir='ltr'>victo-</span> 
     </span>
     <span class='ocr_line' id='line_1_22' title="bbox 302 2004 1362 2091; baseline 0.001 -19"><span class='ocrx_word' id='word_1_167' title='bbox 302 2027 368 2072; x_wconf 90' lang='lat' dir='ltr'>rem</span> <span class='ocrx_word' id='word_1_168' title='bbox 384 2005 505 2071; x_wconf 84' lang='lat' dir='ltr'>hostem</span> <span class='ocrx_word' id='word_1_169' title='bbox 521 2004 633 2070; x_wconf 82' lang='lat' dir='ltr'>ciebat.</span> <span class='ocrx_word' id='word_1_170' title='bbox 649 2006 795 2089; x_wconf 89' lang='lat' dir='ltr'>stetitque</span> <span class='ocrx_word' id='word_1_171' title='bbox 809 2005 977 2091; x_wconf 87' lang='lat' dir='ltr'>subpresso</span> <span class='ocrx_word' id='word_1_172' title='bbox 998 2007 1105 2090; x_wconf 84' lang='lat' dir='ltr'>inpetu</span> <span class='ocrx_word' id='word_1_173' title='bbox 1124 2009 1308 2085; x_wconf 84' lang='lat' dir='ltr'>Romanus;</span> <span class='ocrx_word' id='word_1_174' title='bbox 1329 2021 1362 2074; x_wconf 87' lang='lat' dir='ltr'>et</span> 
     </span>
     <span class='ocr_line' id='line_1_23' title="bbox 323 2089 1359 2178; baseline 0.001 -21"><span class='ocrx_word' id='word_1_175' title='bbox 323 2093 377 2157; x_wconf 89' lang='lat' dir='ltr'>uia</span> <span class='ocrx_word' id='word_1_176' title='bbox 391 2093 505 2158; x_wconf 88' lang='lat' dir='ltr'>iterum</span> <span class='ocrx_word' id='word_1_177' title='bbox 525 2090 613 2155; x_wconf 83' lang='lat' dir='ltr'>fessis</span> <span class='ocrx_word' id='word_1_178' title='bbox 632 2089 796 2155; x_wconf 89' lang='lat' dir='ltr'>subeunda</span> <span class='ocrx_word' id='word_1_179' title='bbox 817 2091 978 2156; x_wconf 86' lang='lat' dir='ltr'>dimicatio</span> <span class='ocrx_word' id='word_1_180' title='bbox 999 2099 1078 2173; x_wconf 90' lang='lat' dir='ltr'>e&#39;rat,</span> <span class='ocrx_word' id='word_1_181' title='bbox 1092 2107 1124 2158; x_wconf 94' lang='lat' dir='ltr'>et</span> <span class='ocrx_word' id='word_1_182' title='bbox 1137 2093 1222 2178; x_wconf 91' lang='lat' dir='ltr'>quod</span> <span class='ocrx_word' id='word_1_183' title='bbox 1238 2094 1359 2172; x_wconf 78' lang='lat' dir='ltr'>consul,</span> 
     </span>
     <span class='ocr_line' id='line_1_24' title="bbox 302 2115 1362 2265; baseline 0 -21"><span class='ocrx_word' id='word_1_184' title='bbox 302 2115 379 2244; x_wconf 76' lang='lat' dir='ltr'>dum</span> <span class='ocrx_word' id='word_1_185' title='bbox 399 2178 481 2243; x_wconf 89' lang='lat' dir='ltr'>inter</span> <span class='ocrx_word' id='word_1_186' title='bbox 502 2178 656 2264; x_wconf 87' lang='lat' dir='ltr'>primores</span> <span class='ocrx_word' id='word_1_187' title='bbox 677 2176 821 2242; x_wconf 90' lang='lat' dir='ltr'>incautus</span> <span class='ocrx_word' id='word_1_188' title='bbox 841 2179 949 2265; x_wconf 82' lang='lat' dir='ltr'>agitat,</span> <span class='ocrx_word' id='word_1_189' title='bbox 966 2178 1045 2243; x_wconf 76' lang='lat' dir='ltr'>laevo</span> <span class='ocrx_word' id='word_1_190' title='bbox 1066 2179 1199 2245; x_wconf 89' lang='lat' dir='ltr'>humero</span> <span class='ocrx_word' id='word_1_191' title='bbox 1212 2179 1362 2245; x_wconf 68' lang='lat' dir='ltr'>”matari</span> 
     </span>
     <span class='ocr_line' id='line_1_25' title="bbox 302 2265 1363 2352; baseline 0.003 -23"><span class='ocrx_word' id='word_1_192' title='bbox 302 2287 404 2352; x_wconf 87' lang='lat' dir='ltr'>prope</span> <span class='ocrx_word' id='word_1_193' title='bbox 423 2266 563 2352; x_wconf 85' lang='lat' dir='ltr'>trajecto,</span> <span class='ocrx_word' id='word_1_194' title='bbox 578 2276 713 2329; x_wconf 84' lang='lat' dir='ltr'>cesserat</span> <span class='ocrx_word' id='word_1_195' title='bbox 732 2283 902 2350; x_wconf 82' lang='lat' dir='ltr'>parumper</span> <span class='ocrx_word' id='word_1_196' title='bbox 919 2285 959 2330; x_wconf 82' lang='lat' dir='ltr'>ex</span> <span class='ocrx_word' id='word_1_197' title='bbox 976 2265 1053 2330; x_wconf 89' lang='lat' dir='ltr'>acie.</span> <span class='ocrx_word' id='word_1_198' title='bbox 1096 2265 1232 2352; x_wconf 87' lang='lat' dir='ltr'>Jamque</span> <span class='ocrx_word' id='word_1_199' title='bbox 1247 2267 1363 2332; x_wconf 86' lang='lat' dir='ltr'>omissa</span> 
     </span>
     <span class='ocr_line' id='line_1_26' title="bbox 302 2349 1362 2436; baseline 0.002 -20"><span class='ocrx_word' id='word_1_200' title='bbox 302 2351 483 2418; x_wconf 86' lang='lat' dir='ltr'>cunctando</span> <span class='ocrx_word' id='word_1_201' title='bbox 495 2349 626 2415; x_wconf 85' lang='lat' dir='ltr'>victoria</span> <span class='ocrx_word' id='word_1_202' title='bbox 650 2361 727 2426; x_wconf 88' lang='lat' dir='ltr'>erat,</span> <span class='ocrx_word' id='word_1_203' title='bbox 742 2371 840 2436; x_wconf 91' lang='lat' dir='ltr'>quum</span> <span class='ocrx_word' id='word_1_204' title='bbox 866 2349 986 2428; x_wconf 88' lang='lat' dir='ltr'>consul,</span> <span class='ocrx_word' id='word_1_205' title='bbox 1004 2354 1132 2416; x_wconf 81' lang='lat' dir='ltr'>vulnere</span> <span class='ocrx_word' id='word_1_206' title='bbox 1146 2351 1208 2416; x_wconf 90' lang='lat' dir='ltr'>adli</span> <span class='ocrx_word' id='word_1_207' title='bbox 1233 2365 1297 2430; x_wconf 91' lang='lat' dir='ltr'>ato,</span> <span class='ocrx_word' id='word_1_208' title='bbox 1313 2375 1362 2418; x_wconf 88' lang='lat' dir='ltr'>re·</span> 
     </span>
    </p>

    <p class='ocr_par' dir='ltr' id='par_1_5' title="bbox 240 2434 1363 2586">
     <span class='ocr_line' id='line_1_27' title="bbox 240 2434 1363 2586; baseline -0.002 -80"><span class='ocrx_word' id='word_1_209' title='bbox 240 2497 242 2506; x_wconf 80' lang='grc'>,</span> <span class='ocrx_word' id='word_1_210' title='bbox 303 2451 409 2504; x_wconf 86' lang='lat' dir='ltr'>vectus</span> <span class='ocrx_word' id='word_1_211' title='bbox 424 2437 465 2503; x_wconf 91' lang='lat' dir='ltr'>sd</span> <span class='ocrx_word' id='word_1_212' title='bbox 488 2437 589 2520; x_wconf 89' lang='lat' dir='ltr'>prima</span> <span class='ocrx_word' id='word_1_213' title='bbox 606 2437 708 2586; x_wconf 57' lang='lat' dir='ltr'>sipara,</span> <span class='ocrx_word' id='word_1_214' title='bbox 726 2434 812 2512; x_wconf 76' lang='lat' dir='ltr'>Quid</span> <span class='ocrx_word' id='word_1_215' title='bbox 830 2445 903 2514; x_wconf 87' lang='lat' dir='ltr'>stas,</span> <span class='ocrx_word' id='word_1_216' title='bbox 918 2439 1032 2504; x_wconf 79' lang='lat' dir='ltr'>miles?</span> <span class='ocrx_word' id='word_1_217' title='bbox 1053 2439 1163 2525; x_wconf 85' lang='lat' dir='ltr'>inquit</span> <span class='ocrx_word' id='word_1_218' title='bbox 1243 2459 1283 2502; x_wconf 83' lang='lat' dir='ltr'>atr</span> <span class='ocrx_word' id='word_1_219' title='bbox 1297 2461 1363 2504; x_wconf 75' lang='lat' dir='ltr'>aar</span> 
     </span>
    </p>

    <p class='ocr_par' dir='ltr' id='par_1_6' title="bbox 303 2524 1453 3638">
     <span class='ocr_line' id='line_1_28' title="bbox 304 2524 1364 2608; baseline -0.002 -18"><span class='ocrx_word' id='word_1_220' title='bbox 304 2526 423 2590; x_wconf 81' lang='lat' dir='ltr'>Latino</span> <span class='ocrx_word' id='word_1_221' title='bbox 437 2524 608 2608; x_wconf 80' lang='lat' dir='ltr'>Sabinoque</span> <span class='ocrx_word' id='word_1_222' title='bbox 646 2532 710 2587; x_wconf 84' lang='lat' dir='ltr'>oste</span> <span class='ocrx_word' id='word_1_223' title='bbox 722 2543 771 2586; x_wconf 83' lang='lat' dir='ltr'>res</span> <span class='ocrx_word' id='word_1_224' title='bbox 784 2531 835 2596; x_wconf 80' lang='lat' dir='ltr'>cst,</span> <span class='ocrx_word' id='word_1_225' title='bbox 850 2543 936 2608; x_wconf 81' lang='lat' dir='ltr'>quern</span> <span class='ocrx_word' id='word_1_226' title='bbox 957 2526 1066 2588; x_wconf 70' lang='lat' dir='ltr'>uatum</span> <span class='ocrx_word' id='word_1_227' title='bbox 1086 2525 1181 2588; x_wconf 76' lang='lat' dir='ltr'>armis</span> <span class='ocrx_word' id='word_1_228' title='bbox 1193 2527 1305 2591; x_wconf 84' lang='lat' dir='ltr'>socium</span> <span class='ocrx_word' id='word_1_229' title='bbox 1326 2548 1364 2590; x_wconf 81' lang='lat' dir='ltr'>ea</span> 
     </span>
     <span class='ocr_line' id='line_1_29' title="bbox 303 2608 1364 2696; baseline 0.002 -22"><span class='ocrx_word' id='word_1_230' title='bbox 303 2611 387 2676; x_wconf 79' lang='lat' dir='ltr'>hoste</span> <span class='ocrx_word' id='word_1_231' title='bbox 395 2609 515 2696; x_wconf 83' lang='lat' dir='ltr'>facias.</span> <span class='ocrx_word' id='word_1_232' title='bbox 559 2609 600 2673; x_wconf 85' lang='lat' dir='ltr'>Iu</span> <span class='ocrx_word' id='word_1_233' title='bbox 619 2608 733 2672; x_wconf 84' lang='lat' dir='ltr'>belluas</span> <span class='ocrx_word' id='word_1_234' title='bbox 750 2609 928 2672; x_wconf 71' lang='lat' dir='ltr'>strinximus</span> <span class='ocrx_word' id='word_1_235' title='bbox 935 2610 1071 2693; x_wconf 81' lang='lat' dir='ltr'>ferrum.</span> <span class='ocrx_word' id='word_1_236' title='bbox 1096 2612 1294 2688; x_wconf 73' lang='lat' dir='ltr'>hauriendis,</span> <span class='ocrx_word' id='word_1_237' title='bbox 1308 2621 1364 2676; x_wconf 78' lang='lat' dir='ltr'>aaa</span> 
     </span>
     <span class='ocr_line' id='line_1_30' title="bbox 303 2693 1364 2782; baseline 0 -21"><span class='ocrx_word' id='word_1_238' title='bbox 303 2699 423 2762; x_wconf 81' lang='lat' dir='ltr'>dandus</span> <span class='ocrx_word' id='word_1_239' title='bbox 436 2706 481 2762; x_wconf 88' lang='lat' dir='ltr'>est</span> <span class='ocrx_word' id='word_1_240' title='bbox 492 2693 626 2780; x_wconf 57' lang='lat' dir='ltr'>saum.</span> <span class='ocrx_word' id='word_1_241' title='bbox 666 2694 855 2776; x_wconf 69' lang='lat' dir='ltr'>Propulritis</span> <span class='ocrx_word' id='word_1_242' title='bbox 868 2717 889 2756; x_wconf 91' lang='lat' dir='ltr'>a</span> <span class='ocrx_word' id='word_1_243' title='bbox 903 2697 1022 2772; x_wconf 85' lang='lat' dir='ltr'>castris,</span> <span class='ocrx_word' id='word_1_244' title='bbox 1033 2694 1178 2780; x_wconf 76' lang='lat' dir='ltr'>”supina</span> <span class='ocrx_word' id='word_1_245' title='bbox 1189 2699 1270 2762; x_wconf 84' lang='lat' dir='ltr'>nuile</span> <span class='ocrx_word' id='word_1_246' title='bbox 1279 2718 1364 2782; x_wconf 83' lang='lat' dir='ltr'>prae·</span> 
     </span>
     <span class='ocr_line' id='line_1_31' title="bbox 303 2779 1364 2867; baseline 0.001 -20"><span class='ocrx_word' id='word_1_247' title='bbox 303 2785 412 2865; x_wconf 69' lang='lat' dir='ltr'>amites</span> <span class='ocrx_word' id='word_1_248' title='bbox 425 2783 538 2866; x_wconf 81' lang='lat' dir='ltr'>egistis,</span> <span class='ocrx_word' id='word_1_249' title='bbox 553 2781 660 2844; x_wconf 82' lang='lat' dir='ltr'>stratis</span> <span class='ocrx_word' id='word_1_250' title='bbox 672 2779 845 2862; x_wconf 65' lang='lat' dir='ltr'>emporibus</span> <span class='ocrx_word' id='word_1_251' title='bbox 857 2781 985 2846; x_wconf 78' lang='lat' dir='ltr'>hortium</span> <span class='ocrx_word' id='word_1_252' title='bbox 999 2784 1187 2865; x_wconf 69' lang='lat' dir='ltr'>asportatis.</span> <span class='ocrx_word' id='word_1_253' title='bbox 1226 2783 1364 2867; x_wconf 77' lang='lat' dir='ltr'>Compla-</span> 
     </span>
     <span class='ocr_line' id='line_1_32' title="bbox 303 2867 1364 2953; baseline 0.001 -21"><span class='ocrx_word' id='word_1_254' title='bbox 303 2879 335 2933; x_wconf 85' lang='lat' dir='ltr'>te</span> <span class='ocrx_word' id='word_1_255' title='bbox 348 2869 451 2932; x_wconf 76' lang='lat' dir='ltr'>radon</span> <span class='ocrx_word' id='word_1_256' title='bbox 464 2877 567 2951; x_wconf 81' lang='lat' dir='ltr'>strage</span> <span class='ocrx_word' id='word_1_257' title='bbox 579 2886 717 2947; x_wconf 86' lang='lat' dir='ltr'>campos:</span> <span class='ocrx_word' id='word_1_258' title='bbox 740 2885 801 2948; x_wconf 85' lang='lat' dir='ltr'>qua</span> <span class='ocrx_word' id='word_1_259' title='bbox 815 2875 927 2932; x_wconf 77' lang='lat' dir='ltr'>montes</span> <span class='ocrx_word' id='word_1_260' title='bbox 940 2869 1087 2949; x_wconf 83' lang='lat' dir='ltr'>replestis.</span> <span class='ocrx_word' id='word_1_261' title='bbox 1122 2867 1228 2933; x_wconf 80' lang='lat' dir='ltr'>Nolite</span> <span class='ocrx_word' id='word_1_262' title='bbox 1242 2891 1364 2953; x_wconf 78' lang='lat' dir='ltr'>suspec-</span> 
     </span>
     <span class='ocr_line' id='line_1_33' title="bbox 303 2943 1453 3042; baseline 0.003 -24"><span class='ocrx_word' id='word_1_263' title='bbox 303 2964 382 3029; x_wconf 82' lang='lat' dir='ltr'>tare,</span> <span class='ocrx_word' id='word_1_264' title='bbox 397 2955 466 3016; x_wconf 86' lang='lat' dir='ltr'>dum</span> <span class='ocrx_word' id='word_1_265' title='bbox 480 2961 595 3016; x_wconf 86' lang='lat' dir='ltr'>stantes</span> <span class='ocrx_word' id='word_1_266' title='bbox 608 2971 660 3014; x_wconf 87' lang='lat' dir='ltr'>vos</span> <span class='ocrx_word' id='word_1_267' title='bbox 666 2949 812 3042; x_wconf 65' lang='lat' dir='ltr'>fi‘gi‘l&#39;ll·</span> <span class='ocrx_word' id='word_1_268' title='bbox 831 2952 992 3038; x_wconf 63' lang='lat' dir='ltr'>irp‘erenda</span> <span class='ocrx_word' id='word_1_269' title='bbox 1006 2963 1076 3017; x_wconf 84' lang='lat' dir='ltr'>sunt</span> <span class='ocrx_word' id='word_1_270' title='bbox 1088 2943 1188 3038; x_wconf 81' lang='lat' dir='ltr'>sigua,</span> <span class='ocrx_word' id='word_1_271' title='bbox 1205 2965 1235 3019; x_wconf 85' lang='lat' dir='ltr'>et</span> <span class='ocrx_word' id='word_1_272' title='bbox 1249 2958 1365 3020; x_wconf 86' lang='lat' dir='ltr'>vaderr-</span> <span class='ocrx_word' id='word_1_273' title='bbox 1446 2995 1453 3007; x_wconf 93' lang='lat'><strong>·</strong></span> 
     </span>
     <span class='ocr_line' id='line_1_34' title="bbox 304 3033 1364 3126; baseline 0.002 -22"><span class='ocrx_word' id='word_1_274' title='bbox 304 3041 374 3104; x_wconf 79' lang='lat' dir='ltr'>rium</span> <span class='ocrx_word' id='word_1_275' title='bbox 389 3041 422 3103; x_wconf 84' lang='lat' dir='ltr'>in</span> <span class='ocrx_word' id='word_1_276' title='bbox 441 3039 561 3102; x_wconf 74' lang='lat' dir='ltr'>iusim</span> <span class='ocrx_word' id='word_1_277' title='bbox 586 3033 671 3113; x_wconf 82' lang='lat' dir='ltr'>¹His</span> <span class='ocrx_word' id='word_1_278' title='bbox 692 3035 959 3102; x_wconf 87' lang='lat' dir='ltr'>adhortationibus</span> <span class='ocrx_word' id='word_1_279' title='bbox 979 3038 1092 3102; x_wconf 89' lang='lat' dir='ltr'>lterum</span> <span class='ocrx_word' id='word_1_280' title='bbox 1115 3040 1215 3104; x_wconf 88' lang='lat' dir='ltr'>coorti</span> <span class='ocrx_word' id='word_1_281' title='bbox 1241 3039 1364 3126; x_wconf 86' lang='lat' dir='ltr'>pellunt</span> 
     </span>
     <span class='ocr_line' id='line_1_35' title="bbox 303 3119 1363 3209; baseline 0.003 -20"><span class='ocrx_word' id='word_1_282' title='bbox 303 3125 376 3190; x_wconf 89' lang='lat' dir='ltr'>loco</span> <span class='ocrx_word' id='word_1_283' title='bbox 405 3123 524 3209; x_wconf 87' lang='lat' dir='ltr'>primos</span> <span class='ocrx_word' id='word_1_284' title='bbox 551 3119 728 3207; x_wconf 88' lang='lat' dir='ltr'>manipulos</span> <span class='ocrx_word' id='word_1_285' title='bbox 753 3121 937 3198; x_wconf 68' lang='lat' dir='ltr'>Gallorum</span> <span class='ocrx_word' id='word_1_286' title='bbox 964 3125 1071 3188; x_wconf 87' lang='lat' dir='ltr'>cuneis</span> <span class='ocrx_word' id='word_1_287' title='bbox 1096 3125 1211 3192; x_wconf 91' lang='lat' dir='ltr'>deinde</span> <span class='ocrx_word' id='word_1_288' title='bbox 1236 3129 1270 3190; x_wconf 89' lang='lat' dir='ltr'>iu</span> <span class='ocrx_word' id='word_1_289' title='bbox 1298 3149 1363 3192; x_wconf 86' lang='lat' dir='ltr'>me·</span> 
     </span>
     <span class='ocr_line' id='line_1_36' title="bbox 304 3207 1363 3298; baseline 0.003 -23"><span class='ocrx_word' id='word_1_290' title='bbox 304 3209 393 3276; x_wconf 86' lang='lat' dir='ltr'>diurit</span> <span class='ocrx_word' id='word_1_291' title='bbox 414 3231 528 3298; x_wconf 77' lang='lat' dir='ltr'>agmen</span> <span class='ocrx_word' id='word_1_292' title='bbox 554 3219 775 3294; x_wconf 88' lang='lat' dir='ltr'>perrumpunt.</span> <span class='ocrx_word' id='word_1_293' title='bbox 819 3207 901 3272; x_wconf 88' lang='lat' dir='ltr'>inde</span> <span class='ocrx_word' id='word_1_294' title='bbox 922 3208 1049 3274; x_wconf 88' lang='lat' dir='ltr'>barbari</span> <span class='ocrx_word' id='word_1_295' title='bbox 1073 3211 1225 3297; x_wconf 85' lang='lat' dir='ltr'>dissipati,</span> <span class='ocrx_word' id='word_1_296' title='bbox 1246 3211 1363 3298; x_wconf 86' lang='lat' dir='ltr'>quibus</span> 
     </span>
     <span class='ocr_line' id='line_1_37' title="bbox 304 3289 1447 3384; baseline 0.001 -22"><span class='ocrx_word' id='word_1_297' title='bbox 304 3319 363 3362; x_wconf 89' lang='lat' dir='ltr'>nec</span> <span class='ocrx_word' id='word_1_298' title='bbox 387 3310 473 3362; x_wconf 88' lang='lat' dir='ltr'>certa</span> <span class='ocrx_word' id='word_1_299' title='bbox 496 3293 640 3380; x_wconf 84' lang='lat' dir='ltr'>imperia,</span> <span class='ocrx_word' id='word_1_300' title='bbox 665 3315 724 3359; x_wconf 87' lang='lat' dir='ltr'>uec</span> <span class='ocrx_word' id='word_1_301' title='bbox 749 3293 845 3359; x_wconf 89' lang='lat' dir='ltr'>duces</span> <span class='ocrx_word' id='word_1_302' title='bbox 869 3309 983 3375; x_wconf 87' lang='lat' dir='ltr'>essent,</span> <span class='ocrx_word' id='word_1_303' title='bbox 1005 3309 1132 3361; x_wconf 83' lang='lat' dir='ltr'>vertunt</span> <span class='ocrx_word' id='word_1_304' title='bbox 1160 3299 1304 3384; x_wconf 89' lang='lat' dir='ltr'>inpetum</span> <span class='ocrx_word' id='word_1_305' title='bbox 1330 3299 1363 3363; x_wconf 91' lang='lat' dir='ltr'>in</span> <span class='ocrx_word' id='word_1_306' title='bbox 1432 3289 1447 3310; x_wconf 70' lang='lat'>⁸</span> 
     </span>
     <span class='ocr_line' id='line_1_38' title="bbox 303 3381 1364 3474; baseline 0.001 -26"><span class='ocrx_word' id='word_1_307' title='bbox 303 3405 395 3459; x_wconf 87' lang='lat' dir='ltr'>auos;</span> <span class='ocrx_word' id='word_1_308' title='bbox 417 3381 537 3468; x_wconf 86' lang='lat' dir='ltr'>iirsique</span> <span class='ocrx_word' id='word_1_309' title='bbox 558 3402 616 3468; x_wconf 91' lang='lat' dir='ltr'>per</span> <span class='ocrx_word' id='word_1_310' title='bbox 636 3403 774 3466; x_wconf 87' lang='lat' dir='ltr'>campos,</span> <span class='ocrx_word' id='word_1_311' title='bbox 791 3395 821 3457; x_wconf 89' lang='lat' dir='ltr'>et</span> <span class='ocrx_word' id='word_1_312' title='bbox 842 3395 959 3465; x_wconf 80' lang='lat' dir='ltr'>proeter</span> <span class='ocrx_word' id='word_1_313' title='bbox 979 3395 1081 3447; x_wconf 88' lang='lat' dir='ltr'>castra</span> <span class='ocrx_word' id='word_1_314' title='bbox 1098 3383 1191 3448; x_wconf 87' lang='lat' dir='ltr'>etiarn</span> <span class='ocrx_word' id='word_1_315' title='bbox 1216 3407 1273 3449; x_wconf 88' lang='lat' dir='ltr'>sua</span> <span class='ocrx_word' id='word_1_316' title='bbox 1288 3383 1364 3474; x_wconf 78' lang='lat' dir='ltr'>iuga</span> 
     </span>
     <span class='ocr_line' id='line_1_39' title="bbox 327 3466 1364 3556; baseline 0.002 -24"><span class='ocrx_word' id='word_1_317' title='bbox 327 3467 436 3545; x_wconf 67' lang='lat' dir='ltr'>relati,</span> <span class='ocrx_word' id='word_1_318' title='bbox 456 3467 540 3556; x_wconf 92' lang='lat' dir='ltr'>quod</span> <span class='ocrx_word' id='word_1_319' title='bbox 564 3466 769 3532; x_wconf 87' lang='lat' dir='ltr'>editissimum</span> <span class='ocrx_word' id='word_1_320' title='bbox 790 3467 872 3532; x_wconf 91' lang='lat' dir='ltr'>inter</span> <span class='ocrx_word' id='word_1_321' title='bbox 897 3489 925 3532; x_wconf 85' lang='lat' dir='ltr'><strong>ae</strong></span> <span class='ocrx_word' id='word_1_322' title='bbox 947 3469 1033 3534; x_wconf 89' lang='lat' dir='ltr'>uales</span> <span class='ocrx_word' id='word_1_323' title='bbox 1053 3472 1192 3534; x_wconf 89' lang='lat' dir='ltr'>tumulos</span> <span class='ocrx_word' id='word_1_324' title='bbox 1213 3471 1364 3537; x_wconf 90' lang='lat' dir='ltr'>obcurre-</span> 
     </span>
     <span class='ocr_line' id='line_1_40' title="bbox 303 3491 1364 3638; baseline 0.001 -17"><span class='ocrx_word' id='word_1_325' title='bbox 303 3491 359 3621; x_wconf 77' lang='lat' dir='ltr'>lu</span> <span class='ocrx_word' id='word_1_326' title='bbox 372 3553 481 3632; x_wconf 89' lang='lat' dir='ltr'>oculis,</span> <span class='ocrx_word' id='word_1_327' title='bbox 497 3575 601 3618; x_wconf 87' lang='lat' dir='ltr'>arcem</span> <span class='ocrx_word' id='word_1_328' title='bbox 618 3553 775 3618; x_wconf 78' lang='lat' dir='ltr'>Albanam</span> <span class='ocrx_word' id='word_1_329' title='bbox 790 3566 911 3638; x_wconf 84' lang='lat' dir='ltr'>petunt.</span> <span class='ocrx_word' id='word_1_330' title='bbox 970 3553 1101 3634; x_wconf 70' lang='lat' dir='ltr'>Canem,</span> <span class='ocrx_word' id='word_1_331' title='bbox 1117 3576 1183 3620; x_wconf 88' lang='lat' dir='ltr'>uon</span> <span class='ocrx_word' id='word_1_332' title='bbox 1199 3557 1282 3622; x_wconf 88' lang='lat' dir='ltr'>ultra</span> <span class='ocrx_word' id='word_1_333' title='bbox 1296 3579 1364 3622; x_wconf 87' lang='lat' dir='ltr'>cas·</span> 
     </span>
    </p>
   </div>
   <div class='ocr_carea' id='block_1_4' title="bbox 712 3710 953 3772">
    <p class='ocr_par' dir='ltr' id='par_1_7' title="bbox 712 3710 953 3772">
     <span class='ocr_line' id='line_1_41' title="bbox 712 3710 953 3772; baseline 0 -14"><span class='ocrx_word' id='word_1_334' title='bbox 712 3710 870 3772; x_wconf 68' lang='lat' dir='ltr'>&#39;lqurom</span> <span class='ocrx_word' id='word_1_335' title='bbox 883 3713 953 3760; x_wconf 85' lang='lat' dir='ltr'>Crsr.</span> 
     </span>
    </p>
   </div>
   <div class='ocr_carea' id='block_1_5' title="bbox 301 3815 1365 4429">
    <p class='ocr_par' dir='ltr' id='par_1_8' title="bbox 301 3815 1365 4429">
     <span class='ocr_line' id='line_1_42' title="bbox 310 3815 317 3840; baseline 0 0"><span class='ocrx_word' id='word_1_336' title='bbox 310 3815 317 3840; x_wconf 79' lang='grc' dir='ltr'>Ι</span> 
     </span>
     <span class='ocr_line' id='line_1_43' title="bbox 336 3852 1364 3921; baseline 0.003 -18"><span class='ocrx_word' id='word_1_337' title='bbox 336 3852 588 3919; x_wconf 57' lang='lat' dir='ltr'>monasteriam]</span> <span class='ocrx_word' id='word_1_338' title='bbox 605 3855 663 3917; x_wconf 71' lang='lat' dir='ltr'>yid.</span> <span class='ocrx_word' id='word_1_339' title='bbox 680 3862 731 3906; x_wconf 85' lang='lat' dir='ltr'>nat.</span> <span class='ocrx_word' id='word_1_340' title='bbox 746 3857 769 3908; x_wconf 74' lang='grc' dir='ltr'>ὅ.</span> <span class='ocrx_word' id='word_1_341' title='bbox 785 3858 817 3904; x_wconf 82' lang='lat' dir='ltr'>ari</span> <span class='ocrx_word' id='word_1_342' title='bbox 848 3857 1020 3919; x_wconf 71' lang='lat' dir='ltr'>modolegitur</span> <span class='ocrx_word' id='word_1_343' title='bbox 1036 3857 1145 3906; x_wconf 69' lang='lat' dir='ltr'>haaron</span> <span class='ocrx_word' id='word_1_344' title='bbox 1156 3861 1222 3920; x_wconf 82' lang='lat' dir='ltr'>apud</span> <span class='ocrx_word' id='word_1_345' title='bbox 1237 3861 1364 3921; x_wconf 63' lang='lat' dir='ltr'>pimus</span> 
     </span>
     <span class='ocr_line' id='line_1_44' title="bbox 305 3917 1365 3984; baseline 0.005 -19"><span class='ocrx_word' id='word_1_346' title='bbox 305 3917 352 3965; x_wconf 86' lang='lat' dir='ltr'>Vi.</span> <span class='ocrx_word' id='word_1_347' title='bbox 364 3919 402 3966; x_wconf 78' lang='lat' dir='ltr'>tt</span> <span class='ocrx_word' id='word_1_348' title='bbox 848 3923 985 3982; x_wconf 81' lang='lat' dir='ltr'>scriptores.</span> <span class='ocrx_word' id='word_1_349' title='bbox 1015 3921 1103 3970; x_wconf 76' lang='lat' dir='ltr'>Telum</span> <span class='ocrx_word' id='word_1_350' title='bbox 1115 3923 1161 3970; x_wconf 77' lang='lat' dir='ltr'>mit</span> <span class='ocrx_word' id='word_1_351' title='bbox 1172 3924 1300 3972; x_wconf 84' lang='lat' dir='ltr'>Gallorum</span> <span class='ocrx_word' id='word_1_352' title='bbox 1310 3937 1365 3984; x_wconf 87' lang='lat' dir='ltr'>pro-</span> 
     </span>
     <span class='ocr_line' id='line_1_45' title="bbox 335 3983 1362 4048; baseline 0.005 -18"><span class='ocrx_word' id='word_1_353' title='bbox 335 3983 368 4035; x_wconf 76' lang='lat'>28</span> <span class='ocrx_word' id='word_1_354' title='bbox 383 3983 480 4031; x_wconf 83' lang='lat' dir='ltr'>Liiraia</span> <span class='ocrx_word' id='word_1_355' title='bbox 489 3983 638 4048; x_wconf 69' lang='lat' dir='ltr'>prudnlim]</span> <span class='ocrx_word' id='word_1_356' title='bbox 655 3985 712 4046; x_wconf 80' lang='lat' dir='ltr'>ipso</span> <span class='ocrx_word' id='word_1_357' title='bbox 726 3987 816 4046; x_wconf 85' lang='lat' dir='ltr'>ponde·</span> <span class='ocrx_word' id='word_1_358' title='bbox 848 3987 938 4046; x_wconf 69' lang='lat' dir='ltr'>prinam</span> <span class='ocrx_word' id='word_1_359' title='bbox 955 3987 986 4034; x_wconf 79' lang='lat' dir='ltr'>aa</span> <span class='ocrx_word' id='word_1_360' title='bbox 1004 3987 1118 4048; x_wconf 72' lang='lat' dir='ltr'>longioris</span> <span class='ocrx_word' id='word_1_361' title='bbox 1136 3987 1228 4035; x_wconf 71' lang='lat' dir='ltr'>husen</span> <span class='ocrx_word' id='word_1_362' title='bbox 1249 3989 1362 4035; x_wconf 73' lang='lat' dir='ltr'>formam.</span> 
     </span>
     <span class='ocr_line' id='line_1_46' title="bbox 302 4044 1362 4109; baseline 0.004 -15"><span class='ocrx_word' id='word_1_363' title='bbox 302 4060 329 4094; x_wconf 82' lang='lat' dir='ltr'>rs</span> <span class='ocrx_word' id='word_1_364' title='bbox 347 4044 430 4109; x_wconf 79' lang='lat' dir='ltr'>adjuta</span> <span class='ocrx_word' id='word_1_365' title='bbox 450 4059 477 4095; x_wconf 90' lang='lat' dir='ltr'>ut</span> <span class='ocrx_word' id='word_1_366' title='bbox 495 4047 655 4109; x_wconf 76' lang='lat' dir='ltr'>dirigerentur</span> <span class='ocrx_word' id='word_1_367' title='bbox 676 4051 774 4105; x_wconf 84' lang='lat' dir='ltr'>certius,</span> <span class='ocrx_word' id='word_1_368' title='bbox 790 4057 816 4097; x_wconf 82' lang='lat' dir='ltr'>et</span> <span class='ocrx_word' id='word_1_369' title='bbox 848 4049 906 4098; x_wconf 77' lang='lat' dir='ltr'>via</span> <span class='ocrx_word' id='word_1_370' title='bbox 926 4049 998 4100; x_wconf 75' lang='lat' dir='ltr'>vua</span> <span class='ocrx_word' id='word_1_371' title='bbox 1017 4051 1048 4097; x_wconf 84' lang='lat' dir='ltr'>tle</span> <span class='ocrx_word' id='word_1_372' title='bbox 1068 4052 1134 4098; x_wconf 77' lang='lat' dir='ltr'>vitiis</span> <span class='ocrx_word' id='word_1_373' title='bbox 1155 4053 1283 4108; x_wconf 66' lang='lat' dir='ltr'>munis,</span> <span class='ocrx_word' id='word_1_374' title='bbox 1303 4053 1321 4100; x_wconf 92' lang='lat' dir='ltr'>l.</span> <span class='ocrx_word' id='word_1_375' title='bbox 1340 4053 1362 4098; x_wconf 89' lang='lat'>1.</span> 
     </span>
     <span class='ocr_line' id='line_1_47' title="bbox 302 4111 907 4174; baseline 0.01 -19"><span class='ocrx_word' id='word_1_376' title='bbox 302 4111 400 4172; x_wconf 66' lang='lat' dir='ltr'>gravius</span> <span class='ocrx_word' id='word_1_377' title='bbox 411 4111 566 4172; x_wconf 73' lang='lat' dir='ltr'>infigerentur</span> <span class='ocrx_word' id='word_1_378' title='bbox 576 4114 723 4174; x_wconf 84' lang='lat' dir='ltr'>corporibus.</span> <span class='ocrx_word' id='word_1_379' title='bbox 850 4127 871 4160; x_wconf 85' lang='lat' dir='ltr'>c.</span> <span class='ocrx_word' id='word_1_380' title='bbox 883 4114 907 4163; x_wconf 81' lang='grc'>2.</span> 
     </span>
     <span class='ocr_line' id='line_1_48' title="bbox 334 4171 1362 4243; baseline 0.005 -21"><span class='ocrx_word' id='word_1_381' title='bbox 334 4171 533 4236; x_wconf 54' lang='lat' dir='ltr'>astrumque</span> <span class='ocrx_word' id='word_1_382' title='bbox 559 4177 620 4222; x_wconf 76' lang='lat' dir='ltr'>ister</span> <span class='ocrx_word' id='word_1_383' title='bbox 640 4173 816 4241; x_wconf 53' lang='lat' dir='ltr'>nuntiare}</span> <span class='ocrx_word' id='word_1_384' title='bbox 880 4180 912 4227; x_wconf 79' lang='lat'>26</span> <span class='ocrx_word' id='word_1_385' title='bbox 928 4179 1018 4242; x_wconf 69' lang='lat' dir='ltr'>Supina</span> <span class='ocrx_word' id='word_1_386' title='bbox 1035 4177 1105 4243; x_wconf 73' lang='lat' dir='ltr'>rade]</span> <span class='ocrx_word' id='word_1_387' title='bbox 1126 4179 1284 4229; x_wconf 73' lang='lat' dir='ltr'>victrices</span> <span class='ocrx_word' id='word_1_388' title='bbox 1301 4182 1362 4228; x_wconf 79' lang='lat' dir='ltr'>uic.</span> 
     </span>
     <span class='ocr_line' id='line_1_49' title="bbox 302 4237 974 4303; baseline 0.006 -19"><span class='ocrx_word' id='word_1_389' title='bbox 302 4237 335 4284; x_wconf 79' lang='lat' dir='ltr'>Et</span> <span class='ocrx_word' id='word_1_390' title='bbox 352 4237 423 4286; x_wconf 80' lang='lat' dir='ltr'>ruins</span> <span class='ocrx_word' id='word_1_391' title='bbox 443 4241 518 4286; x_wconf 84' lang='lat' dir='ltr'>sterni</span> <span class='ocrx_word' id='word_1_392' title='bbox 535 4253 564 4287; x_wconf 82' lang='lat' dir='ltr'>ac</span> <span class='ocrx_word' id='word_1_393' title='bbox 582 4241 678 4288; x_wconf 80' lang='lat' dir='ltr'>devolvi</span> <span class='ocrx_word' id='word_1_394' title='bbox 697 4255 770 4303; x_wconf 80' lang='lat' dir='ltr'>supra</span> <span class='ocrx_word' id='word_1_395' title='bbox 789 4255 816 4290; x_wconf 84' lang='lat' dir='ltr'>se</span> <span class='ocrx_word' id='word_1_396' title='bbox 848 4241 887 4289; x_wconf 77' lang='lat' dir='ltr'>rt</span> <span class='ocrx_word' id='word_1_397' title='bbox 900 4243 915 4288; x_wconf 80' lang='lat' dir='ltr'>i</span> <span class='ocrx_word' id='word_1_398' title='bbox 928 4243 974 4290; x_wconf 86' lang='lat' dir='ltr'>vt.</span> 
     </span>
     <span class='ocr_line' id='line_1_50' title="bbox 301 4305 1362 4372; baseline 0.004 -22"><span class='ocrx_word' id='word_1_399' title='bbox 301 4309 397 4351; x_wconf 82' lang='lat' dir='ltr'>mutuo.</span> <span class='ocrx_word' id='word_1_400' title='bbox 880 4306 911 4354; x_wconf 75' lang='grc'>27</span> <span class='ocrx_word' id='word_1_401' title='bbox 929 4308 1017 4356; x_wconf 72' lang='lat' dir='ltr'>Cosmi</span> <span class='ocrx_word' id='word_1_402' title='bbox 1031 4305 1083 4356; x_wconf 77' lang='lat' dir='ltr'>uoa&#39;</span> <span class='ocrx_word' id='word_1_403' title='bbox 1095 4307 1170 4372; x_wconf 65' lang='lat' dir='ltr'>dira]</span> <span class='ocrx_word' id='word_1_404' title='bbox 1191 4308 1265 4356; x_wconf 84' lang='lat' dir='ltr'>Hune</span> <span class='ocrx_word' id='word_1_405' title='bbox 1282 4311 1362 4358; x_wconf 86' lang='lat' dir='ltr'>iocum</span> 
     </span>
     <span class='ocr_line' id='line_1_51' title="bbox 333 4365 1363 4429; baseline 0.005 -15"><span class='ocrx_word' id='word_1_406' title='bbox 333 4366 364 4414; x_wconf 73' lang='lat'>23</span> <span class='ocrx_word' id='word_1_407' title='bbox 380 4365 489 4429; x_wconf 80' lang='lat' dir='ltr'>Mutari]</span> <span class='ocrx_word' id='word_1_408' title='bbox 506 4367 561 4416; x_wconf 79' lang='lat' dir='ltr'>sive</span> <span class='ocrx_word' id='word_1_409' title='bbox 574 4371 665 4415; x_wconf 64' lang='lat' dir='ltr'>maini</span> <span class='ocrx_word' id='word_1_410' title='bbox 684 4369 737 4418; x_wconf 85' lang='lat' dir='ltr'>iloc</span> <span class='ocrx_word' id='word_1_411' title='bbox 749 4371 815 4418; x_wconf 83' lang='lat' dir='ltr'>eninr</span> <span class='ocrx_word' id='word_1_412' title='bbox 848 4371 984 4420; x_wconf 78' lang='lat' dir='ltr'>Gronovius</span> <span class='ocrx_word' id='word_1_413' title='bbox 1002 4375 1107 4423; x_wconf 69' lang='lat' dir='ltr'>annuat</span> <span class='ocrx_word' id='word_1_414' title='bbox 1124 4374 1150 4420; x_wconf 87' lang='lat' dir='ltr'>in</span> <span class='ocrx_word' id='word_1_415' title='bbox 1172 4379 1231 4422; x_wconf 80' lang='lat' dir='ltr'>reti.</span> <span class='ocrx_word' id='word_1_416' title='bbox 1251 4373 1308 4422; x_wconf 83' lang='lat' dir='ltr'>libb·</span> <span class='ocrx_word' id='word_1_417' title='bbox 1328 4373 1363 4419; x_wconf 83' lang='lat' dir='ltr'>alt</span> 
     </span>
    </p>
   </div>
   <div class='ocr_carea' id='block_1_6' title="bbox 0 0 1544 4928">
    <p class='ocr_par' dir='ltr' id='par_1_9' title="bbox 0 0 1544 4928">
     <span class='ocr_line' id='line_1_52' title="bbox 0 0 1544 4928; baseline 0 0"><span class='ocrx_word' id='word_1_418' title='bbox 0 0 1544 4928; x_wconf 95' lang='lat' dir='ltr'> </span> 
     </span>
    </p>
   </div>
  </div>
 </body>
</html>
