3056 4928
450 149 544 208 ura.
566 147 650 207 v111.
677 145 735 206 an
749 147 782 206 r.
804 147 917 210 xxm.
1155 161 1212 222 nr

153 319 351 384 dictatorem:
375 337 470 401 neque
484 317 523 382 ab
537 318 656 381 eoumle
674 317 813 400 utiquam
834 315 957 398 publice
974 319 1164 402 privatimve
1178 321 1216 382 de
1225 341 1254 388 u.
1265 339 1293 388 c.
1304 340 1358 390 aaa

153 427 193 469 ea
207 407 398 486 rescriptum
414 425 492 467 esse.-
514 425 568 466 nec
582 425 756 487 quemquam
777 405 950 467 mortalium
972 415 1101 482 exstare,
1118 407 1172 488 qui
1185 408 1254 470 sei·
1266 409 1293 454 C·
1303 405 1360 454 ³²⁴·

153 493 268 556 vidisse
281 499 337 553 aut
350 491 471 554 audisse
484 492 561 573 quid
579 491 672 565 dieat,
689 491 770 572 quod
786 492 953 573 auspicium
969 492 1141 555 dirimeret.-
1164 513 1217 556 ne·

153 599 213 662 que
226 597 357 661 augures
371 577 514 640 divinare
527 577 635 638 Βοηιιε
648 577 783 639 sedentes
796 578 943 657 proluisse,
958 579 1034 660 quid
1052 579 1086 640 iu
1108 580 1217 642 eastris

152 665 272 728 costudi
281 663 354 726 uitii
362 661 532 726 ommuni.
563 661 624 725 Cui
637 682 697 724 non
712 663 873 744 adparere,
884 665 965 746 quod
971 663 1109 746 plebeiae
1118 665 1217 727 dicio·

154 751 272 824 torsit,
290 750 325 811 id
335 750 440 811 uitium
455 747 622 831 auguribus
636 749 756 811 uisum?
789 747 874 811 Haeo
889 749 1012 836 aliaque
1026 748 1066 812 ab
1081 749 1217 814 tribunis

154 834 369 920 nequidquam
380 834 518 918 jactata:
542 847 646 896 taurea
664 833 702 895 ad
719 832 936 920 interregnum
953 857 1002 899 res
1016 835 1115 901 redit:
1138 835 1218 900 dila-

156 921 261 1007 tisque
286 921 348 982 ulia
374 935 468 1005 atque
491 919 551 982 alia
576 919 616 982 de
641 929 751 984 caussa
776 921 920 997 comitiis,
945 921 1218 1006 quartusdecimus

156 1007 287 1072 demum
318 1007 456 1070 interrex
480 1005 518 1068 L.
534 1004 680 1089 AEmilius
708 1006 851 1070 consules
873 1020 958 1070 creat
982 1008 1021 1071 C.
1038 1007 1361 1090 Poetelium‚u,c‚429‚

157 1093 200 1159 L.
217 1091 377 1178 Papirium
392 1089 618 1179 Mugillanum.
664 1090 834 1155 Cursorem
851 1092 883 1155 in
899 1091 967 1156 aliis
987 1093 1153 1158 annalibus
1169 1094 1218 1158 in·
1227 1099 1257 1146 A.
1269 1099 1295 1145 0·
1306 1097 1362 1176 328»

157 1181 263 1244 veni0.
1227 1163 1363 1274 Icili‘f‘fjl‘]

205 1265 335 1332 XXIV.
358 1265 512 1330 ⁴⁵Eodem
537 1285 622 1328 anno
645 1263 873 1328 Alexandriam
896 1265 928 1329 in
945 1265 1089 1354 AEgypto
1110 1266 1363 1353 prodi-pisaco„

161 1368 231 1418 tum
259 1351 437 1427 conditam3
469 1349 687 1415 Alexandrum
712 1372 761 1426 ue,
790 1349 880 1436 Epiri
903 1375 1019 1439 regem,
1046 1352 1086 1418 ab
1112 1352 1358 1433 exsulemque&

163 1439 302 1504 Lucano
320 1437 527 1515 interiectum,
544 1435 570 1476 ⁴⁰
580 1447 682 1500 sortes
736 1436 861 1501 monoei
875 1437 963 1502 lovis
986 1453 1099 1503 eventu
1121 1419 1349 1503 adfir-Epm'h

161 1547 277 1590 masse.
324 1523 440 1588 Adeito
459 1523 499 1587 ab
515 1521 699 1586 'Ferentinis
715 1522 746 1584 in
764 1521 887 1588 ltaliam
907 1523 981 1590 data
995 1525 1126 1590 ⁴ldictio
1139 1538 1218 1606 erat,

161 1621 284 1678 caueret
304 1611 502 1674 Acherusiam
525 1630 635 1690 aquam
658 1609 906 1694 Pandosiamque
930 1611 1048 1712 uriom:
1078 1611 1123 1676 iii
1131 1613 1221 1696 faiis

160 1697 226 1782 ejus
240 1699 398 1761 terminium
414 1697 496 1760 dori.
541 1693 569 1758 E
615 1716 654 1758 ue
673 1693 760 1758 ocius
782 1698 957 1760 transmisit
978 1719 1011 1760 m
1035 1697 1170 1778 ltaliam,
1186 1711 1222 1764 ut

1226 1487 1283 1534 tata.

162 1805 260 1870 quam
289 1783 424 1846 maxime
446 1779 600 1866 procule
658 1794 705 1844 set
730 1779 808 1844 urbe
833 1779 988 1848 Pandosia
1012 1785 1044 1848 in
1067 1784 1167 1868 Epiro
1190 1796 1222 1848 et

163 1869 349 1936 Acheronte
368 1869 465 1939 amni,
480 1889 574 1954 quem
600 1887 641 1930 ex
666 1864 840 1930 Molosside
864 1868 1014 1936 fluentem
1029 1871 1062 1936 in
1077 1871 1222 1959 4⁸stagna

163 1955 289 2020 inlerna
303 1955 417 2039 accipit
433 1953 660 2038 Thesprotius⁸
672 1952 768 2016 sinus.
814 1955 962 2020 Ceterum
986 1962 1035 2040 (ut
1054 1959 1151 2021 ferme
1173 1959 1222 2022 su-

161 2041 284 2131 giaodo
299 2043 332 2104 in
352 2040 455 2105 media
470 2038 533 2104 leta
556 2039 671 2118 ruitur)
687 2059 786 2124 quum
802 2061 887 2124 saepe
904 2042 1045 2108 Bruttias
1061 2044 1223 2108 Lucanas·

163 2149 228 2216 que
242 2127 381 2216 legiones
399 2125 546 2201 fudissem
571 2121 762 2188 Heracleam
783 2124 1030 2192 Tarentinorum
1053 2133 1223 2209 coloniam,

546 2287 555 2319 ¹
570 2284 735 2346 auantiae
745 2285 818 2346 Gran.

168 2451 358 2516 quendilorma.
387 2453 471 2500 ilorat.
484 2453 507 2502 1.
515 2451 561 2514 Ep.
572 2453 595 2502 i.
609 2465 629 2499 r.
641 2451 682 2499 82.
714 2444 797 2514 rejecit
808 2454 912 2500 eonditra
922 2453 1075 2500 Alexandria
1086 2458 1191 2511 tempus.

168 2521 271 2578 urgant
290 2517 317 2564 de
338 2524 402 2566 noete
426 2517 533 2564 latrones.
567 2515 615 2564 Cic.
638 2529 681 2576 pro
746 2515 1093 2581 maurimonasterium]
1110 2515 1167 2562 lam
1183 2517 1226 2562 ob·

168 2583 266 2631 Aiuren.
278 2597 303 2630 o.
314 2581 352 2629 22.
375 2583 465 2643 Vigiles
473 2586 499 2628 tu
510 2581 537 2628 de
547 2585 618 2629 norm.
713 2582 862 2628 servavimua
873 2581 904 2628 ed
914 2583 930 2628 1.
944 2583 964 2629 1.
981 2596 1003 2630 c.
1017 2579 1057 2629 56.
1072 2585 1142 2628 rortea
1153 2579 1225 2626 intar-

202 2645 236 2694 lil
250 2647 362 2710 Silentia]
379 2647 479 2694 uiuam
497 2659 592 2706 surgere
611 2657 681 2706 quum
713 2645 847 2692 dumauml
858 2657 901 2706 pro
912 2645 1227 2707 quoviaoraeulireaponao,

167 2711 393 2774 delinquendum
408 2725 453 2757 raon
472 2709 616 2770 interpellari
629 2721 683 2770 quo·
716 2709 790 2756 etiarn
807 2723 865 2757 roae
875 2711 947 2758 edito.
981 2711 1029 2758 llic
1045 2708 1228 2770 possuntintel·

168 2779 249 2824 minue
277 2791 325 2824 rem
352 2781 432 2837 gerat,
451 2775 530 2835 inquit
553 2771 639 2820 liestua
659 2773 683 2819 ln
717 2773 759 2833 ligi
780 2787 842 2820 verae
867 2782 949 2821 metas.
990 2777 1090 2822 Constat
1111 2772 1176 2820 enim
1199 2786 1229 2818 aa

170 2855 230 2890 voce
248 2842 385 2888 Sinistrum.
420 2841 493 2900 Apud
510 2851 567 2884 eum
589 2839 644 2885 eide
658 2839 683 2884 in
716 2837 1024 2887 crassantium.
1042 2836 1228 2885 atilio-69.

171 2908 271 2955 vocibus
289 2905 389 2952 Silentia
407 2910 432 2950 et
450 2902 530 2951 Solida
549 2902 612 2957 selu,
624 2915 684 2963 quo·
716 2903 780 2962 apud
800 2902 938 2962 Dodonam,
955 2911 1042 2964 prater
1059 2903 1193 2956 mirabar,
1204 2908 1229 2949 ot

170 2973 245 3018 modo
266 2970 419 3030 providerent
437 2967 455 3014 li
474 2967 516 3028 qui
535 2967 560 3013 in
579 2968 685 3026 auspicio
717 2980 832 3028 quercum
847 2969 1031 3028 vauelnanaem,
1042 2975 1067 3014 et
1077 2968 1229 3014 Dodonaeum

171 3041 251 3093 erant,
262 3049 293 3081 ne
305 3033 363 3094 quid
374 3030 488 3094 strepitus
498 3031 609 3085 oriretur,
621 3033 686 3091 quod
718 3045 761 3086 aa,
792 3033 866 3078 etiam
892 3042 968 3080 sortes
999 3035 1079 3080 locum
1110 3029 1229 3079 habuuse.

172 3099 406 3160 euameieturbaret.
440 3095 505 3143 ilinc
520 3095 640 3142 silentium
650 3096 687 3143 di·
719 3093 794 3142 Porro
808 3105 884 3144 sortes
899 3099 1035 3151 illarum
1052 3097 1105 3152 tali,
1122 3101 1165 3144 aut
1181 3101 1230 3142 tea·

172 3159 683 3276 periurissimum·
717 3168 841 3278 aa
855 3159 1231 3286 ariamirus

205 3288 237 3339 45
253 3289 342 3338 Eodem
372 3303 432 3336 anno
459 3287 628 3335 Alexandriam
657 3287 684 3335 in
717 3287 775 3334 alibi
790 3283 895 3349 jaciebat
912 3291 963 3350 ime
982 3289 1184 3348 eousrdtor,alibi
1201 3301 1231 3335 ex
1274 3323 1275 3328 ,

173 3357 279 3417 AEgypta
302 3351 423 3414 proditum
454 3351 581 3416 conditam]
617 3351 685 3400 inter
717 3365 779 3398 urna
789 3353 930 3401 extrahebat
941 3367 1007 3414 puer.
1041 3351 1134 3400 Earum
1145 3351 1232 3399 deinde

173 3423 258 3469 doctos
282 3424 378 3466 constat
405 3431 452 3464 noo
485 3415 607 3464 conditam
634 3431 686 3464 erae
720 3424 790 3463 notra
805 3417 1024 3478 interpretabantur
1041 3417 1232 3476 neuimeaia·

173 3485 347 3532 Alexandriam
365 3483 411 3529 hoe
427 3494 500 3535 anno,
514 3494 563 3542 quo
578 3481 688 3528 eonditor
719 3481 797 3541 deque
818 3482 909 3528 oraeuli
934 3495 1076 3541 reeponmm
1103 3480 1232 3529 marinna

173 3545 228 3612 ejus
238 3547 376 3596 Alexander
387 3545 509 3607 Babylone
519 3551 630 3593 mortuus
641 3553 686 3600 eat,
719 3545 786 3594 bant.
820 3543 878 3592 Vld
894 3546 954 3594 Ant.
969 3546 1087 3604 vandale,
1105 3546 1233 3592 Dissertat.

174 3615 270 3660 aedaex
282 3615 406 3672 septemm
422 3615 479 3656 ante
494 3610 573 3656 mnia.
606 3609 688 3670 Suspi-
706 3609 750 3655 ’de
768 3609 920 3658 onmdorum
940 3611 1031 3672 origlm
1046 3619 1070 3658 at
1085 3600 1233 3664 ductoribus.

174 3683 244 3724 eatur
266 3676 366 3736 Pighius
388 3673 413 3720 ln
435 3675 525 3722 Annal.
544 3675 574 3721 ad
596 3687 688 3721 annum
721 3687 741 3720 c·
755 3673 793 3722 la

174 3741 230 3788 420.
251 3751 357 3787 amorem
376 3738 448 3796 Livii,
469 3739 507 3784 vel
526 3751 689 3799 eorumquae
753 3738 785 3787 tt
800 3739 893 3804 Didio]
910 3741 1168 3801 Responsumoraeuli.
1185 3737 1234 3788 Eo·

175 3807 215 3852 hie
225 3805 266 3852 ille
277 3804 483 3864 sequitur‚ortum
495 3815 547 3848 mae
557 3815 588 3848 ox
600 3803 689 3849 emim
720 3803 777 3849 dem
787 3815 860 3851 sensu
871 3806 933 3852 hane
949 3817 1032 3852 vocem
1049 3805 1174 3866 usurparit
1191 3805 1236 3850 Pa·

174 3869 256 3917 illei».
270 3867 358 3929 Papirii
376 3865 495 3923 crassaris,
513 3875 537 3914 et
554 3867 583 3916 C.
595 3865 690 3913 Poetelii
721 3869 816 3916 cavius.
841 3867 1217 3917 viu.t.11.aollerenn.n.t2.

174 3935 312 3988 consulatu,
324 3933 414 3993 dequo
430 3931 575 3991 aupraade.
587 3929 625 3978 lo.
650 3932 690 3978 Ad
754 3931 786 3980 la
801 3931 895 3992 Stagna
920 3933 1025 3997 inferna]
1059 3935 1114 3981 Vox
1141 3933 1234 3996 infirma

175 3999 233 4046 illoa
244 3998 309 4044 enim
321 3997 431 4043 consules
444 3995 617 4042 Alexandriam
632 4007 689 4042 eoo·
721 3996 817 4043 videtur
834 4011 886 4044 esse
905 3999 1000 4060 propria
1015 3999 1144 4059 appellatio
1155 3998 1235 4057 stagni

175 4063 254 4110 ditam
270 4061 343 4108 refert
360 4059 466 4118 Solinus,
487 4059 602 4126 Polylriat.
616 4059 688 4108 αδδ.
721 4056 839 4123 alicujuae
864 4061 964 4110 soram
989 4061 1130 4111 Acherusia
1158 4061 1234 4124 ipsius

175 4127 244 4182 Quos
260 4137 336 4186 quum
348 4138 396 4170 oon
412 4125 585 4170 memoraverit
595 4123 689 4180 Liviae,
721 4125 825 4184 paludis,
837 4128 876 4174 cul
887 4127 933 4174 hoc
949 4141 1038 4175 nomen
1059 4129 1164 4175 inditum
1183 4137 1234 4172 essa

175 4191 202 4238 lo
220 4183 546 4250 murmurmurmur„
565 4188 691 4249 Papirium
721 4190 827 4250 potuita
837 4191 947 4252 populari
954 4193 1076 4254 opinione,
1089 4205 1146 4257 quae
1155 4191 1234 4238 Ache·

178 4254 353 4316 Mugillanum,
379 4253 407 4302 c.
429 4251 558 4300 rourum
590 4253 690 4310 iterum,
721 4259 818 4302 moiun
831 4255 933 4304 aunum
946 4257 972 4302 in
990 4257 1177 4304 intermesedea
1193 4265 1236 4316 per

175 4319 304 4368 aomiauar
318 4315 477 4366 aimillnrdlna
492 4317 615 4378 amplus,
626 4319 691 4366 male
722 4320 902 4381 eampaludem
913 4321 993 4370 delabi
1004 4323 1116 4384 ingebm.
1150 4331 1153 4340 ¹
