2978 4918
348 211 404 276 170
682 245 685 255 ·
762 207 874 272 TlTl
902 209 1037 270 Livii

186 392 320 443 uuest
390 371 485 436 XVI.
515 371 667 436 Diluoere
695 393 744 436 res
776 373 876 460 mugis
889 410 892 418 ,
907 373 1055 438 Patribus
1086 383 1118 436 et
1162 393 1181 436 e
1209 367 1386 435 oonsulibus.

185 457 319 508 lic-iffi
367 470 462 522 rueter
482 479 520 522 oe
540 470 656 536 temen,
699 481 749 524 uoe
769 456 1053 541 denuntiabantur,
1075 481 1117 524 ne
1162 457 1317 534 eientium,
1332 477 1387 520 neu

344 481 538 610 ¹dubinorum
554 544 588 609 id
602 481 767 609 consilium
789 561 878 622 esset,
894 549 1026 611 timere:
1050 559 1092 624 et,
1108 565 1205 632 quum
1221 557 1338 608 tentum
1359 543 1386 605 in

346 631 425 695 urbe
446 629 583 697 hostium
611 643 702 710 esset,
725 653 800 696 mox
823 631 949 698 sabine
973 632 1178 718 Etrusooeque
1201 629 1335 737 legiones
1353 649 1388 692 ex

345 717 522 803 composito
536 717 695 795 edessent3
715 733 785 782 tum
799 720 911 782 aeterni
922 718 1027 785 hostes
1045 719 1147 784 Volsci
1162 731 1194 782 et
1209 715 1318 802 AEqui,
1332 735 1388 778 non

346 803 387 868 ed
412 803 623 889 populendos,
645 817 785 880 utente,
809 805 896 884 fines,
916 804 971 869 sed
993 805 1033 870 ed
1055 805 1177 882 urbem,
1194 815 1229 868 ut
1250 825 1289 867 ex
1308 815 1391 886 perte

347 902 484 975 captam,
515 891 666 956 venirent.
712 891 811 956 Multi
840 904 870 957 et
898 892 976 956 varii
1006 893 1144 956 timores.
1175 891 1258 954 inter
1282 903 1391 952 ceteros

345 978 506 1042 eminebat
526 990 630 1042 terror
651 977 783 1052 servilis,
799 999 841 1042 ne
861 999 934 1044 suus
952 979 1065 1065 cuique
1086 978 1172 1041 domi
1194 976 1292 1041 hostis
1311 985 1391 1038 esset.

346 1064 398 1128 cui
419 1083 478 1129 neo
493 1064 632 1142 credere,
648 1086 706 1144 nep
730 1086 793 1128 non
814 1064 982 1140 credendo,
998 1087 1039 1129 ne
1060 1064 1203 1148 ipsestior
1217 1062 1315 1138 lieret,
1328 1057 1392 1122 rifi,

346 1149 419 1215 dem
442 1151 605 1240 ebrogure,
621 1152 695 1216 sutis
711 1163 780 1215 erut
801 1163 916 1216 tutum.
959 1149 1060 1216 ”vix
1087 1173 1125 1215 uo
1146 1147 1317 1214 concordie
1335 1145 1393 1212 sisti

345 1237 512 1303 videbatur
531 1259 635 1324 posse.
659 1251 792 1315 tentum,
808 1237 1027 1322 superantibus
1047 1173 1117 1302 ulie
1130 1235 1203 1302 παι
1217 1234 1394 1320 emergenti·

347 1325 406 1389 bus
427 1325 528 1399 melis,
544 1347 638 1389 nemo
659 1325 804 1389 tribunos
818 1337 872 1388 uut
893 1324 1017 1409 plebem
1040 1323 1181 1388 timebat.
1206 1335 1394 1388 mansuetum

345 1411 379 1476 id
390 1412 520 1489 melum,
530 1425 561 1476 et
575 1432 633 1496 per
647 1410 781 1475 eliorum
793 1409 928 1494 quietem
945 1409 1099 1475 mulorum
1112 1431 1238 1496 semper
1251 1409 1394 1480 exoriens,

345 1513 476 1584 tumque
501 1519 567 1561 esse
593 1499 760 1584 peregrino
781 1510 901 1561 terrore
923 1497 1060 1582 sopitum
1082 1495 1262 1562 videbatur.
1306 1493 1349 1560 At
1367 1491 1395 1556 id

344 1605 446 1671 prope
459 1602 557 1668 uuum
575 1583 712 1648 maxime
726 1582 883 1648 inclinetis
904 1583 997 1649 rebus
1016 1583 1169 1649 incubuit.
1193 1595 1299 1648 tentus
1319 1579 1395 1646 euim

345 1670 490 1738 tribunos
511 1669 601 1734 l'uror
615 1670 727 1746 tenuit,
746 1682 780 1734 ut
802 1689 866 1733 non
889 1667 1019 1746 bellum,
1036 1668 1092 1734 sed
1107 1691 1221 1735 venem
1237 1669 1396 1756 imaginem

345 1755 431 1834 belli,
448 1756 489 1820 ad
503 1757 687 1821 evertendos
702 1758 742 1818 ab
761 1755 838 1840 legis
853 1778 930 1821 cure
943 1755 1044 1842 plebis
1058 1757 1193 1837 animos,
1208 1753 1397 1838 Capitolium

184 1856 287 1904 insunt
346 1843 498 1910 insedisse
511 1841 758 1907 contenderent:
782 1843 986 1927 patriciorum
1007 1842 1148 1930 hospites
1160 1843 1363 1929 clientesque,
1375 1837 1398 1901 si

184 1927 320 2032 ”ng
346 1933 469 2017 perlate
493 1928 564 2013 lege
588 1927 705 1993 frustra
729 1928 939 1994 tumultuatos
959 1951 1028 1994 esee
1049 1951 1083 1994 se
1103 1931 1255 2009 sentient,
1278 1927 1398 2015 majore,

183 1999 456 2169 ffmifnpeuemd
466 2013 760 2181 veffiQsssemi?
773 2015 922 2164 ebiturps
957 2015 1399 2168 bConciliumsipdeuiegipepp:

184 2127 236 2163 rm.
378 2125 435 2168 reu
458 2125 486 2168 ee
642 2123 776 2168 eremo
864 2125 957 2166 uon
1000 2123 1105 2166 ermis.
1196 2124 1240 2168 ns
1276 2123 1307 2166 m
1327 2122 1358 2164 ιιι

345 2191 407 2255 rim
420 2189 567 2256 eonsules
587 2188 717 2268 hubent,
732 2123 980 2275 aliopdepmujore
994 2188 1035 2254 eb
1050 2189 1188 2254 tribunis
1203 2202 1291 2255 meru
1306 2198 1399 2252 osten·

346 2276 452 2354 dente,
468 2297 563 2362 quum
579 2297 673 2362 quem
688 2289 863 2340 nocturnus
877 2275 974 2339 hostie
989 2275 1147 2341 intulerat.
1320 2284 1323 2293 '

229 2361 233 2370 ’
390 2363 504 2430 XVII.
530 2363 700 2449 Postquam
727 2383 815 2427 arms
841 2362 928 2447 poni,
951 2374 983 2425 et
1006 2361 1171 2426 discedere
1196 2361 1342 2426 homines
1365 2357 1400 2421 ub

184 2455 299 2504 Vd‘rlu·
346 2450 534 2517 stationibus
561 2450 747 2514 nunciatum
777 2461 833 2526 est,
862 2448 898 2512 P.
922 2447 1076 2526 Vulerius,
1106 2448 1233 2598 collepe
1265 2458 1401 2513 sonatum

184 2523 318 2634 wlff*
346 2539 514 2619 retinente,
535 2559 568 2601 se
588 2557 630 2600 ex
651 2536 740 2599 euris
761 2533 904 2622 proripit,
926 2534 1000 2598 inde
1022 2537 1054 2598 in
1075 2534 1102 2578 ⁷⁴
1111 2545 1200 2620 temp
1215 2557 1270 2600 um
1292 2534 1332 2599 ud
1353 2531 1402 2596 tri-

184 2651 301 2700 entum,
347 2626 451 2690 bunos
464 2623 566 2688 venit:
588 2623 674 2698 Quid
686 2623 741 2688 doc
755 2624 803 2685 rei
816 2632 869 2698 est,
886 2621 997 2706 inquit,
1010 2621 1156 2686 tribuni?
1170 2621 1238 2706 Ap.
1252 2618 1403 2686 Herdonii

348 2715 439 2776 droeiu
453 2719 483 2774 et
497 2711 634 2792 auspicio
648 2707 859 2789 rempublicam
873 2709 1008 2771 euersuri
1021 2709 1119 2772 estis?
1147 2708 1320 2792 Tumfleiie
1330 2705 1404 2771 uubis

346 2794 662 2878 conrumpeudirfuit,
678 2795 733 2876 qui
752 2795 879 2857 seruitio
894 2803 993 2858 vestra
1015 2813 1077 2856 uon
1096 2793 1402 2859 commouit'uuctorl

349 2885 449 2961 Quum
463 2883 560 2944 hostes
573 2901 668 2962 supra
682 2887 775 2961 caput
787 2881 860 2955 sint,
877 2881 993 2944 discedi
1005 2880 1045 2944 ab
1059 2881 1165 2957 deruis,
1181 2884 1323 2966 legesque
1322 2877 1407 2966 ferri

340 2972 476 3055 placet?
490 2964 581 3046 lude
595 2964 634 3028 ud
657 2965 892 3029 multitudinem
912 2966 1055 3032 oratione
1069 2987 1175 3031 verse:
1200 2970 1239 3033 Si
1252 2989 1305 3032 vos
1318 2965 1404 3040 urbis,

351 3055 499 3132 Quirites,
515 3054 651 3118 sivestri
671 3053 757 3115 nulio
769 3073 846 3119 rura
860 3055 964 3137 tangit
972 3087 984 3126 ,·
1008 3063 1043 3116 at
1056 3073 1109 3118 uos
1122 3055 1276 3118 oeruninr'
1296 3053 1407 3118 ⁷‘Deor

347 3137 480 3207 vestros*
494 3139 534 3202 ab
554 3137 687 3204 hostibus
707 3148 821 3222 captor.
864 3139 991 3224 Jupiter
1004 3141 1134 3222 optimus
1152 3143 1317 3218 maximus,
1331 3139 1406 3207 Juno

672 3274 685 3316 i
696 3280 781 3324 muru
792 3277 808 3323 l.
817 3278 907 3339 patrios
918 3277 992 3324 Gron.
1005 3277 1074 3324 Creu.

381 3412 411 3463 'il
428 3411 511 3461 Fidem
534 3407 655 3472 adrogare]
684 3409 740 3456 Non
774 3409 862 3456 hebere
894 3408 1034 3472 Virgilium,
1050 3414 1075 3454 et
1093 3407 1153 3454 elion
1173 3419 1260 3456 eureae
1277 3403 1409 3454 numum

349 3481 432 3536 fidem,
443 3491 492 3526 non
511 3475 613 3524 medere
647 3473 686 3522 Sic
706 3475 756 3522 Cic.
772 3488 817 3534 pro
832 3471 861 3527 Q
893 3475 1030 3533 scriptores,
1040 3474 1144 3520 roceum
1159 3478 1220 3519 ente
1235 3473 1354 3520 vocalem·
1371 3467 1410 3512 Vi·

347 3545 421 3592 neec.
436 3558 461 3590 ιι.
478 3541 518 3590 iis
534 3539 615 3602 quidet
633 3537 809 3600 eirogeestdem
819 3539 863 3599 je·
894 3537 1001 3584 dendum
1023 3551 1054 3584 un
1075 3535 1173 3582 admitti
1195 3538 1276 3597 possit
1298 3535 1410 3595 scripture

347 3607 486 3672 rujumedi,
502 3607 519 3652 i.
535 3618 558 3653 e.
572 3603 661 3664 quibus
681 3603 754 3650 tidem
773 3603 862 3650 huben·
895 3601 1019 3649 Sorbouiel
1030 3615 1058 3650 uo
1070 3599 1193 3646 Victorini
1215 3603 1289 3651 codd.
1311 3613 1338 3647 or
1357 3611 1412 3645 nter·

347 3673 406 3720 dem
425 3673 451 3719 in
468 3667 626 3735 jurejurando
646 3679 733 3726 degere
750 3672 777 3713 et
787 3667 804 3714 l.
815 3666 863 3714 lv.
892 3665 1007 3728 gemitus.
1020 3677 1107 3725 nempe
1117 3667 1310 3724 rempublicam.

348 3739 424 3786 Acud.
436 3737 531 3792 Quart.
541 3747 566 3779 n.
577 3731 618 3780 so.
633 3731 751 3790 equaliter
761 3731 865 3778 orneldee
929 3730 961 3778 ii
979 3725 1112 3792 Teruplum]
1129 3729 1191 3776 llere
1209 3731 1314 3778 comitis
1327 3730 1354 3792 in
1365 3727 1411 3772 iuro

347 3801 472 3864 adrogatur
482 3799 552 3862 fider,
568 3797 594 3842 id
612 3801 658 3852 eet,
671 3795 732 3841 nulli
750 3795 863 3844 ereditur.
895 3796 1054 3843 habebuntur.
1088 3793 1190 3841 Comitio
1207 3793 1308 3842 interim
1324 3793 1349 3839 lu
1361 3789 1414 3854 suro

348 3867 515 3914 Reddendum
537 3874 594 3922 ergo
614 3861 655 3908 hic
676 3859 771 3907 videtur
792 3860 864 3906 inune
895 3863 958 3915 seut,
969 3859 1049 3920 iuquit
1059 3857 1172 3904 Valerius
1187 3857 1215 3904 iu
1233 3859 1346 3906 oratioue
1361 3865 1415 3902 mox

348 3923 664 4053 fflidifflffldd
675 3987 748 4051 usur
759 3989 864 4048 venue,
896 3930 1035 4050 'diffie
1047 3923 1301 4048 lilqddmldmudludi,
1312 3923 1351 4033 ii
1364 3929 1416 4042 dli·

349 4061 425 4106 etiem
443 4055 556 4105 eoncordl
573 4059 687 4101 menente
705 4053 813 4114 civitate,
830 4053 864 4100 vi·
896 4059 993 4114 gestum
1008 4065 1040 4098 ex
1060 4064 1109 4112 quo
1128 4051 1223 4096 uiuum
1244 4053 1277 4098 ed
1300 4051 1416 4112 populum

351 4119 689 4180 debeturreeietipoeeehuie
700 4121 772 4166 muln.
806 4117 865 4164 Vid.
896 4117 1107 4227 eoneiopebsntur.
1139 4115 1196 4162 Vid.
1217 4123 1273 4162 not.
1295 4115 1336 4164 10.
1350 4113 1381 4160 ed
1396 4123 1415 4154 c·
1469 4155 1470 4160 ,

351 4185 593 4235 rousteinus.
896 4183 937 4229 56.
948 4183 965 4230 1.
992 4181 1011 4227 1.

384 4249 417 4298 78
432 4249 469 4298 Ae
489 4247 666 4310 maurum]
693 4249 757 4296 itero
779 4248 863 4294 edmo-
929 4239 1417 4308 idDeorputrioe10mneenoetriliSS.

351 4315 422 4374 dum,
432 4321 457 4362 et
468 4315 569 4362 form
580 4325 706 4372 nunquam
720 4311 865 4372 perticulem
896 4317 925 4357 ut
948 4317 1005 4360 ente
1032 4309 1160 4372 sigonium
1187 4307 1332 4371 legebatur,
1359 4305 1416 4353 vu·

351 4393 379 4427 ec
394 4379 498 4442 reperies
515 4379 580 4440 apud
594 4377 745 4436 Ciceronem,
756 4375 864 4433 Livium,
896 4380 988 4425 uestror-
1468 4409 1469 4418 ι
