3008 4908
310 211 370 278 ero
641 267 644 274 .
732 215 846 276 riri
875 214 1029 290 aivu-

151 390 180 437 tt.
192 392 220 438 c.
231 389 289 440 sat.
315 375 413 442 Palati
429 375 483 442 alii
496 398 581 463 pera
622 401 659 443 os
672 379 787 466 panim
804 379 911 444 multis
920 377 1100 455 itineribus,
1124 375 1264 462 majoris,
1302 395 1390 440 uam.

150 455 287 504 ΜΛΝ·
312 473 442 546 accepta
463 477 540 541 erat,
564 465 663 530 cedis
686 467 792 532 nuncii
819 466 953 530 Romam
977 463 1216 533 contenderunt.
1305 463 1394 526 inus.

313 548 532 633 trepidationis
547 549 616 628 fuit,
632 552 720 639 quod
734 567 865 617 eventus
886 551 992 617 timori
1014 549 1181 614 bominum
1196 569 1381 636 congruens

311 632 430 710 fuerat3
464 651 495 700 et
520 638 604 724 quod
632 638 783 714 subsidia,
810 661 883 725 quae
913 638 1105 724 respicerent
1125 637 1158 700 in
1181 657 1216 700 re
1239 633 1379 718 trepida,

314 737 494 806 praeparata
522 737 612 792 eraut
637 728 677 788 ab
703 727 833 789 tribuno
863 725 1017 788 militum:
1045 723 1200 809 jussuque
1222 720 1394 808 ejusdem,·

196 829 198 832 ·
314 809 523 898 perminores
534 812 734 898 magistratus
746 811 855 876 sedato
865 815 897 876 in
912 811 990 874 urbe
1001 809 1149 886 tumultu,
1162 807 1381 893 speculatores

314 915 450 1044 propere
467 896 552 959 {nissi
566 897 765 973 nunciavere,
782 897 913 962 Tusculi
930 897 1026 962 duces
1040 896 1278 981 exercitumque
1293 915 1381 968 ease3

340 993 439 1044 ostem
456 995 557 1046 castra
572 982 643 1048 loco
657 1007 722 1048 non
738 985 882 1048 movisse.
903 997 944 1060 et,
984 982 1046 1046 uod
1060 983 1233 1068 plurimum
1258 980 1382 1044 animo-

151 1075 389 1132 oservtuutrum
414 1065 500 1147 lecit,
522 1068 659 1134 dictator
679 1093 719 1135 ex
744 1007 1016 1135 senatusconsulto
1041 1069 1142 1132 dictus
1164 1067 1208 1144 Q.
1226 1066 1384 1132 Servilius

151 1143 262 1188 ‘um‘
318 1152 466 1234 Priscus3
489 1155 546 1231 vir,
563 1157 652 1240 eujus
669 1156 947 1242 providentiarum
964 1154 1127 1241 republica
1149 1175 1248 1241 quum
1272 1152 1383 1216 multis

316 1241 386 1304 aliis
401 1243 639 1324 tempestatibus
650 1257 723 1308 ante
738 1256 872 1328 experta
886 1243 994 1306 civitas
1009 1254 1086 1316 erat,
1103 1253 1170 1305 turn
1187 1253 1303 1304 eventu
1314 1241 1398 1324 ejus

314 1325 401 1404 belli,
415 1327 502 1413 quod
523 1329 580 1392 uni
601 1341 759 1394 certamen
783 1329 983 1394 tribunorum
1010 1340 1189 1412 suspectum
1212 1338 1288 1390 ante
1313 1347 1381 1390 rem

238 1470 241 1478 ,
316 1412 397 1478 male
422 1431 542 1501 gestam
566 1412 688 1491 fuerat3
722 1417 873 1500 magistro
898 1416 1039 1502 equiturn
1065 1425 1299 1497 casatosque
1316 1412 1384 1496 ipse

316 1499 446 1564 tribuno
463 1501 598 1566 militum
613 1503 751 1566 dictator
776 1515 843 1566 erat
868 1501 981 1577 dictus,
997 1499 1064 1564 lilio
1081 1521 1148 1576 suo,
1167 1511 1202 1564 ut
1220 1498 1385 1564 tradidere

317 1587 459 1672 quidam,
476 1592 563 1672 (nam
579 1587 634 1652 alii
649 1588 783 1652 Ahalam
801 1582 968 1653 Servilium
984 1587 1170 1675 magistrum
1226 1585 1328 1648 ultum
1345 1607 1385 1648 eo

317 1693 403 1736 anno
424 1671 518 1738 fuisse
542 1673 699 1755 scribunt)
722 1696 806 1739 novo
831 1675 972 1738 exercitu
997 1670 1157 1758 profectus
1180 1607 1224 1735 :d
1250 1669 1385 1748 bellum,

317 1757 429 1858 adcitis
440 1760 495 1844 qui
505 1757 638 1824 Tusculi
649 1773 748 1838 erant,
761 1761 827 1825 duo
843 1759 939 1826 millia
953 1781 1100 1846 passuum
1116 1758 1157 1822 ab
1172 1756 1262 1822 hoste
1276 1757 1385 1822 locum

317 1857 427 1910 castris
443 1867 478 1910 ce
504 1846 538 1910 it.

349 1868 510 1996 ·va1i.
533 1932 720 1997 Transierat
734 1955 775 1998 ex
792 1955 826 1998 re
839 1933 919 1998 bene
933 1947 1022 2033 gesta
1043 1929 1192 2017 superbia
1213 1915 1388 2016 neglegen-

318 2017 425 2104 tiaque
440 2018 479 2082 ad
495 2017 628 2103 AEquos‚
644 2041 717 2105 quoe
746 2021 781 2094 iq
805 2021 957 2084 Romanas
979 2017 1114 2084 ducibus
1135 2016 1248 2081 fuerat.
1275 2016 1386 2102 itaque

317 2105 423 2188 primo
437 2104 543 2168 statim
557 2105 674 2190 proelio
696 2128 794 2192 quum
816 2105 952 2171 dictator
977 2105 1118 2190 equitatu
1142 2103 1273 2167 inmisso
1294 2116 1386 2167 ante·

318 2191 466 2278 signattos
495 2190 631 2256 hostium
668 2193 835 2270 turbasset,
862 2193 1021 2280 legionum
1051 2190 1125 2255 inde
1153 2189 1245 2277 signa
1274 2187 1386 2252 inferri

317 2299 455 2363 propere
473 2278 571 2355 'ussit
587 2279 833 2367 signiferumque
847 2301 888 2344 ex
904 2281 970 2343 suis
992 2298 1090 2341 unum
1114 2288 1315 2340 cunctantem
1333 2298 1386 2339 oc·

317 2363 405 2430 uidit.
481 2377 574 2430 antus
588 2365 685 2431 ardor
699 2367 737 2430 etl
753 2365 965 2431 dimicandum
990 2362 1058 2440 suit,
1076 2378 1110 2428 ut
1125 2363 1269 2447 inpetum
1284 2361 1385 2447 AEqui

319 2473 382 2516 non
400 2451 546 2517 tulerint:
569 2452 707 2538 victique
725 2453 792 2518 acie
814 2474 912 2538 quum
934 2450 1009 2551 fuga
1030 2448 1129 2514 effusa
1150 2449 1303 2532 petissent
1317 2470 1386 2512 cas·

317 2551 376 2615 tra,
394 2537 519 2604 brevior
533 2550 676 2623 ternpore
689 2553 723 2604 et
743 2539 914 2603 certamine
936 2557 1039 2600 mmor
1060 2548 1236 2599 castrorum
1256 2533 1385 2622 obpug-

317 2625 407 2688 natio
421 2623 501 2701 fuit,
528 2647 601 2688 uarn
616 2625 769 2708 proelium
782 2625 891 2688 fuerat.
938 2623 1047 2707 Captis
1058 2621 1251 2707 direptisque
1261 2624 1384 2698 castris,

318 2733 415 2796 quum
439 2731 478 2794 pr
532 2733 582 2774 am
604 2710 740 2775 dictator
764 2710 856 2774 militi
879 2710 1091 2784 concessisset,
1113 2707 1275 2792 oecutique
1300 2705 1384 2790 fugi-

319 2809 422 2862 entem
439 2817 479 2860 ex
495 2797 606 2860 castris
628 2797 751 2862 bostem
774 2797 894 2882 equites
917 2795 1161 2870 renunciassent,
1173 2793 1306 2858 'omnes
1323 2793 1387 2859 La·

319 2885 448 2948 vicenos
469 2881 579 2959 victos,
600 2903 749 2970 magnam
772 2895 893 2965 partem
919 2881 1099 2968 AEquorum
1119 2879 1254 2946 Lavicos
1273 2880 1387 2944 eontu-

156 2993 303 3054 uastata
318 2969 421 3058 gisse3
446 2979 577 3069 postero
592 2967 647 3054 die
669 2968 709 3032 ad
725 2969 860 3033 Lavicos
881 2967 997 3069 duetus
1016 2967 1188 3067 exercitus:
1211 2965 1387 3050 oppidum·

156 3060 183 3106 2¹·
320 3077 392 3142 que,
408 3076 529 3119 corone
549 3055 794 3133 circumdatum,
818 3054 908 3119 scalis
930 3065 1059 3138 captum
1084 3075 1121 3117 ac
1142 3053 1304 3137 direptum
1329 3067 1387 3118 est¹

321 3141 480 3218 Dictator,
509 3142 652 3206 exercitu
682 3141 799 3211 victore
830 3140 967 3206 Romam
1004 3139 1146 3217 reducto,
1175 3137 1229 3203 die
1258 3151 1387 3217 octavo,

320 3249 417 3315 quam
440 3241 574 3294 creatus·
592 3243 671 3303 erat,
692 3229 877 3314 magistratu
900 3249 933 3292 se
954 3225 1130 3301 abdicavit3
1153 3239 1185 3290 et
1204 3246 1247 3309 op
1272 3240 1389 3290 ortune

321 3327 459 3392 senatus,
486 3315 670 3402 priusquam
696 3314 738 3379 ab
764 3314 900 3381 tribunis
920 3312 1022 3397 plebi·
1046 3311 1182 3398 agrariae
1204 3334 1237 3376 se
1263 3313 1388 3389 itiones,

322 3403 483 3468 mentione
504 3400 603 3466 inlata
623 3401 664 3473 de
684 3423 763 3488 agro
783 3400 941 3465 lavicano
963 3397 1145 3479 dividendo,
1166 3396 1391 3479 terentesn·
1500 3429 1501 3434 ¹

321 3488 384 3553 suit
397 3487 555 3574 frequens,
567 3487 724 3552 coloniam
741 3486 876 3551 Lavicos
889 3484 1117 3550 deducendam.
1132 3483 1237 3548 coloni
1253 3486 1294 3548 ab
1309 3488 1392 3553 urbe

322 3573 410 3639 mille
435 3588 467 3639 et
492 3574 656 3662 quingenti
684 3574 769 3638 missi
796 3573 873 3636 bina
892 3573 1006 3658 jugera
1030 3585 1229 3655 acceperunt.
1275 3569 1391 3657 Captis

160 3682 298 3734 uesta.
324 3660 462 3738 Laricis,
492 3683 531 3726 ac
560 3660 674 3732 deinde
703 3659 837 3725 tribunis
868 3659 1004 3722 militum
1032 3655 1190 3720 consulari
1220 3671 1390 3741 potestate,
1443 3722 1447 3730 ,

160 3746 298 3860 Ἥῑ*
325 3747 470 3836 Agrippa
499 3745 652 3810 Menenio
679 3747 814 3824 Lanato,
840 3757 872 3810 et
898 3745 938 3811 L.
966 3741 1099 3842 Servilio
1129 3743 1271 3820 Structo,
1294 3757 1328 3810 et
1351 3743 1389 3810 P.

160 3816 315 3928 ffiffi*
327 3833 477 3900 Lucretio
505 3831 707 3918 Tricipitino,
738 3832 851 3896 iterum
881 3828 1030 3895 omnibus
1050 3827 1110 3906 lus,
1134 3841 1167 3894 et
1189 3829 1244 3913 Sp.
1263 3831 1391 3898 Rutilio

160 3943 268 3996 rasta.
327 3921 454 4000 Crasso,
470 3930 502 3984 et
515 3919 700 4006 insequente
710 3923 718 3956 ²
730 3941 816 3983 anno
832 3919 873 3983 A.
884 3915 1074 4002 Sempronio
1086 3915 1237 3980 Atratino
1247 3917 1391 3995 tertium,

325 4023 359 4072 et
377 4005 505 4071 duobus
530 4005 645 4070 iterum
678 4003 727 4069 M.
754 4003 882 4090 Papirio
909 4000 1101 4090 Mugillano,
1131 4016 1163 4066 et
1187 4002 1241 4088 Sp.
1266 4003 1391 4070 Nautio

552 4141 641 4203 'plecta
650 4141 720 4187 Crev.
851 4141 996 4202 ttaeqmtt
1006 4141 1081 4188 Gron.
1093 4141 1163 4187 cres.

358 4252 477 4304 torem
499 4253 627 4301 [armenam
650 4253 734 4317 aeta]
763 4254 840 4302 Nobis
872 4253 946 4301 minis
962 4255 1127 4315 precedentis.
1159 4253 1393 4300 Certenibileaest

327 4325 439 4378 quincta
464 4324 501 4364 est
532 4319 615 4366 ultima
643 4333 699 4372 vox,
723 4326 839 4379 tanquam
872 4331 949 4378 opust
975 4326 1000 4368 et
1022 4333 1051 4366 ea
1071 4331 1199 4379 suppressa
1220 4317 1321 4366 liberius
1338 4315 1393 4364 tait

274 4439 277 4442 Ι
326 4383 391 4434 ursle
411 4389 468 4436 nata
485 4395 515 4426 ex
534 4384 663 4444 postremis
681 4383 779 4444 syllabis
798 4398 840 4430 na
872 4385 955 4432 oratio.
