3056 4928
343 183 405 256 aad
724 173 849 258 “rm
877 189 1014 254 u1v11
1064 167 1066 172 ’
1141 171 1151 180 “

227 371 318 420 usis
343 377 441 442 quum
467 349 709 422 aientiodeiixi
732 353 909 430 stetissentr
932 365 1071 440 repente,
1094 364 1259 440 postquam
1280 352 1394 420 cerrioe

226 437 318 486 ⁰³⁸⁷·
344 464 428 508 caesa
449 439 536 506 fusus
560 453 608 506 est
633 461 737 518 cruor,
760 453 827 504 tum
851 440 952 505 libero
975 451 1149 526 conquestu
1175 449 1289 504 coortis
1307 459 1394 503 vocer

344 541 428 606 sunt,
444 540 479 593 ut
500 549 603 613 neque
625 527 779 604 lamentis,
795 546 898 612 neque
917 525 1181 592 exsecrationibus
1202 537 1393 611 parceretur:

345 614 513 701 spoliisque
537 627 717 678 contectum
740 613 865 698 juvenis
888 633 1012 698 corpus,
1033 625 1186 699 quantum
1216 611 1397 676 militaribus

345 699 455 764 studiis
474 699 568 764 funus
591 698 689 764 ullum
712 697 924 764 concelebrari
946 713 1059 784 potest,
1081 711 1204 762 structo
1224 711 1313 764 extra
1336 696 1397 762 val-

258 801 262 819 *
344 785 411 850 lum
434 807 513 874 rogo
537 797 745 850 cremaretur:
770 783 999 870 Manlianaque
1024 784 1157 869 imperia
1180 803 1244 848 uon
1265 785 1300 846 in
1321 805 1396 870 proe·

345 873 446 936 sentia
462 871 557 937 modo
571 871 741 950 horrenda,
753 870 808 934 aed
823 871 959 958 exempli
974 870 1067 936 etlam
1084 870 1180 935 tristia
1195 870 1228 934 in
1243 885 1396 956 posterum

347 971 460 1024 essent.
1198 977 1199 980 ¹

392 1044 488 1109 VIII.
512 1044 600 1110 Fecit
629 1057 734 1108 tamen
759 1041 905 1110 atrocitas
929 1063 1034 1127 poenae
1059 1041 1305 1106 obedientiorem
1329 1039 1398 1105 duci

347 1129 497 1196 militem:
520 1146 562 1208 ct,
577 1145 789 1216 praeterquam
808 1127 895 1214 quod
915 1129 1067 1194 custodiae
1081 1129 1261 1228 uigiliaeque
1275 1143 1306 1191 et
1325 1126 1399 1190 ordo

347 1217 517 1282 stationum
543 1217 722 1281 intentioris
748 1215 864 1300 ubique
888 1235 974 1280 curm
997 1227 1097 1294 erant,
1116 1237 1150 1279 ru
1175 1214 1288 1280 ultimo
1311 1214 1398 1278 etiarn

257 1351 260 1364 .
346 1304 527 1380 certamine,
542 1325 639 1390 quum
660 1301 845 1367 descensum
868 1303 900 1364 in
922 1301 1020 1366 aciem
1042 1315 1098 1376 est,
1114 1323 1152 1366 ea
1165 1301 1312 1366 severitas
1332 1321 1400 1385 pro·

346 1389 415 1454 luit.
458 1389 571 1454 ”Fuit
600 1397 728 1454 autem*
754 1386 835 1452 civili
866 1387 1006 1453 inarime
1035 1386 1118 1452 bello
1151 1409 1262 1475 pugna
1288 1385 1399 1450 similis.

347 1475 427 1541 adeo
449 1475 529 1540 nihil
553 1475 637 1560 apud
661 1473 792 1540 Latinos
815 1472 977 1538 dissonum
1002 1474 1043 1539 ab
1065 1475 1209 1539 Romana
1232 1495 1276 1550 re,
1314 1485 1400 1536 raeter

347 1563 478 1638 animos,
505 1574 583 1625 erat.
629 1561 748 1644 Clipeis
772 1573 865 1624 antea
889 1559 1066 1624 ⁸⁰Iiomani
1095 1559 1139 1624 usi
1166 1575 1259 1624 aunt:
1281 1495 1399 1634 illinita,

346 1665 514 1773 postguam
533 1646 762 1732 ”stipendiarii
787 1645 860 1710 facti
875 1659 959 1724 sunt,
972 1645 1096 1710 ”scuta
1117 1667 1177 1729 pro
1199 1645 1309 1731 clipeis
1327 1643 1400 1709 sece-

347 1757 398 1798 re:
455 1747 496 1808 et,
520 1733 606 1819 quod
635 1748 727 1797 autea
757 1731 929 1816 phalanges
956 1731 1070 1796 similes
1097 1731 1324 1808 Macedonicis,
1346 1731 1401 1794 hoc

184 370 215 420 tt.

183 438 213 486 A.

347 1833 457 1905 postea
473 1818 690 1902 manipulatim
715 1829 834 1881 structa
855 1821 937 1883 acies
957 1819 1056 1904 coepit
1074 1841 1151 1882 ease.
1194 1818 1358 1882 Postremo
1371 1817 1400 1880 iu

347 1905 455 1991 plures
470 1905 597 1968 ordines
611 1904 859 1968 instruebantur.
874 1903 989 1969 “ordo
1004 1925 1175 1992 sexagenos
1190 1905 1316 1982 milites,
1330 1901 1402 1968 duos

794 2041 807 2084 i
817 2039 879 2086 caira
889 2041 964 2090 Gron.

347 2172 374 2221 iu
401 2175 511 2222 ordinem
537 2175 644 2222 reuooeri
669 2187 755 2236 posset
785 2175 862 2235 itaque
890 2170 1006 2236 junctim,
1027 2173 1100 2221 nuliis
1121 2173 1211 2222 relictis
1234 2173 1297 2220 iuter
1316 2171 1401 2218 ordinet

347 2253 419 2300 quera
433 2241 523 2286 aedo
539 2239 611 2302 dotti
629 2241 750 2298 nebrod,
762 2241 862 2298 repente,
893 2239 1035 2293 manualia.
1047 2240 1072 2286 in
1083 2239 1135 2286 acie
1145 2239 1235 2286 cubat.
1269 2239 1351 2286 Poste·
1364 2247 1401 2296 pet

343 2307 464 2364 poeipm
477 2305 563 2350 ceruice
579 2318 636 2352 ooem
646 2301 720 2366 sarar
733 2309 767 2352 eat
783 2316 862 2358 creor,
894 2303 1031 2362 mantpuioe
1043 2304 1133 2350 divisos
1149 2301 1235 2362 spatiis
1246 2315 1261 2349 a
1271 2315 1297 2349 ee
1307 2301 1401 2348 invicem

348 2367 411 2414 uelut
437 2381 522 2414 careno
545 2368 573 2414 ui
597 2367 750 2416 admiraturae
775 2368 861 2422 aalma.
893 2367 955 2413 strui
971 2367 997 2414 in
1012 2367 1062 2415 acie
1078 2379 1106 2414 ac
1121 2379 1231 2426 pugnare
1244 2367 1330 2428 ooepit:
1345 2371 1402 2425 poet·

349 2435 408 2486 tem,
425 2432 478 2478 eive
495 2433 575 2493 portua
592 2436 640 2479 tora
658 2431 727 2478 sam
745 2436 865 2492 wamia
897 2445 964 2478 remo
981 2431 1007 2478 iu
1024 2433 1105 2493 piures
1119 2429 1216 2477 ordiner
1235 2429 1351 2485 distribui,
1366 2427 1403 2490 qul

350 2499 432 2544 morire
449 2510 513 2544 vocer
534 2501 598 2554 nat,
614 2500 641 2542 ui
659 2509 730 2556 aeque
750 2496 864 2550 tumentia
897 2495 1041 2555 iuquoiibet
1054 2495 1178 2554 manipulo
1193 2497 1246 2542 duo
1260 2503 1335 2542 mant.
1365 2496 1409 2540 Cr·-

349 2573 420 2620 erqer
443 2561 632 2608 armatoatiur
653 2565 795 2622 parceretur.
829 2559 866 2606 Si·
898 2565 978 2607 terum
988 2560 1107 2620 manipuli
1117 2559 1217 2619 quidem
1230 2561 1298 2608 inere
1304 2555 1403 2621 jamsub

350 2625 408 2670 mile
419 2625 505 2671 vitium
521 2625 573 2685 pari
583 2623 691 2671 remedio
700 2637 784 2671 curare
794 2637 865 2672 eona·
898 2623 1012 2680 Romulo,
1023 2631 1096 2684 atque
1106 2623 1180 2670 etiarn
1191 2631 1251 2671 ante
1261 2625 1343 2671 urbem
1354 2636 1403 2669 coa·

351 2689 459 2736 bimuri.
473 2687 643 2736 incitasti
655 2689 756 2736 etaiibi.
898 2687 985 2742 ditem,
997 2695 1025 2734 ut
1039 2693 1135 2736 constat
1148 2701 1179 2734 ex
1194 2689 1334 2736 testimomo
1348 2687 1404 2734 dut·

383 2753 416 2802 29
431 2753 491 2800 datr
511 2753 602 2815 aetna]
625 2751 708 2813 Vulgo
722 2751 778 2814 sarit
797 2753 866 2800 Mm-
900 2752 958 2798 torta
979 2753 1033 2800 libri
1054 2752 1085 2800 de
1105 2751 1172 2814 Otig.
1194 2754 1276 2812 gent'u
1295 2753 1360 2800 Ilom·
1377 2762 1403 2797 ex

352 2817 398 2864 Sed
416 2814 442 2864 el
459 2821 536 2862 aretem
555 2817 668 2863 exhibent
685 2822 779 2875 septem
797 2817 866 2864 codd.
900 2815 998 2864 ovidi.
1014 2816 1061 2863 111.
1078 2815 1142 2862 Fara
1155 2830 1178 2863 v.
1192 2817 1249 2864 lit.
1267 2824 1291 2864 et
1308 2815 1403 2864 Plutia

351 2881 437 2938 nostri,
446 2887 472 2927 et
482 2887 585 2940 quatuor
595 2894 610 2926 a
619 2879 739 2926 Gronovio
747 2880 851 2941 allegari.
901 2879 973 2928 Rom.
1005 2882 1097 2928 Verum
1112 2881 1157 2928 hoc
1167 2881 1222 2928 vuit
1233 2881 1326 2940 Livius,
1336 2879 1403 2927 maui-

384 2945 417 2992 ³⁰
433 2943 535 2990 Romal
549 2945 586 2989 aei
598 2941 664 3006 ruat]
683 2943 722 2990 SIc
738 2945 810 2992 habet
826 2957 868 3004 op·
901 2945 971 3004 puioe
981 2946 1060 3006 mimo
1070 2945 1159 2993 danea
1169 2947 1194 2992 in
1207 2958 1290 3006 pugna
1304 2951 1328 2992 et
1338 2955 1405 2991 recte

352 3011 428 3056 timus
441 3022 454 3054 e
468 3007 556 3054 nostrie
568 3007 640 3054 MSS.
658 3021 714 3054 curn
726 3007 867 3056 Victoriana
901 3014 964 3056 toea
975 3023 1001 3056 se
1017 3009 1121 3056 invicem
1135 3023 1183 3058 oon
1196 3011 1282 3068 misae,
1293 3023 1335 3056 aec
1350 3009 1404 3054 inter

353 3073 388 3120 sic
405 3079 430 3120 et
448 3071 564 3118 Gronovii
580 3072 682 3119 edidere.
714 3073 765 3118 Alii
781 3071 869 3120 Roma·
901 3085 942 3120 eoa
952 3074 1035 3120 relicta
1051 3074 1183 3120 intervaiia.
1218 3074 1257 3120 Sic
1271 3081 1295 3121 et
1309 3074 1358 3134 ipa
1369 3071 1405 3118 iila

354 3137 408 3184 aire
425 3135 497 3182 male.
902 3135 1065 3186 Macedonum
1089 3135 1204 3196 phalanx,
1228 3139 1338 3198 quamvis
1359 3147 1403 3183 om·

387 3201 418 3249 31
436 3195 602 3262 disperdant]
625 3199 797 3260 Stipendiariar
815 3202 868 3248 vui·
902 3202 1102 3249 niadeuinctaet
1109 3198 1195 3264 juncta
1206 3203 1233 3248 in
1249 3203 1404 3250 menam

354 3272 434 3327 poert
449 3263 471 3310 is
488 3265 531 3325 qui
545 3265 693 3324 stipendium
709 3265 787 3310 aolvir.
822 3265 870 3312 Hic
902 3265 988 3312 habuit
1006 3272 1087 3312 umen
1107 3265 1247 3314 discrimina
1263 3279 1306 3312 aua
1321 3273 1344 3314 et
1359 3276 1404 3310 seo·

340 3335 439 3390 ,contre
449 3329 555 3375 sumitur
568 3341 651 3388 proco
665 3329 708 3389 qui
722 3329 870 3388 stipendium
903 3329 980 3376 tiones
1005 3341 1082 3392 usque
1103 3331 1134 3376 ad
1155 3332 1276 3378 centuriae
1297 3337 1321 3378 et
1341 3331 1403 3378 decu·

355 3393 450 3454 accipit.
492 3392 619 3452 Postquam
639 3393 787 3453 stipendiarii
805 3391 872 3454 sccii
903 3393 958 3440 riae.

354 3459 445 3516 raeti.
456 3471 479 3504 e.
496 3463 625 3518 postquem
635 3457 755 3518 stipendia
765 3457 796 3504 de
810 3459 871 3518 pub·
935 3457 996 3511 Quae
1015 3465 1150 3519 mutatur
1168 3459 1193 3506 iu
1209 3460 1287 3515 idcio,
1298 3471 1369 3521 quum
1382 3457 1404 3502 iu

355 3523 402 3569 lico
413 3521 519 3582 accipere
529 3533 628 3580 corpere.
904 3523 988 3568 multis
1000 3523 1084 3570 vittate
1095 3524 1230 3583 videantur,
1242 3525 1330 3586 duplici
1342 3521 1405 3568 modo

388 3587 420 3634 ³2
436 3587 509 3634 Scato
524 3597 569 3645 pro
586 3585 672 3644 ἀγρεῦ
682 3583 772 3648 fian]
788 3584 871 3638 Quum
903 3586 943 3630 edi
960 3588 1113 3634 curarimuer
1133 3587 1205 3634 ac10.
1223 3595 1315 3635 textum
1333 3587 1404 3647 {pam

354 3657 412 3698 aute
426 3663 481 3710 pm
497 3649 580 3702 acutia
598 3661 653 3710 pars
669 3649 760 3709 clypeIe
777 3657 872 3696 uteren-
904 3649 976 3702 Livii.
986 3651 1065 3711 qualia
1084 3651 1109 3698 in
1126 3653 1230 3714 vulgetis
1247 3653 1359 3705 habetare
1374 3649 1405 3695 2⁰.

356 3720 406 3770 tur,
425 3712 770 3762 neocaesariam
788 3725 873 3760 omnee
904 3715 1020 3767 eumdem
1034 3719 1129 3762 textum
1140 3729 1155 3762 a
1166 3715 1248 3776 Liprio
1262 3716 1405 3762 emendatum

354 3787 439 3838 poetes
449 3777 525 3826 scutis
534 3777 572 3822 uei
583 3783 650 3824 runt.
683 3775 720 3823 Da
734 3777 873 3827 discrimine
905 3779 1054 3826 exhibemus.
1083 3780 1112 3826 Iu
1129 3793 1157 3826 eo
1171 3781 1346 3840 interpretando
1356 3775 1405 3836 Lip·

355 3843 419 3890 inter
435 3848 531 3895 acutum
544 3847 570 3886 at
586 3841 698 3901 elypeum
711 3841 759 3887 vid.
771 3848 821 3887 not.
833 3839 872 3887 20.
905 3843 969 3888 rium
991 3855 1086 3904 quoque
1106 3844 1238 3904 sequimur,
1256 3844 1298 3903 qui
1315 3845 1343 3890 de
1360 3847 1405 3885 toto

355 3908 387 3955 ad
398 3909 478 3955 lecara
490 3906 563 3952 modo
576 3909 746 3952 memoratum.
906 3907 952 3952 hoc
970 3908 1030 3953 ioco
1041 3908 1094 3956 iure
1113 3909 1225 3955 disseruit
1240 3909 1257 3956 1.
1269 3907 1301 3955 ii.
1317 3909 1345 3954 de
1359 3903 1405 3950 iiii·

388 3971 422 4018 88
437 3968 872 4032 Εὴῃοᾰαιικαρὴιιηκρω..ὴοο1
908 3967 1088 4019 domnula.

356 4035 497 4095 Elegantius
514 4033 560 4094 legi
573 4035 703 4091 videretur,
715 4035 780 4091 quod
790 4041 875 4082 monet
938 4033 972 4082 84
988 4034 1052 4082 Ordo
1069 4049 1192 4098 mgreor
1209 4038 1293 4084 militer
1309 4039 1330 4081 et
1345 4027 1404 4093 deos]

357 4101 503 4152 Gronovius.
527 4097 568 4158 Et,
587 4111 639 4158 qaae
657 4103 725 4145 antee
748 4098 874 4160 phalanges
908 4098 976 4145 Nihil
988 4102 1077 4146 certius
1093 4103 1138 4149 hac
1154 4101 1227 4162 Lipeii
1243 4098 1403 4147 emendatione

356 4161 665 4222 ...ltoerpoateo...ociar.
689 4161 720 4208 Et
733 4164 873 4210 veroduoe
907 4161 991 4224 l’olyia.
1001 4166 1018 4209 1.
1030 4164 1075 4213 VI.
1084 4173 1167 4225 aperte
1182 4167 1206 4212 ln
1218 4165 1320 4226 quolibet
1334 4157 1404 4208 meni·

357 4227 446 4274 nutris
456 4227 523 4274 libris
534 4227 624 4274 hebent
634 4226 688 4272 tarr.
721 4227 810 4274 Sensus
820 4235 871 4274 eetr
906 4227 963 4287 puio
979 4230 1040 4275 duee
1055 4230 1182 4288 distinguit
1201 4237 1288 4290 partes.
1303 4228 1403 4274 aarum

357 4291 432 4352 Legio
444 4291 553 4336 iiomana
563 4296 616 4336 erat
626 4291 704 4350 primo
716 4291 802 4336 similia
814 4293 872 4352 pire·
904 4297 929 4337 et
941 4291 1078 4340 sinisti-arnt
1096 4297 1182 4355 cuique
1198 4293 1259 4354 parti
1275 4301 1342 4338 eoum
1355 4297 1404 4334 ern·

356 4357 422 4417 lengi
434 4355 607 4412 Macedonicas,
619 4361 643 4400 et
658 4361 709 4402 tota
724 4355 798 4401 simui
814 4369 872 4402 oon·
905 4355 1036 4414 terionem,
1052 4371 1172 4420 auumque
1188 4356 1324 4419 signiferum
1338 4349 1403 4408 ⁰¹¹1·
