3032 4924
315 203 375 266 836
698 203 811 264 TITI
844 203 986 264 lell

156 387 187 436 u.
197 389 225 438 0.
235 385 293 435 sss.
315 365 438 432 bostem
453 368 576 432 arunt:
598 388 663 452 quo
684 367 865 432 successerit
880 366 982 456 magis
1008 367 1040 432 iu
1064 365 1214 445 arduum,
1237 387 1278 432 eo
1303 365 1381 451 pelli

156 456 187 500 Α·
198 453 224 500 ⁰*
235 451 292 501 ³⁸⁷·
316 475 406 538 posse
422 475 479 536 par
494 453 634 536 proclive
647 451 767 518 facilius
782 455 853 516 rati.
897 453 1011 518 Medio
1034 452 1100 518 fere
1120 453 1205 518 clivo
1218 455 1377 517 restitere:

315 551 411 624 atque
425 539 500 603 inde
513 561 554 602 ex
568 539 640 603 looo
662 540 835 624 superiore,
851 539 905 625 qui
918 561 1020 624 prope
1041 563 1099 604 sua
1119 552 1232 622 sponte
1250 540 1283 602 in
1303 539 1380 602 bos-

316 637 379 690 tem
406 623 569 702 inferebat,
586 625 694 708 inpetu
716 625 810 702 sacto,
826 637 930 712 strage
951 648 989 690 ac
1011 628 1102 690 ruina
1124 624 1233 690 fudere
1248 624 1379 689 Gallos:

317 722 353 776 ut
367 731 541 795 numquam
555 725 666 796 postea
688 733 745 775 nec
767 733 850 794 pars,
871 733 929 775 nec
950 711 1087 776 universi
1112 710 1303 775 tentaverint
1316 710 1383 776 tale

316 818 360 881 pu
386 817 436 860 nae
449 818 560 884 genus.
605 796 731 860 Omissa
745 798 851 883 itaque
860 819 916 883 spe
926 819 983 882 per
993 798 1057 861 vim
1072 811 1168 883 atque
1182 819 1269 861 arms
1285 797 1383 861 sube-

317 819 406 959 undi,
421 882 618 948 obsidionem
644 895 773 965 parant:
804 884 892 968 cujus
913 883 954 947 ad
976 883 1010 948 id
1032 897 1155 967 tempus
1175 883 1381 960 inmemores,

316 981 359 1043 et,
383 968 470 1054 quod
494 968 526 1032 in
551 969 630 1034 urbe
655 967 767 1048 fuerat,
783 969 973 1033 frumentum
994 968 1181 1034 ⁶⁶inoendiia
1205 969 1293 1033 urbis
1321 968 1382 1033 ab·

308 1068 504 1130 -sumserant,
522 1069 553 1119 et
577 1077 617 1119 ex
639 1057 723 1136 agris
750 1077 805 1135 per
830 1055 914 1140 ipsos
933 1056 1001 1120 dies
1024 1068 1149 1140 raptum
1172 1061 1266 1119 omae
1282 1055 1381 1119 Veios

313 1153 397 1205 erat.
440 1140 555 1227 Igitur,
569 1143 707 1205 exercitu
729 1140 840 1218 diviso,
857 1142 970 1224 partim
990 1163 1048 1226 per
1070 1141 1221 1205 finitimos
1242 1140 1382 1226 populos

276 1239 281 1250 “
343 1226 455 1294 raderi
485 1226 612 1311 placuit,
636 1228 751 1313 partim
781 1227 918 1290 obsideri
948 1249 1071 1303 arcem3
1101 1241 1137 1291 ut
1161 1225 1381 1292 obsidentibus

159 1326 289 1388 Populato-
318 1247 510 1378 Frumentum
527 1313 731 1397 populatores
743 1335 891 1399 agrorum
905 1314 1095 1396 proeberent.
1140 1312 1383 1377 Proficiscentes

158 1391 300 1466 monum
321 1399 433 1464 Gallos
446 1398 488 1463 ab
503 1399 581 1464 urbe
596 1401 633 1462 ud
653 1399 829 1463 Romanum
850 1400 1073 1483 experiendam
1088 1401 1234 1463 virtutem
1251 1398 1383 1462 fortuna

157 1456 301 1582 menum
320 1486 387 1568 ipsa
412 1485 561 1561 Ardeam,
577 1485 631 1549 ubi
649 1483 801 1548 Camillus
826 1484 1002 1560 exsulabat,
1025 1486 1132 1548 duxit:
1159 1487 1211 1570 qui
1234 1485 1382 1548 mustior

320 1571 363 1636 ibi
378 1571 505 1636 fortuna
519 1571 657 1654 publica,
673 1591 768 1656 quam
784 1593 852 1648 sus,
868 1593 962 1656 quam
979 1571 1052 1634 Diis
1067 1569 1230 1635 hominibu
1269 1591 1310 1634 ue
1324 1591 1381 1635 ao-

320 1657 466 1722 susandis
487 1657 705 1732 elseuesoeret,
729 1656 794 1719 iudi
820 1657 926 1721 nando
950 1657 1156 1742 mirandoque
1177 1657 1231 1720 ubi
1251 1657 1296 1718 ili
1317 1658 1384 1721 riri

319 1755 432 1818 essent,
448 1742 504 1827 qui
518 1763 625 1808 secum
643 1742 737 1806 Veios
755 1741 781 1806 F
812 1743 954 1826 eriosque
968 1743 1133 1827 cepissent,
1148 1743 1203 1829 qui
1217 1742 1279 1806 alia
1293 1742 1384 1808 bella

319 1827 430 1892 fortius
459 1849 591 1911 semper,
618 1850 712 1914 quam
746 1827 875 1904 felicius,
903 1829 1087 1914 gessissent3
1120 1841 1251 1912 repente
1276 1829 1382 1908 audit,
1423 1841 1427 1846 “

321 1913 487 1979 Gallorum
502 1913 676 1978 exercitum
691 1913 870 1991 adventare,
887 1927 982 2000 atque
1003 1915 1044 1978 de
1057 1937 1096 1979 eo
1109 1914 1240 2000 pavidos
1254 1914 1383 1980 Ardea-

319 2014 366 2064 tes
388 1999 577 2065 consultare.
591 2021 650 2064 nec
672 2021 760 2064 secus
785 2021 879 2085 quam
893 1999 1002 2064 divino
1017 2001 1130 2085 spirita
1152 2011 1261 2076 tuctus,
1277 2021 1382 2086 quum

319 2109 352 2150 se
372 2085 405 2149 in
429 2087 564 2152 mediam
594 2087 779 2152 concionem
804 2085 972 2164 intulisset,
997 2087 1155 2151 abstinere
1176 2100 1282 2152 suetus
1302 2103 1384 2152 ante

320 2171 435 2238 talibus
448 2172 607 2247 conciliis;
1281 2173 1284 2178 ’

157 2281 298 2328 Menos
364 2257 493 2324 XLlV.
516 2259 676 2336 Ardeates,
693 2258 805 2344 inquit,
828 2269 940 2323 oetam
961 2261 1063 2336 amici,
1087 2261 1160 2324 noni
1183 2260 1276 2322 etiam
1299 2261 1386 2324 eines

158 2345 297 2422 mensos
320 2348 388 2421 mei,
405 2347 527 2429 prande
542 2355 571 2409 et
585 2355 713 2409 nestram
726 2346 896 2428 beneficiam
912 2347 958 2408 ita
969 2347 1051 2421 tulit,
1067 2345 1234 2430 etfortana
1248 2346 1303 2408 tot
1313 2349 1385 2429 egit

159 2409 278 2520 mg
320 2453 396 2510 ntea,
413 2453 497 2496 rremo
510 2442 638 2496 nestram
652 2432 837 2495 conditionis
851 2453 923 2494 mea·
936 2432 1059 2496 oblitam
1073 2453 1119 2494 me
1132 2431 1189 2494 Irae
1197 2434 1386 2513 processisse

159 2537 252 2587 isaar.
313 2528 424 2601 putet.-
445 2520 499 2582 sed
511 2539 560 2582 res
573 2539 612 2580 ac
618 2519 788 2600 periculam
802 2539 952 2580 commane
972 2520 1062 2600 cogit,
1078 2519 1158 2602 qaod
1170 2519 1294 2602 quisque
1301 2539 1384 2599 prrs-

318 2607 361 2668 sit
374 2607 408 2667 in
422 2626 457 2667 re
470 2605 594 2685 trepida
607 2604 760 2685 presidii,
772 2605 806 2666 in
816 2605 943 2666 mediam
953 2604 1101 2688 corsferre.
1137 2605 1181 2666 Et
1193 2605 1314 2686 qnando
1322 2625 1385 2687 ego

319 2689 402 2754 nobis
414 2711 473 2771 pro
483 2691 581 2752 tantis
595 2680 701 2753 bestris
716 2691 750 2750 in
764 2711 809 2752 me
820 2691 937 2752 meritis
947 2691 1084 2772 gratiam
1099 2688 1240 2772 afferam,
1254 2691 1282 2752 si
1297 2709 1384 2752 nunc

319 2779 498 2838 cessavero?
522 2785 576 2837 aut
590 2775 643 2837 adi
655 2795 725 2838 assas
738 2776 798 2838 erit
813 2776 872 2838 mei
884 2774 977 2848 nohis,
993 2776 1022 2838 si
1036 2773 1157 2838 inbelle
1171 2795 1232 2836 non
1241 2775 1382 2858 fiterit?

321 2862 394 2925 Hoc
407 2869 478 2924 arte
490 2862 523 2922 in
531 2861 644 2941 patria
654 2862 745 2930 steti,
771 2871 809 2936 et,
822 2847 951 2924 invictis
960 2859 1047 2935 bello,
1061 2862 1093 2922 in
1104 2881 1185 2942 pase
1194 2859 1233 2922 ab
1244 2861 1386 2946 ingratis

319 2943 435 3010 cimbro
452 2947 556 3025 pnlsrrs
577 2965 650 3008 mm.
701 2944 789 3009 Vobis
809 2956 920 3021 amaa,
943 2945 1104 3021 Ardeates,
1117 2949 1254 3029 fortuna
1272 2945 1385 3010 oblata

321 3041 374 3105 esi,
391 3039 421 3094 et
435 3028 461 3069 ⁶⁸
464 3052 525 3112 pro
538 3032 635 3094 tantis
645 3033 791 3112 pristinis
804 3033 915 3113 populi
930 3031 1064 3094 Rontani
1084 3031 1242 3113 beneficiis,
1258 3043 1382 3115 quanta

321 3117 384 3199 ipsi
397 3117 584 3190 meministis,
600 3121 667 3200 (nes
690 3118 769 3180 enim
789 3117 1003 3199 exprobranda
1029 3118 1114 3198 apud
1133 3137 1273 3181 memores
1291 3120 1383 3198 sarrs)

316 3205 435 3286 gratie
448 3203 627 3285 referenda,
644 3215 673 3264 et
686 3203 839 3266 hairardi
852 3204 940 3266 decas
950 3204 1057 3286 ingens
1065 3203 1138 3266 belli
1152 3225 1190 3265 es
1203 3203 1286 3266 hoste
1299 3223 1384 3267 com-

320 3289 405 3352 muni
413 3289 574 3371 pariendi.
620 3287 699 3364 Qua
709 3289 930 3374 gffnsoagmine
940 3290 1095 3364 adventat,
1108 3309 1184 3371 gens
1194 3298 1247 3365 est,
1259 3289 1310 3351 cni
1319 3309 1385 3352 na-

319 3384 392 3438 tura
405 3395 535 3456 camora
548 3375 723 3457 animosque
736 3395 849 3458 magna
862 3375 971 3458 magis,
983 3375 1185 3456 qnamfirma,
1200 3375 1328 3438 dederit.
1347 3397 1387 3439 eo

321 3464 356 3524 in
375 3471 524 3524 calomen
538 3481 623 3524 omne
640 3461 711 3542 plns
725 3461 863 3535 terroris,
879 3481 968 3543 qnam
982 3459 1231 3543 viriamserant.
1274 3459 1386 3544 Arga-

298 3557 419 3619 menta
440 3548 482 3612 sit
506 3549 606 3611 clades
633 3545 783 3610 Romana.
800 3554 956 3627 patentem
980 3565 1086 3627 cepere
1109 3543 1228 3617 ariera,-
1251 3567 1289 3608 es
1307 3568 1388 3612 arce

322 3633 537 3716 Capitolioque
549 3633 598 3696 iis
619 3633 731 3715 exigna
744 3632 900 3694 resistitur
912 3651 1013 3693 mann.
1056 3631 1129 3694 Jom
1143 3631 1310 3695 obsidionis
1322 3641 1387 3697 tae·

319 3719 374 3783 dio
388 3720 464 3783 uicti
477 3717 648 3795 abscedant,
664 3717 794 3802 uagique
802 3725 863 3798 per'
876 3737 968 3802 agros
983 3717 1147 3797 patentur,
1169 3717 1236 3780 cido
1249 3719 1387 3802 uinoque

319 3803 685 3888 raptimtaastoreptat.
735 3801 798 3868 Udi
807 3823 869 3866 noe
878 3803 1008 3884 adpetit,
1018 3804 1209 3884 properium
1219 3823 1386 3886 squamma,

319 3892 388 3954 sine
406 3892 598 3966 munimento,
613 3891 681 3952 sine
691 3888 873 3952 stationibus
890 3909 928 3950 ae
941 3887 1092 3963 nutodiis,
1104 3889 1219 3970 passim
1231 3889 1386 3972 feroram

320 3979 385 4041 rita
395 3986 581 4053 sternantur,
597 3995 676 4038 nanc
687 3973 726 4038 ab
740 3975 876 4038 secandis
897 3973 984 4038 rebus
1002 3973 1100 4057 magis
1117 3974 1210 4038 etiam
1223 3975 1316 4040 solito
1331 3978 1388 4042 in-

353 4149 385 4195 66
402 4149 519 4198 Ineeadtls
539 4151 686 4214 artis1Vox
703 4151 768 4198 arta
783 4163 835 4198 me·
866 4157 939 4198 earet

319 4214 368 4260 rito
407 4214 502 4260 ridetur
531 4217 653 4264 (tresovio
690 4217 834 4263 manda:
899 4214 1011 4262 wrm
1026 4217 1097 4262 tantis
1112 4214 1219 4276 pristinis
1231 4215 1390 4275 populine·

321 4280 686 4405 unsaramma
864 4282 930 4391 rr
945 4280 1136 4344 rsus
1153 4278 1287 4340 rr·
1302 4281 1330 4340 r
