2978 4918
352 244 408 298 tto
739 235 852 296 Tl'l'l
880 233 1017 296 LlVlI

190 347 404 474 ussotottdlo
424 423 510 468 anno
525 418 589 466 non
611 420 644 466 se
689 401 738 466 ior
759 400 918 467 discordia
931 400 1032 482 denti,
1046 411 1079 465 et
1092 397 1210 464 bellula
1229 395 1305 464 loris
1320 408 1397 462 atro·

192 484 298 598 ww
353 488 420 552 nius
433 488 504 552 fuit.
549 487 602 552 Ab
617 417 734 638 [ἰξοῦ
748 501 965 591 arnapam.
994 487 1144 552 Veientes
1158 507 1267 576 agrurn
1282 505 1397 572 quoque

193 680 222 728 n.
235 681 262 728 e
275 679 330 728 ars
355 575 786 736 gplrpapppqr,proppbppstqq
800 587 990 746 gillilaldus
1000 571 1399 758 qclslldrllesbllllrillmillg·

192 747 224 795 Α·
237 746 264 794 ⁰*
276 745 332 824 ⁴5⁹·
355 767 440 822 nant,
459 747 606 812 Latinam
622 748 743 822 urbem,
761 747 862 836 AEqui
875 747 1116 836 obpugnabant.
1153 744 1310 821 Veientes,
1323 742 1401 830 pleat

195 811 418 936 ffiffiffljarn
449 833 703 919 populationum,
732 836 863 898 Romam
889 835 988 920 ipsam
1004 857 1036 899 se
1049 834 1290 922 obpugnaturus
1312 830 1401 894 urina

193 941 230 988 rio
242 941 307 988 cosa
356 923 474 985 bantm
551 920 618 998 Qui
633 933 779 998 terrores,
795 943 892 1008 quum
908 943 1109 1007 compascere
1121 920 1282 996 deberent,
1296 937 1402 982 auxus

357 1009 487 1092 insuper
512 1007 635 1072 animos
660 1007 778 1092 plebis:
807 1007 991 1094 redibatque
1016 1029 1082 1072 nun
1109 1029 1169 1071 sua
1192 1019 1304 1092 sponte
1326 1002 1402 1088 plebi

358 1115 428 1158 mos
448 1093 645 1159 detrectandi
664 1094 820 1159 militiam.
842 1094 897 1159 sed
912 1096 970 1182 Sp.
987 1094 1129 1159 Licinius
1142 1089 1401 1177 tribunusplebis,

358 1180 479 1244 venisse
493 1195 618 1267 ternpus
639 1194 726 1246 ratus
747 1202 804 1264 per
825 1181 969 1246 ultimam
993 1180 1209 1246 necessitatem
1233 1179 1309 1265 legis
1322 1195 1404 1264 agra·

358 1267 416 1332 ria
433 1266 582 1332 Patribus
603 1267 692 1354 injun
717 1267 817 1344 endae,
834 1279 1015 1352 susceperat
1028 1287 1093 1330 rein
1110 1265 1278 1332 militarem
1293 1262 1405 1349 inpedi-

357 1353 485 1418 endam.
530 1354 680 1420 Ceterum
731 1368 797 1418 tota
819 1355 936 1425 invidia
950 1353 1130 1418 tribunicias
1151 1351 1314 1438 potestatis
1327 1369 1405 1414 versa

355 1441 393 1504 in
407 1453 569 1505 auctorem
584 1456 652 1504 est:
675 1463 735 1542 nec
749 1441 781 1503 in
797 1462 869 1505 eum
885 1439 1029 1541 qopsnles
1042 1440 1157 1518 aerius,
1173 1459 1269 1526 quant
1283 1437 1307 1476 ⁵¹
1316 1435 1405 1522 ipsius

356 1525 588 1677 illftll‘ll
604 1526 1407 1678 “lllll'l‘mlllllltt'llu“lilllllt

358 1697 481 1763 oendus
502 1699 599 1762 Fabio
625 1699 657 1762 in
678 1699 812 1786 AEquon
827 1700 860 1762 in
876 1699 1021 1764 Veientes
1046 1699 1144 1764 Furio
1168 1698 1277 1763 datur.
1320 1695 1360 1762 Et
1378 1695 1407 1756 in

360 1784 548 1849 Veientibus
562 1784 690 1871 quidem
705 1784 785 1848 nihil
798 1785 931 1872 dignum
947 1786 1101 1850 memoria
1114 1799 1241 1873 gestum
1257 1797 1312 1849 est.
1356 1781 1408 1846 Fa·

360 1871 417 1936 bio
430 1871 593 1957 aliquanto
608 1869 680 1956 plus
693 1872 809 1958 negotii
824 1893 897 1935 curn
912 1871 1045 1948 civibus,
1061 1893 1155 1958 quarn
1170 1893 1244 1936 curn
1266 1867 1408 1942 hostibus,

221 1987 236 2020 ο
360 1957 431 2022 suit.
453 1979 536 2022 unus
554 1957 609 2022 ille
622 1958 671 2022 vir
693 1959 760 2042 ipse
775 1957 885 2022 consul
907 1958 1134 2044 rempublicam
1149 1959 1308 2034 sustinuit,
1323 1973 1408 2036 quam

226 2113 305 2149 nnn
361 2044 772 2122 exereittuodioconsulis,
789 2045 991 2130 quantumin
1007 2043 1304 2130 seinitprodebat.
1335 2042 1409 2106 Natu

253 2197 260 2214 ,
307 2129 317 2142 ‘
384 2153 459 2198 uum
472 2131 593 2211 consul,
609 2144 725 2216 praeter
739 2147 858 2196 oeteras
872 2131 1090 2218 imperatorias
1104 2145 1198 2209 artes,
1213 2153 1294 2218 quas
1307 2147 1411 2216 paran-

358 2153 403 2283 do
418 2217 624 2305 gerendoque
639 2217 723 2282 bello
744 2215 845 2283 edidit
859 2218 1021 2303 plurimas,
1039 2219 1082 2283 its
1096 2219 1296 2284 instruxisset
1309 2218 1409 2288 acient,

356 2319 407 2382 ut,
423 2307 491 2370 solo
506 2305 647 2392 equitatu
667 2305 790 2381 emisso,
807 2306 984 2370 exercitum
1007 2305 1144 2370 hostiurn
1167 2304 1323 2382 funderet,
1338 2304 1411 2367 inse·

383 2393 414 2458 ui
430 2391 516 2457 lusos
536 2391 632 2478 pedes
654 2391 765 2456 noluit.
789 2413 848 2456 nec
861 2391 943 2468 illos,
959 2404 993 2456 et
1006 2391 1031 2455 si
1051 2413 1116 2455 non
1131 2389 1315 2456 adhortatio
1328 2383 1410 2453 invisi

357 2415 460 2556 ducis,
472 2501 567 2544 suum
582 2478 692 2544 saltem
708 2477 862 2567 flagitium
873 2491 905 2541 et
919 2477 1081 2562 publicum
1096 2478 1130 2542 in
1145 2477 1316 2566 prasentia
1326 2471 1411 2541 dade·

357 2589 428 2646 eus,
442 2565 612 2651 ponmodo
633 2563 864 2651 perieulum,si
887 2565 1010 2629 animus
1035 2563 1120 2630 hosti
1145 2563 1290 2641 redisset,
1310 2579 1413 2649 eoque

354 2655 464 2740 potuit
480 2653 616 2740 gradum
632 2652 833 2729 adcelerare3
857 2663 920 2727 aut
936 2652 961 2714 si
985 2650 1071 2716 aliud
1095 2649 1189 2733 nihil,
1202 2651 1231 2692 ⁶²
1239 2653 1353 2716 instare
1370 2647 1412 2710 in·

357 2752 507 2805 structos.
552 2737 678 2823 Injussu
700 2737 790 2826 signa
812 2735 963 2813 referunt,
986 2738 1169 2823 armatique,
1185 2737 1343 2822 (crederes
1355 2735 1413 2798 rie·

360 2826 422 2905 tos)
437 2836 637 2888 exsecrantes
651 2845 737 2887 nune
752 2823 986 2908 imperatorem,
1002 2843 1088 2888 nunc
1097 2839 1247 2889 navatam
1263 2823 1306 2890 ab
1319 2821 1413 2909 equite

423 2930 501 2987 ram,
516 2907 698 2974 redeuntia
711 2919 827 2974 eastra
872 2909 941 2974 Neo
961 2909 1036 2974 huie
1055 2923 1119 2976 mm
1144 2911 1306 2995 pestilenti
1319 2927 1413 2975 exem·

356 2932 421 3080 (plue
430 2993 568 3078 remedia
583 2993 648 3059 ulla
661 2995 702 3060 ab
717 2996 908 3081 imperatore
923 2997 1056 3083 quaesita
1069 3009 1155 3062 aunt.
1170 2998 1254 3064 acled
1266 2993 1413 3063 exceden-

360 3082 446 3146 tibus
469 3081 602 3169 ingeniis
626 3082 720 3146 citius
740 3081 876 3147 defuerit
896 3105 958 3159 ars,
980 3105 1043 3170 qna
1062 3084 1165 3150 civem
1187 3099 1312 3174 regant,
1327 3099 1412 3170 quan

359 3189 425 3254 qua
439 3167 561 3231 bostem
577 3183 735 3252 superent.
775 3169 896 3234 Consul
912 3169 1049 3235 Romam
1065 3169 1171 3248 rediit,
1186 3195 1254 3236 non
1270 3185 1335 3237 tstn
1350 3165 1414 3232 belli

221 3313 224 3320 ⁴
385 3253 466 3318 loris
476 3265 578 3331 aucta,
591 3277 687 3342 quarn
700 3255 824 3320 irritato
833 3254 1086 3344 exacerbatoque
1097 3259 1130 3324 in
1142 3277 1176 3322 se
1185 3259 1325 3326 militum
1336 3253 1413 3321 odio·

201 3353 233 3404 u.
245 3355 273 3402 α
285 3351 340 3402 stt
397 3340 543 3406 btinuere
563 3355 668 3406 tamen
686 3341 806 3419 Patres,
823 3355 859 3406 ut
879 3343 912 3407 io
930 3343 1029 3409 Fabia
1050 3359 1145 3433 gente
1157 3343 1343 3411 ¹consalutata
1355 3361 1414 3406 tna·

199 3417 348 3532 ffgffil·
363 3440 462 3494 neret
509 3425 559 3492 M.
576 3427 712 3494 Fabium
741 3428 901 3494 consulem
926 3444 1055 3496 creant:
1085 3431 1186 3496 Fabio
1210 3431 1336 3522 collega
1360 3427 1414 3493 cn.

202 3515 247 3596 (ςῇ,
257 3514 356 3597 Mmqo'
366 3514 509 3581 Manlius
522 3513 627 3580 (latur.
737 3515 741 3524 ⁸

203 3611 270 3664 con.
406 3601 533 3666 XLIV.
557 3599 600 3666 Et
620 3601 671 3666 lric
691 3623 795 3668 annus
817 3602 978 3670 tribunum
1003 3615 1165 3670 auctorem
1188 3603 1270 3693 legis
1290 3598 1416 3694 agratiae

365 3689 485 3753 habuit.
530 3686 582 3750 Ti.
608 3687 795 3753 Pontificius
817 3687 889 3753 init.
911 3691 947 3768 is,
962 3691 1109 3755 eamdent
1130 3691 1226 3767 vienn
1242 3692 1329 3757 velut
1349 3708 1417 3776 pro-

364 3775 504 3841 cessisset
531 3774 587 3860 Sp.
598 3774 737 3852 Licinio,
763 3775 932 3863 ingressus,
956 3777 1113 3842 delectum
1137 3777 1314 3866 paullisper
1338 3776 1418 3861 inpe-

716 3937 905 3986 nmatutansur
917 3941 993 3990 oron.
1003 3942 1073 3990 trev.

363 4079 435 4128 MSS.
449 4079 549 4128 lleernli
563 4081 654 4128 habent
664 4079 713 4128 111.
725 4094 880 4128 unusenos·
909 4083 1015 4140 tebattsn
1037 4083 1063 4132 id
1087 4090 1167 4132 tcttun
1186 4087 1278 4137 recidit
1298 4089 1325 4134 in
1346 4086 1421 4145 lpum

362 4145 407 4192 trls
426 4145 500 4192 tenu.
534 4142 622 4205 'lege
642 4144 671 4200 Q.
690 4143 778 4194 satus
793 4147 832 4195 11.
852 4149 878 4194 lsl
910 4151 1334 4200 summanturbulmtloctssnrinls.

362 4215 409 4262 ast.
419 4209 513 4264 nemra,
523 4212 546 4256 rt
557 4207 586 4256 C.
595 4209 687 4257 Julius.
943 4213 973 4258 al
990 4213 1070 4272 Ipdus
1086 4216 1136 4276 ejus
1156 4215 1260 4279 callem
1284 4214 1360 4264 Multi
1374 4208 1422 4274 jam

395 4272 449 4321 ὅθ’
459 4273 517 4320 rota
527 4273 616 4320 inuidis
644 4273 768 4334 Quidquid
782 4275 878 4324 huldin
911 4285 1058 4326 monuerunt
1068 4279 1108 4326 hie
1119 4281 1250 4340 legendum
1262 4283 1339 4329 vidui
1350 4277 1399 4340 ipti-

363 4345 388 4386 a
404 4339 453 4386 oen
471 4339 497 4385 n
515 4336 598 4384 raas·
637 4339 734 4398 unm,
746 4340 879 4388 munen-
941 4341 975 4389 ss
988 4343 1094 4408 ruam}
1120 4343 1194 4392 snas
1212 4335 1298 4394 osam
1317 4345 1423 4394 ramas

358 4403 488 4464 mtutatu
496 4403 576 4464 eratis
587 4403 879 4462 montranssrttuenl·
909 4408 1091 4456 «nnuma
1099 4411 1170 4458 stas.
