3034 4916
443 163 540 222 Ll'B.
569 162 623 222 lX.
651 162 714 222 CA
727 161 758 220 Ρ.
786 159 896 220 XLlV.
1134 169 1193 234 ³49

141 323 186 388 Et
199 323 228 364 ⁸¹
237 343 309 389 curn
328 323 644 410 Karthaginiensibus
658 324 769 390 audem
782 305 867 390 anuo
877 323 981 390 foedus
995 324 1089 390 tertio
1102 336 1236 390 reno-v.
1248 336 1275 384 c.
1285 337 1341 387 ast.

139 423 266 476 ratum:
291 412 462 498 legatisque
483 434 604 487 eorum,
620 414 673 499 qui
695 411 736 476 ad
759 411 790 476 id
805 409 1112 489 ven'eranteomiter
1126 433 1193 478 mu·
1205 401 1273 450 Μ’
1284 401 1340 450 ³⁰⁸

138 519 218 560 nera
233 499 338 563 missu.
1203 465 1359 592 {nm

185 584 314 650 XLIV.
347 585 544 651 Dictatorem
571 585 654 650 idem
679 608 779 652 annus
806 585 916 650 babuit
944 583 980 650 P.
1009 583 1336 650 corneliensem

142 671 337 764 Scipionem,
352 693 424 737 curn
443 673 594 760 magistro
608 673 748 758 equitum
774 671 811 736 P.
827 672 929 738 Decio
952 671 1060 736 Mure.
1082 674 1123 737 ab
1144 659 1337 769 iis,{¹⁰¹¹:‘¹¹“¹·

138 772 271 843 propter
294 781 367 844 quas
389 761 487 824 creati
512 771 611 836 erunt,
636 759 764 822 comitia
787 758 964 822 consularia
988 756 1106 835 habita,
1123 757 1342 842 quiessem,

137 855 251 908 neuter
274 847 438 910 consulum
463 858 608 930 potuerat
637 843 719 910 bello
746 844 863 908 abesse.
918 844 1025 908 Creati
1054 843 1342 908 consulesne-aus

140 929 180 994 L.
199 930 393 1012 Postumius,
409 932 461 996 Ti.
480 931 655 1014 Minucius.
701 930 775 996 Hos
793 930 937 994 consules
949 931 1024 998 Piso
1035 930 1079 1007 Q.
1096 915 1327 995 Fabiokff'm'

137 1029 169 1080 et
185 1015 222 1080 P.
235 1015 337 1081 Decio
351 1019 501 1104 subgerit,
516 1017 643 1082 biennio
653 1025 788 1096 exemto,
804 1039 868 1102 quo
878 1015 1049 1090 Claudiurn
1064 1015 1194 1082 Volum·
1204 980 1315 1093 31¹¹ssss

138 1102 301 1188 triumque,
318 1118 348 1167 et
365 1105 548 1168 Cornelium
563 1127 635 1168 curn
651 1104 776 1168 Marcio
790 1101 934 1168 consules
949 1106 1049 1168 tactos
1065 1102 1270 1167 tradidi-coss

138 1209 218 1253 mus.
236 1190 429 1254 memoriane
439 1190 555 1276 fugerit
568 1191 600 1252 in
613 1189 779 1270 annalibus
790 1189 981 1276 digerendis,
996 1211 1037 1254 an
1051 1187 1196 1254 consulto

138 1274 232 1339 binos
259 1275 413 1355 consules,
437 1275 529 1342 falsos
558 1293 655 1352 ratus,
683 1275 924 1357 transcenderit,
952 1277 1109 1340 incertum
1138 1287 1195 1340 est.

139 1361 263 1426 Eodem
276 1383 361 1426 anno
371 1363 404 1426 in
416 1385 562 1448 campum
579 1362 739 1428 Stellatem
752 1361 821 1448 agri
833 1360 988 1445 Campani
1004 1361 1192 1426 Samnitium
1202 1375 1304 1424 cmm

138 1448 334 1512 incursiones
364 1446 464 1514 lactes.
509 1450 621 1534 ltaque
653 1448 748 1512 ambo
781 1447 934 1525 consules,
964 1447 996 1510 in
1028 1439 1330 1513 samniunfflm

136 1535 235 1612 missi,
274 1557 348 1599 uuus
363 1537 500 1600 diversas
518 1536 673 1623 regiones,
688 1534 854 1600 Tifernum
873 1535 1060 1610 Postumius,
1081 1511 1269 1600 aovin-‘¹¹¹²‘

136 1643 216 1686 uum
233 1557 407 1700 almucias,
422 1625 593 1708 petissent3
618 1621 774 1686 Postumii
797 1621 885 1706 prius
906 1619 1004 1686 ductu
1026 1620 1066 1684 ad
1089 1619 1195 1684 Tifer-

136 1728 215 1772 num
238 1729 280 1793 pu
327 1721 423 1775 atum.
468 1708 534 1774 Alii
551 1707 635 1774 baud
650 1706 759 1800 dubie¹
770 1707 926 1772 Samnites
941 1708 1048 1785 victos,
1063 1705 1134 1772 ⁸⁴ac
1148 1707 1195 1770 si-

135 1794 218 1882 ginti
234 1795 287 1858 mil
304 1796 354 1859 iak
375 1794 541 1860 hominum
556 1809 648 1881 capta
663 1794 811 1860 tradunt:
834 1793 887 1858 alii
904 1793 1010 1858 Marte
1024 1815 1117 1880 aequo
1131 1793 1196 1858 dis-

136 1901 270 1957 cessum,
288 1894 319 1946 et
336 1881 544 1959 Postumium,
556 1899 674 1946 metum
690 1880 888 1946 simulantem
903 1893 1061 1944 nocturno
1072 1880 1195 1958 itinere,

137 1969 219 2032 clam
244 1968 277 2030 in
299 1980 422 2033 montes
435 1971 541 2054 copias
560 1967 743 2034 abduxisse:
767 1966 872 2031 hostes
893 1979 1016 2032 secutos
1037 1965 1103 2031 duo
1125 1966 1196 2030 mil·

135 2053 180 2117 lia
192 2052 267 2117 inde
281 2053 358 2118 loeis
372 2055 501 2127 munitis
515 2069 546 2120 et
559 2055 644 2139 ipsos
658 2054 846 2118 consedisse.
892 2052 1024 2132 Consul,
1038 2066 1073 2117 ut
1083 2055 1197 2122 stativa
1255 2047 1260 2060 ’

136 2152 206 2206 tuta
222 2140 413 2227 copiosaque
428 2145 473 2225 (et
492 2141 535 2206 ita
549 2145 651 2221 eraut)
669 2139 782 2224 petisse
796 2137 964 2224 rideretur,
980 2153 1146 2224 postquam
1163 2152 1196 2204 et

135 2225 340 2291 munimentis
355 2241 456 2292 castra
470 2226 618 2307 firmavit,
632 2239 665 2290 et
678 2224 765 2293 omni
781 2224 935 2308 adparatu
951 2246 1056 2287 rurum
1071 2225 1194 2288 utilium

136 2313 305 2390 instruxit3
329 2311 438 2378 relicto
459 2312 553 2378 firmo
574 2311 731 2396 praesidio,
747 2310 787 2376 tle
801 2309 908 2394 vigilia
923 2309 1027 2390 tertia,
1044 2332 1108 2396 qua
1121 2309 1195 2374 duci

136 2399 411 2485 proximeputest,
427 2399 591 2483 expeditas
617 2397 754 2485 legiones
779 2397 819 2462 ad
845 2394 1009 2482 collegam,
1035 2413 1067 2460 et
1091 2396 1194 2481 ipsum

135 2485 287 2551 adversus
309 2485 387 2550 alios
410 2485 580 2561 sedentem,
602 2483 697 2548 ducit.
720 2484 775 2560 ibi,
791 2495 919 2547 auctore
938 2481 1111 2564 Postumio,
1129 2479 1196 2546 Mi·

137 2572 250 2636 nucius
261 2594 333 2638 cum
348 2571 490 2637 hostibus
500 2571 591 2658 signa
602 2569 721 2634 confert
728 2593 739 2646 ς
754 2582 795 2646 et,
812 2587 908 2656 quum
921 2589 1035 2653 anceps
1046 2566 1193 2653 proeliura
1202 2575 1323 2625 Samnites

136 2659 171 2722 in
189 2658 322 2723 multum
336 2658 400 2723 diei
417 2661 624 2744 processisset,
650 2667 718 2720 tum
742 2655 922 2722 Postumius
946 2654 1075 2742 integris
1097 2655 1107 2718 l
1148 2641 1341 2719 ispsmautur.

135 2745 232 2809 nibus
247 2745 396 2810 defessam
414 2747 481 2831 jam
503 2744 602 2809 aciem
624 2741 763 2806 bostium
777 2740 939 2827 inproviso
954 2740 1084 2808 invadit.
1148 2753 1195 2806 ta·

136 2851 210 2918 que,
226 2852 322 2917 quum
340 2831 489 2896 lassitudo
503 2852 541 2895 ac
555 2829 685 2894 rulueru
699 2828 806 2917 fugam
817 2849 944 2914 quqque
957 2825 1193 2913 praepedissent,

135 2918 301 2982 occidione
323 2919 417 2982 occisi
441 2916 661 3002 hostes,.signa
675 2937 773 2980 unum
792 2915 866 2982 etri
892 2913 948 2978 'nti
963 2929 1075 2997 captas
1098 2925 1194 3001 atque

135 3003 267 3068 indeed
282 3017 384 3069 castra
400 3003 554 3070 Postumii
571 3015 757 3088 perrectum.
803 3000 852 3065 Ibi
868 2936 941 3066 buo
956 3002 1090 3066 victores
1104 3023 1193 3066 exer·

135 3091 221 3154 citus
235 3089 414 3172 perculsum
426 3090 492 3176 jam
508 3087 722 3153 iamahostem
734 3087 836 3152 adorti
848 3085 988 3152 fundunt
1003 3085 1191 3186 fugantquer

136 3177 229 3264 signa
244 3176 391 3242 militaria
405 3197 461 3242 sex
476 3191 507 3240 et
521 3174 632 3263 viginti
647 3187 750 3260 capta,
765 3187 796 3238 et
811 3173 981 3258 imperator
1003 3172 1191 3240 Samnitium

137 3263 259 3328 Statius
281 3263 417 3340 Gellius,
447 3261 597 3348 multique
622 3259 674 3324 alii
700 3259 855 3336 mortales,
876 3272 908 3323 et
931 3274 1035 3324 castra
1060 3273 1193 3359 utraque

135 3361 247 3435 capte:
269 3366 301 3414 et
316 3349 341 3388 ⁸⁵
353 3349 540 3426 Bovianum,
558 3346 611 3412 abi
627 3359 753 3432 postero
775 3345 827 3409 die
845 3357 986 3429 coeptum
1002 3344 1191 3430 obpugnata,

546 3493 780 3564 suanacas.

625 3625 637 3652 a

168 3685 202 3732 83
218 3685 279 3732 Cant
292 3683 519 3744 Coniugiaiearibss
534 3712 541 3727 .
560 3712 567 3729 .
584 3711 591 3726 .
600 3679 647 3743 stt·
711 3678 744 3728 84
759 3677 796 3725 Ar
806 3677 893 3736 rigirtti
904 3675 980 3721 millia
987 3671 1119 3736 mans]
1131 3671 1193 3718 Vui-

132 3749 178 3797 dsr
204 3750 273 3795 tertio
299 3746 442 3810 renouatum]
474 3747 532 3794 'iria
560 3745 649 3792 ioedera
679 3745 730 3806 gati
749 3743 843 3790 addunt
856 3739 909 3786 iude
926 3745 983 3786 ante
999 3735 1133 3784 imsiaums
1151 3737 1194 3783 sed

133 3815 302 3862 Romanorum
329 3827 386 3860 eum
413 3811 649 3874 Carthaginiensibus
679 3815 763 3857 eontra
773 3805 1009 3866 scriptorumfidem.

132 3885 191 3926 anta
211 3877 303 3928 Punica
320 3878 383 3924 bella
399 3885 517 3924 memorat
537 3873 619 3936 Polyb.
631 3874 647 3919 l.
712 3872 745 3920 85
762 3872 903 3928 Baranam,
920 3867 957 3914 abi
973 3869 1064 3929 postero
1081 3863 1118 3910 die
1136 3877 1194 3924 ση-

133 3943 184 4002 iii.
217 3943 327 3990 Primum
346 3943 418 3988 refert
429 3941 459 3988 sti
470 3941 577 4002 primum
593 3951 650 3986 eon·
680 3937 743 4002 tum]
759 3937 835 3982 Vacat
846 3933 945 3980 omnino
955 3929 1073 3992 particula
1083 3928 1129 3974 sla
1148 3929 1195 3975 Sati

133 4009 228 4054 adusta
246 4008 274 4054 ia
294 4009 352 4054 urba
370 4005 449 4054 Roma
468 4003 586 4054 libertatis
606 4017 650 4050 an·
681 4009 706 4048 et
731 4009 779 4047 tres
797 4015 811 4048 e
830 3999 897 4046 libris
916 3996 1003 4043 nostris
1023 3993 1195 4053 antiquissimi,

132 4085 204 4120 num.
238 4072 377 4118 Secundum
394 4083 442 4132 quo
455 4077 562 4130 ternpore
573 4068 649 4114 istum
681 4065 886 4127 quemadmodum
901 4059 1011 4108 nonnulii
1030 4071 1044 4104 s
1063 4057 1194 4104 Gronovius

132 4136 219 4194 tuerit,
238 4149 287 4182 nou
308 4134 385 4182 docet.
430 4132 540 4180 'l'ertium
564 4131 650 4193 l’yrrbi
678 4131 917 4188 'nis,isabentu2pta.
951 4124 1011 4171 inde
1028 4122 1194 4184 surplcmurs

133 4200 199 4248 bellu
222 4201 316 4248 iactum
336 4199 411 4246 aas·
434 4198 523 4244 scribit.
566 4193 649 4242 Livius
681 4195 812 4242 Baeturiam
834 4191 889 4238 sris
904 4195 995 4252 postero
1012 4186 1050 4233 die
1068 4189 1138 4248 capta
1156 4199 1197 4246 op·

133 4265 209 4312 uulua
220 4270 386 4312 tantumante
400 4263 445 4309 boc
465 4269 561 4322 tempus
577 4259 650 4308 tutte·
705 4258 790 4320 apsari.
833 4257 904 4311 Quod
931 4255 1064 4300 Glareanus
1093 4249 1196 4297 miratur

133 4330 169 4376 ris
179 4329 303 4385 meminit,
314 4329 329 4376 i.
342 4325 401 4376 Vll.
416 4341 437 4374 c.
448 4325 487 4374 tt.
677 4273 827 4374 bovianum,
842 4321 906 4382 quod
923 4331 996 4382 supra
1013 4331 1034 4365 c·
1045 4315 1084 4364 81.
1096 4321 1196 4378 captum

733 4393 827 4448 unii
