2978 4918
345 213 401 267 ιω
726 203 1003 264 T1r1'L1v11

185 389 213 436 u.
223 377 251 437 c.
263 388 317 436 ass
344 391 488 457 pugnare
501 368 615 432 iterum
631 365 744 456 religio
764 366 868 432 fuerit.
897 367 1001 432 omnis
1016 368 1061 432 ira
1074 363 1148 432 belli
1162 366 1202 432 ed
1217 363 1400 452 populatio-⁴

184 453 318 502 *0⁴⁶⁸-
343 479 416 520 nem
432 455 501 543 egri
515 455 619 519 vertit.
663 455 755 519 Alter
777 454 886 518 consul
902 453 1050 517 AEmilius
1075 455 1107 518 in
1132 453 1257 519 Sabinis
1278 449 1400 516 bellum

343 542 449 630 gessit.
465 554 497 605 et
511 540 565 617 ibi,
588 539 661 640 quin
682 538 780 604 hostis
802 541 961 606 moenibus
984 563 1016 603 se
1041 538 1306 621 tenebraesunt
1330 534 1403 634 agri

344 640 426 693 sunt.
472 626 632 692 Incendris
646 626 769 702 deinde,
787 649 851 690 non
874 627 1020 690 villarum
1043 626 1149 704 modo,
1164 626 1219 690 sed
1241 627 1339 690 etiam
1355 640 1402 684 vr-

344 735 466 790 corum,
481 712 596 799 quibus
610 712 789 796 frequenter
814 713 1024 790 habitabatur,
1042 713 1150 776 Sabini
1172 712 1279 790 exciti,
1300 729 1401 796 quum

345 797 576 884 praedatoribus
591 799 812 876 obcurrissent,
828 799 958 884 ancipiti
976 799 1094 885 proelio
1115 798 1257 888 digressi,
1271 810 1403 883 postero

343 886 396 951 die
411 885 544 951 retulere
565 900 665 949 castra
684 885 718 947 in
739 887 857 949 tutiora
882 887 962 950 loca.
1006 886 1045 950 Id
1060 886 1133 950 satis
1149 883 1270 950 consuli
1285 884 1403 957 visum,

345 993 408 1124 {ull
426 995 486 1058 pro
506 973 591 1036 victo
613 971 802 1057 relinqueret
827 971 959 1048 hostem,
986 973 1112 1056 integro
1142 970 1216 1035 inde
1240 968 1402 1035 decedens

368 1082 385 1124 e
411 1081 439 1122 o.

184 1161 214 1209 tt.
226 1159 251 1207 c.
264 1159 319 1207 tes
389 1143 519 1210 LXIII.
543 1143 630 1209 Inter
646 1146 713 1209 lraec
727 1144 820 1221 bella,
833 1157 978 1208 manente
991 1144 1149 1210 discordia
1160 1145 1258 1221 domi,
1275 1142 1319 1206 T.
1332 1141 1404 1206 Nu·

182 1227 213 1309 ⁸,-
226 1225 254 1272 c·
265 1224 321 1273 ⁴⁶⁷·
347 1234 457 1296 micius
474 1232 612 1309 Priscus,
629 1233 671 1295 Α.
687 1230 850 1331 Virginius
871 1233 1014 1296 consules
1035 1230 1118 1298 facti
1162 1232 1237 1295 Non
1255 1230 1340 1294 ultra
1355 1229 1404 1291 vi-

181 1289 480 1401 llllnllss’debuur
494 1321 598 1382 latura
614 1317 718 1400 plebes
728 1317 945 1381 dilationema
969 1318 1060 1380 rarioe
1071 1318 1160 1404 legis,
1171 1315 1281 1380 ultima
1306 1338 1347 1380 ue
1357 1316 1406 1378 ris

184 1367 303 1466 corsrim
348 1406 530 1490 parabatur,
546 1425 644 1489 quum
661 1402 793 1466 Volscos
805 1404 922 1481 adesse,
938 1340 1075 1468 damoeta
1087 1403 1239 1468 incendiis
1254 1339 1405 1467 villarum

344 1491 483 1580 fugaque
497 1490 677 1575 agrestium,
693 1489 856 1576 cognitum
877 1503 932 1554 est
948 1512 986 1554 ea
999 1512 1048 1553 res
1063 1506 1218 1554 maturam
1240 1489 1304 1552 ‘sm
1321 1487 1407 1552 sedi-

346 1581 465 1644 tionem
480 1575 505 1616 ⁴⁸
514 1583 570 1640 ac‘
584 1596 684 1660 prope
698 1589 915 1660 erumpentem
927 1576 1084 1660 repressit.
1122 1511 1287 1652 Consuies,
1300 1574 1406 1638 coacti

346 1661 510 1748 extemplo
531 1661 571 1726 ab
594 1676 703 1726 senatu
719 1661 759 1725 ad
774 1661 903 1741 bellum,
918 1662 1032 1726 educta
1056 1683 1097 1728 ex
1124 1662 1203 1726 urbe
1222 1663 1405 1748 juventute,

346 1746 597 1833 tranquilliorem
612 1759 749 1811 ceteram
761 1746 883 1832 plebem
899 1747 1050 1813 secenmt.
1094 1747 1137 1814 Et
1146 1749 1253 1813 hostes
1262 1748 1406 1833 quidem,

345 1834 426 1899 nibil
447 1833 534 1898 aliud
549 1855 645 1920 quam
660 1831 794 1918 perfusis
808 1856 889 1898 vano
910 1836 1025 1898 timore
1040 1835 1204 1910 Romanis,
1228 1835 1326 1899 citato
1348 1857 1406 1921 sg-

183 1943 279 1990 seuum
347 1921 434 1987 mine
454 1921 582 1984 abeunt.
628 1920 793 1986 Numicius
808 1922 942 1986 Antium
965 1923 1112 1986 adversus
1135 1920 1277 1998 Volscos,
1294 1921 1408 2009 Virgi-

182 2007 331 2121 ffiflgffl
346 2010 418 2072 nius
432 2019 546 2071 contre
561 2005 687 2107 AEquos
708 2007 876 2108 proiectus.
907 2007 951 2070 ibi
965 2030 1005 2072 ex
1018 2008 1139 2073 insidiis
1156 2030 1263 2094 prope
1283 2031 1407 2110 magna

345 2093 1409 2266 :tittltlttssmlillllvtlattltttttttlfsstlt

344 2268 449 2431 {tlt
462 2265 1254 2420 t‘tlltltlttlttttlltl‘trltlffl’tl
1267 2281 1407 2421 llll?

343 2463 407 2519 sus,
425 2375 599 2520 Cenbnem,
615 2439 701 2504 uliud
716 2375 882 2524 oppidula,
898 2461 1001 2524 nequa
1023 2461 1095 2504 uam
1110 2375 1196 2504 pugo
1201 2441 1404 2527 opulentum,

344 2528 385 2591 ab
396 2527 582 2592 Antiatibus
604 2526 697 2610 cepit.
742 2526 831 2590 Dum
848 2525 948 2610 AEqui
964 2462 1070 2590 lesci
1097 2549 1136 2591 ue
1163 2527 1327 2592 Romanos
1349 2553 1407 2594 ex·

184 2607 212 2653 ¹¹·
225 2609 252 2659 0·
263 2608 318 2657 Μ
344 2614 459 2679 arcitus
473 2627 592 2688 tenent,
610 2612 720 2712 Sabini
746 2633 843 2712 usgue
862 2612 902 2676 ad
912 2623 1030 2761 portas
1045 2549 1132 2677 uibis
1151 2613 1341 2700 populantes
1356 2615 1407 2680 in,

936 2719 946 2760 1

181 2672 212 2719 Α·
226 2673 318 2722 Μω·
344 2721 472 2765 cessere.
498 2697 613 2762 deinde
627 2698 689 2796 ipsi
703 2718 812 2781 paucis
826 2711 898 2782 post
947 2699 1025 2762 ebus
1047 2699 1087 2764 ab
1109 2698 1234 2764 dnobus
1255 2703 1407 2766 exerciti·

344 2785 413 2861 bus,
432 2795 566 2868 utroque
588 2803 646 2867 per
670 2803 749 2846 tram
773 2782 903 2847 consule
927 2783 1069 2872 ingresso
1090 2786 1124 2850 io
1146 2785 1236 2864 fines,
1252 2786 1325 2872 plus
1338 2789 1404 2855 cle·

344 2869 443 2944 dium,
461 2889 554 2954 quam
570 2867 755 2948 intulerant,
768 2881 968 2954 acceperunt.

390 2954 519 3038 LXIV.
543 2953 696 3019 Extremo
709 2975 795 3019 auno
809 2957 896 3040 pacis
917 2956 1039 3041 aliquid
1050 2956 1133 3037 suin.
1148 2960 1214 3038 sed,
1231 2973 1267 3025 ut
1280 2984 1407 3049 semper

344 3039 432 3118 alies,
448 3039 590 3105 sollicitae
604 3040 775 3104 certamine
791 3041 922 3108 Patrurn
942 3055 974 3108 et
994 3043 1105 3130 plebis.
1150 3046 1237 3112 Irata
1251 3047 1343 3133 plebs
1357 3051 1407 3114 in·

344 3139 459 3192 teresse
484 3125 700 3192 consularibus
725 3127 862 3193 comitiis
887 3128 998 3193 noluit.
1045 3129 1108 3196 Per
1131 3133 1239 3198 Patres
1261 3135 1406 3204 clientes·

182 3211 313 3288 ΝΜ·
345 3235 407 3298 que
430 3213 562 3278 Petrum
586 3211 764 3278 ⁴⁹consules
784 3215 882 3281 creati
905 3215 947 3282 T.
968 3214 1149 3296 Quinctius,
1174 3219 1217 3296 Q.
1242 3221 1406 3290 Servilius.

183 3274 326 3388 {ffioo‘cffl'
345 3299 478 3365 similem
500 3320 618 3364 annum
634 3300 733 3384 priori
752 3301 896 3366 consules
917 3301 1044 3380 habent,
1060 3305 1207 3370 seditiosa
1220 3306 1323 3386 initia,
1340 3309 1406 3375 bel·

184 3417 281 3466 &uum
346 3385 380 3450 lo
392 3386 507 3451 deinde
521 3398 657 3450 externo
678 3387 859 3473 tranquilla.
904 3387 1025 3465 Sebini,
1042 3389 1261 3456 Crustuminos
1276 3417 1406 3482 campos

184 3482 308 3532 &norm-
345 3471 443 3538 citato
467 3473 595 3558 angne
620 3473 816 3561 transgressi,
832 3495 929 3560 quum
945 3473 1048 3539 credes
1069 3490 1101 3541 et
1120 3478 1268 3544 Incendia
1283 3483 1407 3547 clrcum

345 3561 500 3626 Anienem
514 3559 633 3622 flumen
654 3558 807 3637 fecissent,
823 3583 844 3626 a
857 3575 950 3644 porta
971 3583 1072 3647 prope
1087 3561 1214 3628 Collina
1230 3568 1404 3634 moenibus·

346 3668 409 3731 que
429 3645 534 3732 pulsi,
548 3645 689 3728 ingentes
714 3645 820 3710 tamen
847 3647 972 3731 predas
996 3648 1161 3714 bominum
1187 3673 1342 3736 pecorum
1367 3679 1408 3721 ue

345 3753 447 3818 egere.
470 3754 549 3818 quos
566 3731 716 3796 Servilius
738 3731 848 3797 consul
871 3731 984 3798 infesto
1004 3737 1146 3800 exercitu
1168 3737 1340 3820 insecutus,
1357 3763 1406 3826 rp-

345 3840 414 3884 sum
425 3859 428 3866 ι
438 3819 567 3904 quidem
588 3839 703 3904 agmen
724 3817 858 3901 adipisci
873 3820 972 3970 aeggris
985 3818 1062 3884 locis
1076 3842 1140 3886 non
1155 3825 1262 3909 putuit
1267 3850 1278 3903 3
1303 3849 1407 3912 popu-

907 3927 916 3969 ι

346 3901 495 3970 lationem
511 3903 592 3968 adeo
606 3903 703 3968 effuse
721 3903 805 3982 fecit,
826 3918 862 3970 ut
882 3926 903 3969 n
940 3904 1061 3971 ilbello
1075 3909 1227 3975 intactum
1246 3912 1406 4000 relinque·

782 4028 969 4076 ‘acdeLGron
1013 4084 1018 4090 ¹

378 4137 411 4186 48
426 4137 463 4186 Aa
476 4152 548 4200 prope
565 4138 731 4203 erumpentem]
752 4139 858 4188 Revoce-
890 4139 952 4204 beat]
970 4141 1060 4192 ottone
1073 4143 1198 4206 repetitlu'
1210 4149 1332 4208 begam
1346 4163 1406 4196 curn

345 4203 427 4250 ulmus
443 4203 586 4263 particulam
607 4215 643 4260 ar,
662 4217 718 4262 quer
737 4210 816 4250 exstat
832 4205 858 4251 iu
890 4203 1004 4268 Dujstior
1022 4209 1121 4258 ramula
1136 4215 1216 4269 erntt,
1238 4213 1266 4259 T.
1285 4213 1408 4272 Qututlur,

346 4274 405 4314 vett.
426 4267 507 4326 editis,
527 4273 552 4313 et
574 4267 598 4312 ln
627 4265 739 4313 omnlbus
770 4268 857 4314 nastris
891 4269 919 4326 Q·
942 4271 1065 4334 Servetur,
1092 4277 1191 4326 truttam
1217 4291 1305 4327 aarum
1325 4281 1408 4342 priori

344 4332 450 4394 scalptis,
462 4345 489 4378 sc
500 4331 595 4378 videtur
606 4331 744 4377 nmrtr.
888 4333 976 4384 must.

378 4395 410 4446 w
427 4395 534 4446 cm
553 4394 801 4446 ffmlesssmla
816 4395 858 4444 Μ·
