3032 4924
459 263 553 322 LIB.
572 263 609 325 V.
635 265 738 324 CAP.
760 261 857 324 XXV.
1124 271 1183 331 ³17

8 399 9 430 i
120 428 265 495 tentibus
280 427 364 497 dats.
411 427 450 494 1n
467 427 597 494 Faliscis
611 428 726 494 bellum
739 427 886 496 restabat.
932 425 1046 492 Βοωω
1059 427 1331 496 interimuntur.

120 514 293 600 multiplex
312 513 428 580 seditio
441 528 528 580 erat:
551 516 639 615 cujus
660 514 816 581 leniendoe
839 537 949 580 caussa
973 513 1129 578 coloniam
1152 515 1185 579 in
1195 513 1225 559 Α·
1238 512 1333 590 (2⁸⁰²-

123 602 270 679 Volscos,
292 623 357 688 quo
378 601 439 664 tria
463 600 562 666 millia
582 601 695 666 clvium
722 604 941 668 Romanorum
964 601 1185 680 scriberentur,
1195 577 1341 688 nfflmm

121 688 347 754 deducendam
364 702 568 752 censuerant:
592 689 812 776 triumvirique
825 689 866 754 ad
882 688 913 752 id
929 687 1025 752 creati
1040 702 1128 752 terna
1135 690 1187 774 ju-

8 827 9 838 ,
121 797 200 861 gera
226 789 259 839 et
280 774 489 859 ”septunces
503 775 618 838 viritim
643 774 825 841 diviserant.
870 775 919 842 Ea
940 773 1067 860 largitio
1082 775 1189 858 sperni

8 899 9 906 κ
122 875 254 946 coepta;
286 861 362 947 quia
390 861 457 945 spei
485 861 612 948 majoris
643 861 823 928 avertendas
853 861 1000 926 solatium
1030 860 1188 948 objectum

122 947 308 1014 censebant.
355 946 424 1010 Cur
447 948 531 1011 enim
558 947 691 1034 relegari
736 949 837 1013 lebam
863 949 895 1013 in
917 947 1061 1029 Volscos,
1088 970 1185 1032 quum
1197 975 1353 1026 vesum..

123 1033 343 1119 pulcherrima
358 1033 435 1098 urbs
450 1033 519 1097 Veii
543 1056 679 1121 agerque
694 972 889 1101 libientanus
903 1036 934 1099 in
950 1047 1119 1118 conspectu
1136 1035 1185 1111 sit,
1196 1042 1300 1103 mitem

123 1121 255 1186 uberior
267 1119 403 1204 amplior
427 1143 465 1184 ue
478 1119 624 1184 Romano
638 1119 741 1208 agro?
764 1121 886 1188 Urbem
900 1143 1026 1208 quoque
1036 1120 1107 1186 urbi
1121 1121 1186 1185 Ro-
1195 1108 1263 1168 ⁹¹⁰³
1274 1107 1322 1156 Μ

125 1230 198 1284 mse,
216 1207 268 1272 vel
287 1207 361 1284 situ,
380 1143 429 1270 vil
451 1206 685 1294 magnificentia
707 1209 905 1292 publicorum
929 1185 1269 1294 privatorumqaem'
1279 1173 1354 1236 ψ’

125 1307 286 1360 tectorum
302 1315 339 1357 sc
349 1293 502 1369 locorum,
517 1293 755 1378 praeponebant.
770 1295 846 1382 quin
861 1295 886 1334 ⁹¹
898 1295 952 1358 illa
966 1317 1092 1444 quoque
1105 1294 1190 1359 actio

129 1381 328 1456 movebatur,
345 1401 418 1466 quae
432 1393 505 1464 post
519 1394 642 1463 captam
661 1381 768 1468 utique
787 1383 923 1446 Romam
947 1405 966 1446 a
988 1380 1090 1446 Galia
1110 1379 1191 1444 cele·

128 1466 251 1532 brutior
274 1465 345 1544 fuit,
371 1465 617 1552 transmigrandi
632 1467 734 1532 Veios.
780 1467 941 1545 Ceterum,
955 1467 1072 1552 partim
1096 1465 1192 1552 plebi,

129 1555 247 1640 partim
274 1552 398 1618 senatui
426 1551 626 1618 destinabant
655 1553 843 1620 habitandos
870 1553 984 1630 Veios3
1010 1553 1193 1640 ⁹²duasque
1305 1603 1309 1612 .

129 1641 226 1704 urbes
242 1639 421 1704 communis
435 1638 618 1724 reipublicae
632 1640 727 1705 incoli
749 1665 768 1705 a
789 1644 911 1727 populo
927 1640 1075 1705 Romano
1088 1661 1193 1724 posse.

130 1725 156 1768 ⁹³
167 1727 332 1792 Adversus
347 1747 419 1812 quae
434 1747 530 1812 quum
548 1727 714 1810 optimates
731 1727 772 1791 ita
788 1727 962 1805 tenderent,
981 1741 1016 1792 ut
1030 1730 1329 1800 moriturosommns

130 1837 161 1878 sa
174 1817 268 1880 citius
278 1813 420 1877 dicerent
435 1815 469 1876 in
480 1823 636 1896 conspectu
646 1817 758 1898 populi
768 1816 912 1891 Romani,
929 1837 1018 1898 quam
1029 1817 1193 1900 quidquam
1202 1818 1338 1879 spumeus

131 1923 236 1964 earum
260 1922 361 1964 rerum
375 1908 546 1983 rogaretur.
564 1903 676 1984 quippe
691 1923 769 1966 nunc
784 1904 816 1966 in
832 1923 893 1966 unu
910 1902 984 1964 urbe
998 1911 1117 1966 tautum
1132 1903 1196 1967 dis·

130 1991 301 2052 sensianum
322 2007 394 2062 csse,
409 1987 485 2069 quid
499 1987 532 2047 in
547 1985 662 2050 duabus
674 1988 782 2072 sore?
814 1989 968 2051 Victumne
988 1997 1023 2052 ut
1037 1990 1194 2072 quisquam

131 2073 380 2156 uictricipatriae
388 2070 582 2155 preferret?
603 2075 782 2158 sineretque,
795 2073 937 2157 majorem
939 2075 1105 2158 fortunam
1121 2095 1195 2158 cap-

131 2161 172 2224 tis
183 2182 246 2224 esse
265 2160 359 2235 Veir's,
375 2180 464 2242 quum
481 2159 676 2223 incolumibus
676 2160 811 2243 suerit?
836 2161 1003 2234 Postremo,
1018 2182 1051 2223 se
1060 2161 1197 2244 relinqui

132 2246 280 2310 acivibus
292 2246 447 2328 lupatria
458 2265 566 2326 posse:
588 2244 656 2308 ⁹⁴ut
667 2249 845 2329 relinquant
856 2247 994 2326 patriam
1005 2248 1194 2328 utquecr'ms,
1222 2297 1225 2304 .

133 2333 250 2396 mdlam
265 2334 325 2396 nim
339 2352 478 2414 rmrquam
492 2331 681 2394 subacturum
692 2355 706 2407 ;
728 2341 757 2396 et
777 2331 813 2394 T.
829 2331 977 2396 Sicinium
1000 2331 1039 2414 (is
1054 2331 1137 2394 enim
1154 2351 1196 2394 ex

133 2420 270 2482 tribunis
292 2417 392 2502 plebis
414 2416 584 2503 rogationis
608 2415 674 2500 ejus
697 2417 780 2481 lator
802 2413 882 2497 erat)
904 2417 1087 2480 conditorem
1109 2415 1196 2481 Veios

133 2516 311 2589 sequantur,
332 2505 439 2568 relicto
454 2504 525 2567 Deo
541 2503 679 2580 Romulo,
703 2505 769 2568 Dei
776 2503 863 2587 filia,
881 2512 1015 2585 parente
1029 2512 1059 2567 et
1073 2514 1197 2568 auctore

134 2592 219 2655 urbis
233 2593 352 2656 Rome.
1060 2587 1062 2594 ’

179 2677 297 2742 XXV.
322 2675 406 2740 Haec
421 2698 517 2762 quum
543 2673 640 2740 foedis
665 2675 888 2740 certaminibus
905 2687 1083 2762 agerentur,
1107 2679 1195 2759 (nam

135 2777 259 2850 partem
276 2763 475 2826 tribunorum
491 2753 591 2846 plebis
609 2762 716 2827 Patres
735 2763 767 2826 in
784 2785 872 2828 suam
888 2763 1073 2827 sententiam
1091 2777 1196 2826 traxe·

135 2854 230 2932 rant),
251 2849 343 2928 nulls
366 2872 416 2912 res
441 2849 502 2912 alia
527 2850 673 2912 manibus
696 2863 872 2934 temperare
896 2848 1021 2934 plebem
1052 2848 1195 2937 cogebat,

136 2959 231 3022 quam
249 2935 345 3023 quod,
362 2935 416 3000 ubi
432 2936 512 2999 rixae
526 2935 763 3003 committendas
778 2959 886 3002 caussa
907 2935 1027 3000 elamor
1046 2947 1134 3000 ortus
1149 2959 1196 3000 es-

136 3039 195 3100 set,
221 3023 380 3107 principes
402 3038 537 3097 senatus,
560 3023 656 3107 primi
677 3023 780 3088 turbae
803 3023 981 3088 obserantes
1003 3045 1046 3100 se,
1062 3023 1138 3106 peti,
1153 3021 1198 3087 se·

138 3109 203 3186 riri,
221 3123 317 3258 atque
332 3108 435 3177 occidi
449 3107 613 3194 jubebant.
630 3108 669 3173 ab
683 3108 797 3176 horum
813 3109 960 3174 aetatibus
974 3109 1197 3198 dignitatibus·

137 3217 199 3280 que
214 3207 247 3260 et
285 3196 435 3260 onoribus
454 3193 609 3258 violandis
623 3194 700 3260 dum
716 3196 940 3272 abstinebatur,
957 3211 987 3261 et
1003 3195 1044 3259 ad
1059 3196 1197 3283 reliquos
1248 3243 1251 3252 ·

137 3281 254 3348 similes
269 3294 402 3347 conatus
417 3281 606 3346 verecundia
631 3281 687 3345 irm
708 3282 872 3359 obstabat3
897 3281 1049 3348 Camillus
1070 3283 1196 3349 idemti-

169 3463 203 3510 aa
228 3463 364 3528 Septunce]
393 3465 489 3526 Septem
512 3467 605 3525 uncias,
626 3467 652 3514 id
683 3467 748 3514 suaa
764 3481 801 3515 res
819 3467 866 3515 alia
881 3469 968 3529 piciens
987 3467 1093 3515 manum
1111 3471 1196 3528 iemps·

139 3535 185 3588 est,
208 3535 304 3588 septem
321 3529 475 3578 duodecimas
493 3527 575 3593 jugeri
598 3545 652 3592 pan
684 3544 737 3579 rere
759 3532 862 3596 mgclat]
891 3534 949 3580 ideo
974 3539 1116 3592 sequentem
1142 3545 1197 3578 ore-

139 3599 182 3640 tes.
683 3597 819 3644 truncatam
859 3599 997 3659 parenthesi
1040 3596 1198 3643 lncludimus.

170 3655 284 3706 lil'Illo
310 3671 396 3720 qnoque
422 3663 482 3710 actio
508 3659 651 3723 metatu]
683 3659 766 3713 Quum
778 3667 860 3708 eutem
884 3662 1099 3709 nimiumdirtaret
1118 3667 1197 3721 poste·

139 3721 177 3770 Ad
188 3724 308 3784 poprrlum
319 3737 416 3786 quoque
426 3727 466 3786 agi
482 3725 652 3786 incipiebatur
684 3725 734 3772 rias
745 3721 818 3787 hujus
829 3727 920 3786 periodi
931 3727 1069 3772 membrum
1079 3737 1095 3771 e
1108 3725 1197 3784 priore,

138 3787 180 3834 llla
196 3801 233 3844 re,
250 3801 307 3848 qun
325 3795 381 3848 post
396 3797 492 3852 ceptam
506 3791 652 3852 praecipuae
684 3790 715 3834 ob
726 3803 781 3836 eam
791 3803 853 3844 rem,
864 3791 975 3837 absolute
993 3790 1145 3836 oratiuncula
1154 3802 1199 3849 op·

139 3853 215 3900 Gallie
232 3851 338 3900 Romam
349 3851 441 3916 majore
451 3856 589 3902 animorum
600 3867 654 3900 mo·
684 3855 808 3911 umerum,
820 3855 904 3902 Livius
914 3861 1009 3901 reuocet
1024 3854 1108 3914 prioris
1119 3865 1199 3900 mem-

139 3922 166 3963 tu
193 3923 219 3964 et
244 3916 447 3976 frequentioribus
470 3921 542 3979 vulgo
566 3919 652 3965 madiis
684 3919 722 3964 bri
738 3920 883 3966 memoriam
901 3919 939 3964 his
954 3919 1044 3976 verbis,
1063 3917 1111 3964 lure
1126 3931 1198 3978 qaum

139 3982 230 4043 aginta
241 3989 288 4040 set,
300 3995 387 4042 nempe
398 3983 562 4044 demigrando
571 3981 652 4029 Veios.
678 3983 1067 4044 sedireertamr'nilasagcrentur.
1133 4015 1136 4022 -

172 4046 204 4094 92
222 4045 546 4107 Duarqneurllercommunlr
564 4047 655 4107 reipul·
717 4046 750 4094 04
769 4045 802 4094 Ut
815 4048 946 4108 relinquant
957 4047 1062 4107 patriam
1079 4049 1147 4106 utque
1162 4047 1199 4093 ci·

140 4108 203 4173 lieael
226 4110 295 4158 Olim
317 4110 376 4156 editi
397 4125 533 4160 murana.
565 4111 654 4160 Merito
686 4111 736 4174 uer]
754 4111 810 4157 Non
831 4111 942 4160 Patribus
958 4111 1109 4172 relinquendi
1127 4117 1197 4160 erent

141 4175 245 4222 mutavit
256 4175 410 4234 Gronovius;
427 4189 529 4238 eamque
540 4178 653 4224 amende
686 4176 761 4235 mres,
772 4177 814 4236 qul
831 4177 946 4223 fluebant
957 4176 1031 4229 abire,
1042 4181 1071 4221 ut
1086 4177 1198 4223 observat

142 4239 231 4286 nonem
249 4240 463 4301 llnnaotquatuor
478 4241 654 4289 Hearniicodi·
687 4241 749 4287 Tan.
767 4239 851 4287 Faber.
886 4241 973 4286 Utrum
998 4241 1038 4288 hic
1062 4241 1197 4301 macerent

143 4315 188 4350 aas.
684 4306 777 4366 aliquid
795 4306 945 4354 librarionrm
961 4317 1058 4363 manus,
1069 4319 1100 4352 en
1113 4303 1197 4352 usim

173 4369 204 4417 88
219 4369 340 4417 Adoneus
361 4383 411 4430 quoe
429 4384 500 4431 quum
521 4372 652 4435 optimates]
685 4371 736 4431 ipse
754 4371 811 4432 styli
828 4369 906 4418 calore
923 4371 1045 4431 abreptas,
1061 4369 1115 4417 allis
1133 4365 1198 4432 uju-

143 4428 232 4481 i’earlet
249 4435 328 4482 oratio
351 4449 427 4495 usque
448 4437 479 4482 ad
501 4435 554 4484 herc
572 4437 652 4490 verba,
685 4437 814 4484 dicandm
826 4434 998 4494 permittimur.
