3032 4924
340 231 399 286 380
704 222 995 296 r1T1L1vt1
1029 219 1048 287 ζ
1112 265 1120 280 .

179 407 208 455 u.
220 405 316 456 csta.
340 399 393 452 ont
409 385 551 462 Rauraci,
574 395 685 471 monto
709 385 841 472 ¹¹mcgis
861 385 988 452 Alliensi
1009 384 1059 450 die
1081 383 1194 450 Alliam
1214 384 1323 468 ipsam
1339 408 1403 450 mo-

177 473 314 522 ΗΜ·
339 483 514 539 numentum
536 481 627 537 tanta
649 473 756 549 cladis,
772 471 1046 554 reformidaturas?
1068 472 1187 554 Species
1208 474 1343 558 prtffecto
1357 474 1403 537 tn's

339 562 383 624 ibi
398 571 495 624 truces
510 559 673 623 Gallorum
687 579 854 644 saniemque
874 559 951 622 uocis
966 559 1101 623 maculis
1116 568 1208 642 atque
1228 559 1261 622 in
1282 559 1404 622 cambris

329 644 415 728 sore.
461 644 532 710 Has
555 645 696 709 inanium
713 667 818 709 rerum
835 643 942 708 inanes
957 645 1040 730 ipsas
1054 644 1215 709 volventes
1237 646 1404 732 cogitatio-

340 755 404 809 nes,
420 730 555 796 tortuose
569 731 631 796 loci
651 731 872 819 delegaverant
895 753 965 816 spes
990 753 1071 796 suas.
1118 728 1257 794 Romani
1280 743 1401 807 conns,

345 816 530 902 Ubicumque
543 829 616 883 esset
632 819 761 882 Latinus
773 817 875 894 hostis,
891 819 968 881 sotis
980 819 1066 899 scire,
1082 839 1147 880 earn
1159 839 1230 894 esse,
1247 839 1343 904 qoem,
1360 819 1403 882 ad

339 905 499 990 Regillum
524 905 621 970 locam
646 906 799 980 depictum,
821 903 976 967 ”centum
1000 926 1142 970 annonem
1169 925 1244 985 pace
1273 904 1402 968 oemio

339 993 493 1056 tenrrerint.
546 993 670 1070 Meam,
688 992 838 1076 insignem
863 991 1006 1070 memoria
1027 990 1133 1068 clodis,
1156 991 1347 1056 irritatorum
1371 1012 1403 1054 se

335 1079 438 1162 potius
453 1080 495 1141 ad
509 1079 665 1142 delendam
681 1079 852 1140 marmoricae
868 1078 1031 1154 dedecoris,
1047 1099 1138 1162 quarn
1152 1087 1184 1141 ut
1200 1078 1336 1141 timorem
1342 1075 1399 1158 so·

340 1166 412 1242 ciat,
428 1187 466 1227 ne
480 1185 541 1248 qna
557 1175 636 1229 terro
656 1165 697 1228 sit
715 1161 835 1244 nefasta
856 1163 988 1228 victoria
1001 1183 1074 1227 sace.
1123 1163 1203 1238 Quin
1217 1161 1311 1246 ”ipsi
1325 1163 1401 1228 sibit

344 1249 432 1314 Galli
446 1252 473 1313 si
487 1249 660 1332 obserantur·
673 1251 724 1314 illo
746 1251 816 1326 loco,
831 1271 864 1313 se
877 1250 921 1312 ita
937 1259 1133 1334 pugnaturos,
1150 1250 1303 1314 aillamis
1321 1271 1401 1334 pug-

339 1338 478 1402 nauerint
492 1339 523 1400 in
536 1339 698 1419 repetendo
719 1337 832 1417 patria,
847 1346 881 1398 nt
899 1345 1018 1418 postero
1040 1336 1090 1398 die
1104 1337 1146 1398 ad
1162 1334 1294 1408 Gabioss
1321 1347 1400 1411 tunc,

341 1444 431 1508 quam
453 1424 612 1512 ffrcerint,
628 1445 664 1486 ne
684 1423 750 1508 quis
771 1422 872 1497 hostis,
887 1423 939 1506 qui
960 1423 1067 1486 mania
1082 1423 1225 1486 Romana
1247 1423 1400 1498 intrasset,

341 1512 478 1574 annatim
492 1511 629 1574 secandae
640 1511 832 1592 aduersaque
838 1507 977 1590 fortuma
990 1509 1109 1572 domum
1123 1505 1279 1590 perferret.

385 1594 524 1659 XXIX.
549 1595 614 1660 His
642 1595 802 1680 utrimque
830 1594 942 1657 animis
969 1593 1010 1658 cd
1040 1593 1157 1660 Alliam
1185 1607 1314 1659 ventum
1344 1607 1401 1659 est.

341 1681 489 1746 Dictator
506 1682 682 1761 Romanus,
698 1697 862 1768 postquam
883 1681 915 1743 in
938 1693 1107 1765 conspectu
1124 1680 1227 1744 hostes
1246 1697 1338 1746 erant
1353 1682 1400 1744 in·

340 1769 450 1832 structi
473 1768 655 1855 intentique,
678 1769 801 1832 Videsne
824 1778 863 1842 tn,
888 1766 1002 1853 inquit,
1017 1769 1056 1830 A.
1077 1767 1241 1850 Semproni,
1262 1768 1320 1832 loci
1332 1765 1401 1849 sor-

341 1865 414 1917 tuna
428 1854 498 1918 illos
509 1851 610 1935 fretos
628 1856 671 1917 od
684 1853 801 1918 Alliam
824 1851 1012 1918 constitisse?
1032 1852 1120 1918 “nec
1140 1854 1199 1918 illis
1214 1854 1272 1917 Dii
1290 1855 1399 1919 inmor-

340 1941 417 2003 tales
430 1940 563 2004 certioris
581 1939 881 2024 qaidqaamfidncire,
897 1937 1054 2024 arajoris'oe
1068 1941 1199 2025 quadril
1213 1941 1333 2017 anxilii,
1348 1943 1400 2004 de·

340 2027 447 2090 derint.
492 2026 536 2090 Ar
556 2037 598 2102 ta,
613 2026 716 2109 fretus
729 2026 823 2089 armis
840 2025 1013 2110 animisque,
1030 2027 1184 2090 concitatis
1196 2026 1279 2110 equis
1292 2027 1401 2092 inuade

339 2113 473 2176 mediam
487 2114 586 2176 aciem
596 2141 615 2175 .·¹
631 2135 686 2198 ego
709 2133 774 2176 curn
791 2112 956 2198 legionibus
970 2113 1003 2175 in
1016 2113 1151 2177 turbatos
1165 2113 1401 2198 trepidantesque

340 2197 470 2280 inferam
484 2200 586 2285 signo.
631 2200 752 2272 Adeste,
769 2199 828 2263 Dii
843 2209 930 2262 testes
942 2197 1082 2280 foederis,
1099 2209 1127 2262 et
1143 2200 1272 2281 expetite
1282 2221 1399 2281 partas,

340 2287 457 2350 debitas
469 2286 559 2350 simol
577 2287 659 2350 uobis
680 2286 810 2362 violatia
831 2286 971 2371 nobisque
984 2285 1009 2323 ¹⁵
1017 2307 1072 2367 per
1085 2297 1212 2350 oestrum
1227 2307 1334 2350 numen
1348 2289 1400 2350 de-
1460 2327 1466 2336 ·

179 2381 319 2460 vincurius
341 2373 440 2454 ceptis.
486 2373 560 2436 Non
587 2373 735 2459 equitem,
756 2393 820 2435 non
840 2371 978 2456 peditem
1004 2371 1178 2436 sustinuere
1199 2370 1400 2436 Praenestini.

178 2445 443 2544 maneant.p,5m0
477 2459 586 2544 inpetu
615 2481 652 2522 ac
680 2456 818 2522 clamore
846 2458 988 2542 dissipati
1016 2459 1142 2522 ordines
1171 2471 1255 2522 sunt.
1301 2459 1398 2538 Dein,

338 2558 505 2632 postquam
531 2545 619 2609 nullo
641 2545 712 2608 loco
735 2543 899 2608 constabat
924 2545 1016 2620 acies,
1040 2558 1129 2631 terge
1150 2556 1293 2620 vertunt3
1325 2567 1400 2609 con-

338 2633 538 2718 sternatique,
554 2644 586 2696 et
599 2643 716 2714 proetcr
730 2644 833 2696 castra
847 2630 941 2694 etiem
967 2653 1023 2695 suc
1036 2653 1154 2716 pavore
1175 2629 1311 2715 praelati,
1336 2653 1399 2696 non

338 2723 425 2803 prius
445 2741 478 2781 se
499 2717 540 2781 ab
561 2715 661 2782 effuso
682 2739 775 2780 cursu
806 2717 929 2793 sistunt,
946 2738 1040 2802 quam
1066 2718 1099 2780 in
1121 2731 1292 2802 conspectu
1313 2717 1399 2783 Proe-

337 2817 426 2868 neste
441 2803 509 2867 fuit.
556 2803 605 2867 lbi
619 2803 694 2868 ’θοι
709 2802 782 2890 fuga
804 2803 959 2887 dissipati,
973 2802 1092 2880 locum,
1112 2825 1205 2888 quem
1226 2805 1399 2880 numultuu·

337 2889 387 2952 rio
401 2911 497 2974 opere
513 2891 754 2971 communirent,
770 2889 921 2972 capiunt:
944 2911 993 2966 ne,
1007 2889 1034 2952 si
1050 2890 1132 2954 intra
1152 2891 1270 2955 rnoenia
1292 2913 1326 2955 se
1349 2914 1396 2956 re-

338 2977 501 3060 cepissent,
518 2975 678 3058 extemplo
700 2989 845 3039 ureretur
864 2997 949 3064 ager,
971 2975 1232 3061 depopulatisque
1251 2977 1400 3042 omnibus
1481 2969 1484 2980 ’

338 3061 462 3125 obsidio
480 3062 557 3125 urbi
569 3061 748 3125 inferretur.
794 3062 868 3136 Sed,
884 3077 1063 3148 postquam,
1079 3063 1210 3146 direptis
1225 3063 1266 3126 sd
1281 3064 1398 3128 Alliam

339 3149 458 3220 castris,
471 3149 572 3212 victor
587 3149 753 3212 Romanus
768 3147 886 3224 aderat,
903 3147 935 3212 id
951 3169 1077 3234 quoquc
1100 3150 1335 3218 munimentum
1351 3171 1398 3214 re·

175 3248 292 3324 appias·
339 3233 466 3298 lictum}
490 3248 531 3310 et,
548 3235 601 3298 rix
623 3236 740 3298 tnoenia
763 3245 831 3297 tuta
853 3236 924 3311 rati,
940 3235 1059 3319 oppido
1073 3257 1106 3298 se
1123 3233 1285 3300 Praeneste
1298 3236 1399 3301 inclu-

176 3315 303 3362 ΜΨ·
339 3321 430 3386 dunt.
476 3321 561 3385 Octo
583 3336 737 3403 praeterea
758 3319 876 3406 oppida
900 3336 989 3384 erant
1012 3320 1071 3386 sub
1094 3321 1213 3385 ditione
1230 3321 1399 3388 Praenesti-

175 3391 326 3492 paroman-
339 3429 464 3474 norum.
498 3407 537 3472 ad
568 3430 606 3472 ea
633 3407 854 3472 circumlatum
891 3401 1024 3472 bellum:
1062 3409 1282 3494 deincepsque,
1313 3409 1398 3474 haud

748 3525 955 3595 trauainai.

370 3680 400 3728 21
418 3680 505 3742 Magis
512 3679 669 3742 Allienddie]
687 3679 851 3740 Magisqusm
884 3679 938 3725 r'llr'r.

336 3748 469 3796 Alliensem
489 3747 562 3794 diem.
596 3744 706 3792 Fortasse
717 3745 852 3790 mettusvi-
915 3741 1027 3791 awo
1053 3747 1154 3790 uestrum
1183 3757 1267 3789 numen
1288 3741 1397 3806 deceptis}

338 3814 421 3860 dentur
439 3813 500 3858 diras
518 3811 617 3856 ultimas
634 3822 780 3868 vocemqua
797 3821 851 3867 pro·
883 3807 932 3862 Qui
953 3822 1030 3868 quum
1049 3809 1225 3854 confideremus
1250 3809 1335 3857 {oedert
1360 3809 1398 3855 cui

336 3879 676 3940 tectosuperrecancoepunt,
696 3873 796 3918 omnino
810 3873 851 3918 de·
883 3879 990 3918 vestrum
1017 3885 1108 3919 numen
1135 3874 1280 3919 advocatum
1309 3876 1397 3925 tuerat,

337 3943 393 3988 lere.
528 3949 536 3956 '
719 3965 722 3972 =
883 3937 960 3984 delusi
971 3935 1055 3982 uulnus
1067 3951 1081 3983 a
1093 3937 1224 3998 t'oediirsgir
1235 3939 1397 3984 Praenestinis·

369 4006 400 4054 22
419 4005 517 4052 Centum
540 4001 665 4064 annnam]
693 3999 757 4047 Vide
779 4013 852 4060 supra
884 3999 922 4047 Sic
945 4001 962 4048 l.
982 4001 1001 4046 l.
1025 4015 1045 4046 c.
1068 3998 1090 4047 9.
1109 4015 1154 4062 per
1167 4003 1211 4063 Jirr
1226 4017 1254 4048 ac
1266 4002 1342 4064 fidem
1360 4003 1397 4048 dc-

336 4077 387 4119 not.
400 4070 437 4117 10.
449 4069 479 4113 sd
490 4081 512 4114 c.
523 4066 545 4113 2.
822 4089 825 4098 =
882 4079 894 4110 c
921 4067 947 4110 ti.

368 4127 467 4192 281pri
485 4131 528 4176 etot
546 4127 623 4192 Galle]
642 4129 792 4176 laser-ulmus
808 4141 850 4172 vo·
893 4079 946 4176 ‘pii
962 4129 1003 4174 Ea
1014 4128 1082 4190 fuga
1097 4129 1215 4192 dissipati]
1233 4131 1317 4185 Quum
1329 4131 1395 4177 dissi·

337 4211 389 4244 cem
407 4197 460 4250 rili,
479 4207 552 4254 quarn
572 4196 597 4240 tn
621 4194 715 4253 scriptis
731 4201 756 4240 et
771 4193 849 4253 procis
881 4195 1095 4252 pctihactttocex
1111 4195 1170 4254 tuga
1186 4193 1395 4256 missenajamin

335 4263 407 4306 editis
425 4266 519 4306 exstare
538 4265 640 4305 testatur
659 4259 805 4314 Gronovius,
825 4265 851 4302 et
882 4271 959 4304 tinum
982 4259 1122 4320 colligentes
1145 4273 1180 4316 ae,
1205 4261 1238 4306 ibi
1257 4261 1341 4306 locum
1358 4273 1399 4305 ca-

335 4325 503 4370 trabentduoe
514 4323 608 4368 nmine
882 4323 959 4382 piant.

367 4389 399 4436 Ἃ
416 4389 469 4434 Nec
490 4387 550 4450 illis]
579 4387 658 4446 lllngis
681 4386 785 4444 placeret
808 4385 849 4430 Nc
