3032 4924
279 435 337 538 T.
388 432 590 538 LIVII
638 433 1029 540 PATAVINI

469 659 672 742 ninnn
708 659 809 741 vn.

540 894 733 938 «Φ-

109 1097 282 1176 ANNUS
297 1107 347 1172 hic
363 1111 423 1172 erit
437 1111 567 1196 insignis
581 1111 676 1174 ¹novi
693 1107 830 1174 hominis
845 1105 1022 1188 consuiatu,
1039 1109 1208 1198 insignisti.
1221 1129 1313 1179 cusa.

109 1197 196 1260 noris
219 1195 346 1260 duobus
372 1197 615 1296 magistratibus,
648 1209 787 1282 praetura
817 1209 850 1259 et
877 1197 980 1260 curuli
1010 1194 1314 1260 militaret-0³⁶³·

113 1281 181 1346 Hos
211 1283 272 1346 sibi
300 1281 423 1368 patricii
453 1285 626 1434 puaesivere
656 1281 790 1346 honores
820 1305 879 1366 pro
908 1301 1055 1346 concesso
1084 1257 1317 1371 piebikffiig
1349 1321 1354 1338 ·

111 1367 209 1432 nitcro
229 1371 406 1434 consulatu.
481 1369 564 1434 lebes
584 1368 781 1434 consulatum
799 1367 838 1434 L.
857 1367 974 1444 Sextio,
990 1370 1079 1433 cu'us
1100 1371 1169 1470 iege
1177 1388 1244 1436 coss.

111 1470 219 1542 partus
246 1467 324 1532 erat,
352 1455 457 1520 dedit:
495 1455 604 1520 Patres
628 1467 798 1540 praeturam
826 1455 882 1540 Sp.
910 1453 1007 1519 Furio
1026 1392 1080 1520 iii.
1104 1450 1317 1518 fihoi’rrmnsus

113 1541 266 1620 Camilio;
294 1541 474 1606 oedilitatem
493 1542 551 1606 Cn.
569 1541 722 1619 Quinctio
743 1541 924 1627 Capitolino
945 1554 977 1606 et
993 1539 1030 1606 P.
1048 1539 1168 1607 Corne-
1177 1517 1269 1627 2222,

110 1628 151 1693 iio
174 1627 329 1714 Scipioni,
346 1650 473 1692 suarum
495 1630 637 1716 gentium
661 1629 745 1706 viris,
760 1629 883 1716 'gratia
908 1630 1075 1714 campestri
1095 1627 1168 1693 icc-
1177 1647 1304 1695 moret

150 1730 234 1780 runt.
283 1714 323 1782 L.
342 1715 451 1781 Sextio
474 1713 595 1816 coiiega
616 1735 655 1778 ex
677 1713 825 1780 Patribus
850 1715 942 1779 datus
961 1715 1000 1780 L.
1017 1709 1335 1781 AEmffiusaediiescuru-

151 1799 341 1867 ameroinus.
387 1799 551 1886 Principio
581 1801 655 1868 anni
686 1815 718 1867 et
746 1803 785 1866 dc
813 1801 927 1881 Gallis,
957 1825 1035 1888 quos
1064 1775 1332 1888 primofflfflm

110 1888 230 1973 palatos
244 1907 305 1974 per
320 1887 470 1988 Apuliam
483 1887 669 1977 congregari
680 1887 746 1973 jam
763 1887 846 1952 fama
857 1901 935 1966 erat,
951 1902 983 1953 et
996 1889 1037 1954 de
1050 1887 1171 1954 Herni-

111 1995 218 2040 corum
241 1974 419 2039 defectrone
483 1974 558 2038 itata
579 1974 708 2039 mentio.
754 1973 864 2052 Quum
879 1973 1173 2040 deindustriaom·

111 2062 170 2140 nia,
187 2084 228 2126 ne
244 2061 323 2148 qnid
338 2083 396 2147 per
409 2061 462 2146 ple
484 2062 568 2125 eium
589 2059 749 2124 consulem
772 2074 930 2148 ageretur,
945 2059 1173 2146 proferientur,

112 2148 271 2213 silentium
286 2147 427 2211 omnium
442 2166 549 2211 rerum
570 2167 607 2210 ac
627 2146 751 2232 justitio
776 2145 877 2211 simile
896 2147 996 2210 otium
1012 2146 1089 2212 fuit:
1112 2149 1171 2212 nisi

113 2233 197 2318 qood
223 2255 289 2298 non
312 2233 504 2318 patientibus
530 2234 659 2298 tacitum
684 2232 829 2310 tribunis,
856 2233 940 2318 quod
963 2232 1174 2318 proconsule

113 2341 174 2386 uno
188 2319 318 2406 plebeio
333 2333 396 2384 tres
410 2321 559 2406 patricios
584 2318 794 2407 magistratus,
811 2317 974 2383 curulibus
993 2317 1076 2383 sellis
1089 2341 1175 2405 prae·

111 2415 244 2472 tentatos
271 2419 431 2494 tamquam
457 2405 599 2472 consules
624 2404 779 2482 sedentes,
795 2404 943 2470 nobilitas
965 2403 1024 2469 sibi
1048 2407 1176 2469 sumsis-

111 2509 166 2574 set,
181 2505 356 2579 praetorem
379 2492 507 2581 quidem
534 2493 628 2558 etiam
647 2492 722 2578 juro
743 2491 939 2569 reddentem,
952 2505 983 2555 et
998 2489 1174 2578 ⁴collegam

112 2581 305 2658 consulibus,
329 2591 423 2666 atque
437 2578 548 2645 iisdem
564 2577 710 2665 auspiciis
725 2592 876 2654 creatum,
892 2577 1079 2643 verecundia
1100 2579 1175 2644 inde

112 2667 250 2752 inposita
280 2681 327 2732 est
352 2667 473 2731 senatui
499 2687 540 2730 ex
571 2665 718 2730 Patribus
748 2665 883 2815 pubendi
912 2663 1020 2729 aediles
1050 2663 1175 2730 curules

113 2756 220 2820 creari.
245 2755 361 2840 primo,
376 2769 413 2818 ut
427 2753 557 2820 alternis
571 2752 661 2816 annis
676 2775 714 2816 ex
729 2753 820 2836 pebe
835 2753 956 2829 fierent,
967 2763 1173 2817 convenerat:

112 2853 221 2924 postea
246 2841 462 2924 promiscuum
485 2837 555 2904 fuit.
600 2837 691 2916 inde,
709 2838 749 2903 L.
765 2837 913 2903 Genucio
934 2851 966 2904 et
981 2837 1322 2916 Q..serviii0u.c.sso.

113 2927 310 3003 consulibus,
339 2939 371 2992 et
398 2928 440 2992 ab
469 2925 624 3001 seditione
651 2937 684 2990 et
711 2947 730 2989 a
760 2924 840 2989 bello
863 2925 976 3011 quietis
1005 2925 1107 3004 rebus,
1134 2915 1321 2990 nei-0⁸⁶²·

546 3015 554 3028 .
612 3015 618 3028 .
927 3013 934 3027 .
1005 3011 1012 3026 ·
1066 3013 1073 3027 .
1184 2982 1338 3038 L.Genucio,

113 3014 243 3098 quando
267 3035 287 3076 a
308 3027 394 3077 metu
422 3035 460 3077 ac
488 3011 635 3098 periculis
666 3025 825 3089 vacarent,
857 3012 1035 3098 pestilentia
1064 3033 1323 3164 infiensawffio

113 3113 192 3165 orta.
248 3099 431 3177 Censorem,
463 3097 585 3164 aedilem
615 3098 768 3176 curulem,
800 3112 863 3163 tres
894 3099 1040 3164 tribunos
1075 3122 1097 3185 p
1128 3099 1176 3165 bis
1185 3113 1333 3224 palm

147 3280 159 3325 l
178 3279 244 3328 Noui
256 3275 367 3341 mnis]
385 3279 466 3325 Nasus
482 3278 548 3324 imno
567 3275 633 3324 dice·
663 3276 771 3336 auspiciis
791 3270 907 3337 mesum]
930 3275 988 3322 ideo
1006 3276 1098 3336 coiiegs
1119 3289 1177 3322 con-

115 3345 196 3398 ussus.
206 3338 280 3404 cujus
296 3356 310 3388 e
325 3340 459 3405 msjonirus
473 3355 545 3389 nemo
561 3355 632 3388 euru·
664 3341 757 3387 sulibos
767 3341 893 3387 dicebatur
904 3346 1002 3401 pretor,
1017 3341 1075 3400 quia
1091 3339 1178 3387 iisdem

114 3408 162 3454 lein
184 3407 359 3468 mgistratum
382 3413 497 3468 gaurai,
519 3407 562 3466 qui
579 3407 633 3451 nul·
664 3405 777 3464 auspiciis
796 3405 929 3458 crmbstur.
938 3411 967 3450 ut
982 3406 1053 3451 docet
1065 3403 1180 3450 nimus

114 3473 163 3520 ism
178 3474 285 3520 behem
300 3471 400 3532 proinde
414 3469 534 3535 majorum
546 3471 632 3531 imagi·
664 3471 729 3530 apud
743 3471 808 3518 Geli.
823 3467 899 3516 xlii.
917 3469 955 3515 14
989 3467 1079 3514 iisdem
1096 3474 1179 3514 sutem

114 3550 179 3586 nem.
212 3539 282 3584 Nouo
302 3536 393 3584 domiai
413 3539 578 3598 opponebatur
592 3549 634 3583 so·
664 3534 777 3594 auspiciis
794 3534 878 3591 cressi,
897 3547 945 3580 non
962 3537 1000 3579 est
1016 3533 1102 3579 iisdem
1125 3537 1179 3578 tsn-

114 3599 173 3648 iius
207 3601 267 3651 vid.
279 3599 446 3650 nocensne.
458 3597 557 3649 iiiii.
665 3604 719 3644 tum
736 3597 850 3651 comitiis,
869 3599 912 3644 sed
930 3597 1004 3642 etism
1022 3595 1133 3657 captati.
1151 3602 1179 3642 ut

146 3666 270 3719 wratiss
291 3667 426 3732 emmim]
451 3666 515 3719 Quia
535 3665 634 3712 comnis
666 3664 769 3720 videtur,
781 3664 865 3710 codun
878 3662 1049 3709 modoscritu
1065 3660 1179 3720 suspiciis

115 3735 263 3785 aarum,
276 3729 365 3791 quibua
379 3730 632 3791 cosmianprutures,
665 3727 748 3783 menri
766 3729 918 3786 obesisque
943 3735 1041 3772 causam
1068 3721 1178 3786 ejusdem

115 3809 228 3845 oensosoe
258 3795 411 3850 creabantur.
430 3797 581 3842 mutantur
607 3795 634 3842 in
665 3792 756 3841 ordinis
781 3805 810 3839 sc
833 3790 928 3851 generis
955 3789 1062 3850 sardeis
1082 3790 1180 3835 habers.

114 3873 203 3924 caupo
215 3859 325 3912 Martios
342 3859 397 3906 inde
408 3861 491 3920 graus
501 3860 634 3920 campestris
666 3856 741 3904 Porro
751 3855 858 3917 suspicis
868 3855 997 3901 consulum
1010 3867 1038 3900 sc
1048 3859 1179 3916 pretonnn

117 3928 228 3974 mitur
242 3937 287 3986 pro
305 3923 388 3970 iuvere
402 3925 521 3984 populari,
533 3937 581 3984 quo
592 3925 635 3971 iro-
668 3919 777 3984 ejusdem
796 3919 886 3967 ordinis
905 3924 983 3978 erant,
994 3925 1023 3966 ut
1040 3923 1135 3965 constat
1150 3931 1181 3963 ex

115 4003 187 4038 sores
197 3991 246 4038 sibi
256 3987 312 4050 quis
327 3989 412 4036 siiisre
423 4001 439 4036 s
454 3990 543 4050 papirio
553 3999 638 4036 mme-
668 3989 721 4034 loco
733 3989 762 4032 Α.
774 3985 846 4032 Gsiiii
857 3995 930 4046 suprs
940 3989 1083 4037 memorato,
1095 3995 1183 4042 qusm-
1234 4037 1239 4044 A

117 4057 249 4114 quebstur.
668 4053 713 4105 sis.
725 4050 768 4098 ubi
779 4051 873 4097 diversa
890 4047 920 4094 iis
935 4047 1043 4107 suspicis
1058 4047 1184 4107 continge-

148 4117 315 4180 sospem]
334 4115 473 4164 iiiiacerunt
493 4124 522 4163 ut
539 4115 636 4178 capito-
668 4121 730 4171 rent,
748 4115 876 4162 consitium
904 4111 1011 4172 suspicis
1031 4113 1110 4174 msgis
1131 4117 1184 4170 rats

118 4185 184 4230 hasa
194 4190 222 4230 et
234 4179 315 4242 Scipio
329 4188 452 4242 πρωὶ.
484 4180 589 4236 Quidam
607 4183 638 4228 ii-
669 4187 763 4227 essents
781 4176 851 4242 enjus
861 4177 897 4224 rei
911 4175 1184 4237 insigne'sssumostum

117 4249 168 4295 bris
187 4247 308 4294 &aaut
669 4243 880 4305 sststapusti.
892 4235 987 4290 Mani.
1000 4240 1101 4290 inca
