2986 4930
421 196 515 260 uta
533 195 568 260 1..
591 198 695 290 cete
718 197 799 271 avr.
832 185 835 202 ’
1095 205 1140 284 ns

75 383 167 448 opera3
188 355 319 428 ”loros
347 363 385 442 io
411 364 508 434 c‘irce
520 361 691 442 faciendos,
718 361 923 465 cloacamque
948 363 1290 444 maximamttortmm-

76 447 300 535 receptaculum
322 450 478 516 omnium
503 465 784 536 purgamentorum
808 449 906 529 orbus,
929 450 990 518 sub
1016 461 1185 516 terram⁶⁰²
1201 447 1287 523 ,⁰¹⁰⁸ss

76 535 237 624 agendam:
262 535 386 623 quibus
405 535 529 602 duobus
551 537 700 621 operibus
718 537 771 600 vix
794 560 878 602 nova
894 537 966 603 boec
986 523 1258 626 meguid-mm*

75 623 163 688 centia
177 621 363 710 quidquam
384 623 427 688 ad
478 644 551 688 uate
565 623 680 708 potuit.
725 621 790 694 His
809 619 973 691 laboribus
994 623 1145 708 exercita¹

75 710 163 794 plebe,
179 713 260 796 quia
275 703 310 776 e't
322 709 398 776 urbi
415 645 662 788 rilriltitudinem,
678 707 734 774 ubi
757 733 832 776 usus
853 733 916 783 non
940 723 1030 790 esset,
1043 711 1145 778 oneri¹

72 797 194 862 rebatur
209 819 292 872 esse,
310 808 343 863 et
356 795 478 862 colonis
493 792 653 861 mittendis
667 797 816 882 occupari
839 797 933 862 latius
954 793 1080 887 imperii
1094 793 1134 862 fi-

71 903 120 948 nes
146 881 300 957 volebat3
326 881 470 970 Signiam
493 883 696 1032 Circeioppue
715 885 844 948 colonos
867 883 960 963 misit,
984 883 1134 970 praesidia

72 970 138 1034 urbi
151 967 265 1036 futura
283 967 311 1007 ’⁸
322 981 407 1037 terra
422 969 574 1056 marique.
660 991 706 1032 aec
721 970 828 1056 agenti
842 984 1024 1060 portentum
1041 971 1287 1051 terri-uuquam·

71 1057 129 1121 bile
150 1057 269 1122 visum.
293 1057 416 1144 anguis,
435 1077 475 1120 ex
497 1053 645 1120 columne
666 1055 771 1147 lignea
796 1056 930 1143 elapsus,
947 1079 1045 1144 quum
1068 1054 1245 1124 ter-effi*nti

72 1165 175 1212 rorem
191 1141 368 1230 fugamque
392 1139 426 1204 in
447 1141 566 1230 regiam
591 1139 724 1218 fecisset,
747 1141 844 1228 ipsius
865 1143 949 1231 regis
973 1165 1038 1208 non
1065 1131 1299 1256 tamffimm:

69 1229 175 1296 subito
200 1250 323 1316 pavore
387 1227 482 1292 rculit
504 1242 623 1314 pectus,
640 1251 735 1315 quam
757 1230 863 1297 anxiis
883 1228 1014 1315 inplevit
1037 1231 1132 1314 curis.

71 1311 185 1402 ltaque
206 1338 342 1402 quuma
378 1313 508 1400 publica
522 1310 669 1401 prodigia
685 1313 812 1381 Etrusci
832 1328 954 1380 tantum
971 1329 1056 1388 vates
1077 1316 1134 1381 ad·

70 1401 269 1480 biberentur,
285 1400 347 1466 hoc
361 1400 448 1465 velut
462 1400 635 1468 domestico
655 1402 824 1476 exterritus
838 1401 917 1480 visu,
933 1399 1079 1486 Delphos
1092 1401 1134 1479 ael

69 1490 210 1554 maxime
226 1485 370 1552 inclitum
392 1487 425 1552 in
448 1487 540 1552 terris
556 1485 720 1554 oraculum
744 1488 869 1554 mittere
890 1487 1009 1568 statuit.
1032 1511 1136 1591 neque

69 1597 223 1661 responso
248 1573 416 1638 ²⁴sortiom
445 1572 499 1637 ulli
523 1573 576 1638 alii
603 1574 800 1639 committere
825 1597 929 1652 ausus,
946 1573 1027 1640 duos
1053 1572 1135 1656 filios

70 1685 125 1746 per
147 1662 276 1749 ignotas
290 1682 328 1724 ea
348 1671 533 1744 tempestate
556 1671 664 1736 terras,
681 1661 840 1748 ignotiora
861 1661 975 1742 maria,
989 1661 1022 1737 in
1039 1661 1136 1728 Grue-

73 1749 152 1814 ciam
176 1748 274 1812 misit.
318 1745 414 1812 Titus
429 1759 461 1810 et
476 1747 583 1810 Aruns
594 1743 739 1829 profecti.
765 1770 870 1817 comes
885 1747 935 1829 hie
949 1743 1077 1816 additus
1094 1745 1136 1818 L..

73 1835 189 1899 lunius
214 1833 346 1909 Brutus,
362 1831 540 1918 Tarquinia
563 1831 708 1896 ¹‘sorore
734 1833 816 1928 regis
845 1847 950 1918 notus,
978 1826 1133 1922 ²⁶juvenis
1143 1843 1173 1896 L·
1183 1843 1275 1894 Juoiue

73 1921 166 2009 louge
181 1919 262 1991 alius
276 1919 418 2008 ingenio,
435 1941 529 2004 quam
539 1917 628 2004 cujus
639 1918 870 1986 simulationem
885 1920 1044 1991 indueret.
1089 1919 1132 2000 la,
1164 1915 1243 1957 ’Μ’

73 2031 170 2094 quum
187 2007 342 2092 primores
364 2005 507 2082 civitatis,
523 2005 556 2069 in
572 2003 687 2090 quibus
709 2003 837 2072 fratrem
855 2030 947 2075 suum
968 2007 1009 2072 ab
1034 2031 1134 2074 avun-

74 2094 144 2158 c'ulo
158 2091 364 2158 interfectum
389 2091 537 2170 audisset,
557 2113 664 2178 neque
688 2091 721 2156 in
744 2093 852 2161 animo
874 2117 933 2160 suo
959 2095 1135 2185 quidquam

74 2181 138 2268 regi
167 2178 361 2255 timendum,
383 2199 487 2268 neque
510 2178 542 2242 iu
568 2177 697 2243 fortuna
721 2181 1006 2266 concupiscendum
1037 2181 1136 2246 relin-
1186 2243 1190 2253 ,

74 2290 167 2354 quere
191 2269 314 2342 statuit,
330 2277 579 2350 contemtoquer
601 2275 687 2330 tutus
713 2287 790 2346 esse,
806 2265 861 2332 ubi
883 2265 915 2330 in
932 2265 1006 2353 jure
1021 2289 1136 2354 parum

74 2352 213 2438 praesidii
242 2363 335 2424 esset.
392 2351 480 2438 Ergo
503 2373 544 2416 ex
571 2348 727 2418 industria
747 2351 848 2420 factus
862 2353 902 2418 ad
926 2351 1134 2420 imitationem

74 2440 224 2516 stultitiae,
240 2461 342 2526 quum
369 2459 403 2502 se
428 2459 545 2524 suaque
567 2437 687 2524 praedae
712 2459 779 2501 esse
803 2437 870 2526 regi
897 2438 1025 2520 sineret,
1042 2439 1136 2505 Bruti

74 2549 200 2615 quoque
214 2525 303 2590 haud
323 2523 436 2588 abnuit
450 2545 644 2607 cognomen:
669 2536 705 2586 ut
718 2523 776 2589 sub
789 2523 854 2610 ejus
869 2523 1001 2591 obtentu
1017 2547 1136 2615 cogno-

76 2615 164 2679 minis
179 2611 333 2678 liberator
348 2609 402 2676 ille
424 2609 533 2696 populi
552 2602 690 2676 Romani
712 2608 836 2677 animus
858 2610 958 2676 latens
972 2633 993 2674 o
1017 2611 1133 2697 perire.-

74 2713 123 2762 tur
137 2715 287 2784 tempora
312 2721 383 2762 sua.
442 2692 474 2762 le
490 2709 555 2761 tum
582 2696 623 2761 ab
638 2693 823 2786 Tarquiniis
848 2697 962 2762 ductus
1013 2691 1137 2784 alphos,

75 2783 246 2852 ludibrium
262 2787 378 2864 verius,
395 2803 489 2871 quam
514 2805 631 2861 comes,
654 2806 784 2848 aureum
810 2781 960 2849 baculum
975 2783 1134 2852 inclusum

73 2871 226 2938 ²⁷corneo
249 2883 363 2937 cavato
389 2867 431 2934 ad
453 2867 484 2932 id
500 2867 615 2934 baculo
638 2869 747 2936 tulisse
761 2867 882 2938 donum
898 2867 1042 2955 Apollini
1057 2869 1137 2938 dici·

75 2971 133 3038 tur,
148 2982 209 3046 per
223 2957 376 3043 ambages
391 2953 524 3044 effigiem
546 2955 664 3042 ingenii
678 2957 738 3025 soi.
783 2956 860 3034 Quo
873 2971 1045 3044 postquam
1059 2981 1137 3026 uen-

75 3061 137 3110 tum
152 3057 213 3127 eat,
228 3043 379 3132 perlectis
402 3043 499 3128 patria
515 3039 679 3119 mandatis,
695 3041 813 3128 cupido
826 3041 991 3109 ”incessit
1012 3043 1138 3112 animos

71 3131 224 3216 juvenum
253 3127 447 3204 sciscitandi,
474 3127 514 3196 ad
538 3151 632 3215 quem
657 3150 766 3192 eorum
793 3149 928 3218 regnum
954 3131 1138 3200 Romanum

73 3234 150 3284 esset
163 3232 347 3286 venturum.
394 3213 444 3280 Ex
465 3211 577 3278 infimo
591 3236 686 3300 specu
702 3235 811 3280 vocem
832 3215 990 3282 redditam
1012 3217 1136 3284 feruntr

460 3410 597 3454 rmntemta
608 3407 682 3458 Grau·
694 3409 764 3460 cm.

102 3603 251 3668 22·le
277 3601 378 3667 sedilia.
396 3613 410 3646 e
431 3598 519 3660 quibua
537 3595 590 3644 luat
655 3599 687 3648 26
701 3597 815 3665 savara]
833 3601 1063 3651 Eltamennonlta
1072 3604 1138 3651 mul·

72 3676 244 3727 mmm.
279 3665 340 3712 Vld.
352 3675 427 3724 cupra
436 3679 458 3712 e.
468 3663 508 3710 85.
622 3667 733 3725 topoatl.
741 3667 803 3714 ll-e.
813 3664 892 3714 duduc
902 3665 1140 3716 usedlcunturado·

103 3732 242 3781 wrm
255 3727 376 3792 ramique]
394 3728 476 3790 Signia
494 3728 520 3774 lu
538 3741 592 3775 me-
622 3728 798 3790 leseentesflllr',
831 3731 879 3780 &d
894 3732 1138 3794 vespasianum

71 3794 206 3846 &manea
216 3797 283 3844 berit
299 3794 398 3854 regtooe
414 3793 460 3840 tlte
476 3799 523 3852 eat,
536 3793 592 3840 Clr·
623 3795 703 3842 multo
719 3801 795 3856 patet,
814 3809 888 3863 qupm
911 3802 994 3846 uottm
1012 3795 1054 3842 itta
1065 3799 1139 3859 jem

72 3861 234 3912 ‹ellados-am
246 3860 333 3908 marle-
622 3857 720 3906 homme.
761 3859 839 3922 Supra
860 3861 1042 3910 observavimus
1063 3863 1094 3908 ed
1115 3875 1138 3909 c.

103 3925 136 3974 tt
150 3921 273 3988 aarum]
297 3921 379 3971 stuta
396 3921 464 3970 fuere
486 3923 591 3979 oracula.
623 3919 664 3970 43.
672 3921 779 3986 janiam
795 3927 901 3974 dimon
920 3924 1037 3974 Romania
1051 3925 1139 3974 man-

75 4002 89 4033 ι
107 3992 195 4051 qmbua
211 4001 332 4050 responsa
353 3999 396 4064 peu
410 3994 485 4034 sortes
501 3989 592 4035 daban·
623 4001 684 4036 num
695 3991 774 4038 etati·
804 4043 808 4051 ⁸

77 4059 120 4110 terr,
138 4063 166 4102 ut
181 4067 339 4117 uponemua
356 4065 382 4098 m
397 4057 447 4098 not.
468 4054 499 4100 ad
515 4051 591 4100 vttt.
655 4051 687 4102 27
704 4051 805 4118 Commo]
849 4069 922 4102 corno
932 4055 1026 4104 arbore.

75 4117 109 4165 tt
142 4121 205 4168 lode
226 4121 331 4166 eentum
353 4127 441 4164 noman
461 4129 592 4167 commum
656 4113 818 4168 musaeu
838 4119 927 4168 mimos
962 4115 1066 4166 Intravit
1086 4115 1140 4168 anl-

73 4181 159 4233 laetum
190 4191 229 4232 eat
261 4179 412 4247 quibuslibet
440 4183 591 4229 oraculorum
624 4195 687 4229 mos.
726 4179 836 4230 Verbum
856 4185 917 4232 loces
968 4184 1008 4231 blc
1025 4183 1140 4244 intelligu-

73 4251 196 4312 mounes
208 4249 290 4298 etim
306 4247 337 4294 fis
353 4257 406 4306 quar
416 4259 474 4294 voce
489 4247 593 4296 edeban·
624 4247 791 4299 mmductum
801 4247 832 4296 ab
842 4249 977 4314 lacrmis,
990 4263 1042 4308 pou
1055 4249 1086 4296 cb
1101 4249 1139 4296 r'rr·

73 4317 133 4428 wid
147 4378 248 4444 Sum]
267 4375 481 4428 musanen.
624 4311 685 4361 m·
