3034 4916
374 271 378 288 Ι
428 191 522 251 Llli.
541 191 580 250 X.
607 193 712 252 CAP.
735 193 916 252 xxxvnl.
1118 201 1177 266 m
1267 229 1270 240 ·

127 359 189 430 tus,
203 351 489 426 marcuart.
532 355 691 433 Ceterum,
706 353 768 420 hoc
778 355 905 420 deuiam
920 375 1005 420 muno
1023 368 1059 422 nt
1072 356 1173 424 edem

126 437 221 502 etism
246 439 316 504 fieri
339 453 463 506 senatos
481 439 619 544 juberet,
641 441 690 506 bis
712 441 851 528 ejusdem
869 440 969 510 “voti
988 441 1174 510 ⁶¹dsmnatu
1210 477 1213 483 ·

126 543 142 586 r
199 523 302 590 ablica
315 523 583 614 “irreligionem
598 529 694 592 venit.
814 583 816 590 ,

207 609 372 677 XXVIII.
395 613 544 700 Sequitur
564 613 650 678 hooc
671 633 790 678 annum
810 619 844 678 e't
864 613 974 678 consul
988 613 1119 703 inriguis
1134 617 1210 681 Μ.
1222 634 1317 684 cass.
1403 610 1405 626 '

125 695 270 792 Papirius
287 697 415 775 Cursor,
431 721 495 784 qua
515 713 648 786 paterna
661 700 773 787 gloria,
788 705 929 800 qos'sna,
945 713 977 764 et
990 700 1109 766 bellum
1122 702 1171 766 iu·
1181 700 1210 745 Α·
1222 699 1249 746 ⁰·
1261 701 1317 776 ’ὃ

123 803 201 868 gens
229 783 338 848 victori
380 806 431 866 ue,
459 799 608 888 qnantum
638 785 679 850 de
700 785 894 851 Samnitibus
919 806 1013 851 nemo
1036 787 1077 852 nd
1102 809 1170 854 enm
1180 763 1325 887 fffflf’

120 868 217 947 di'em,
250 871 345 936 r'ae'ter
388 871 569 956 .Peprrium
580 870 858 958 potremconsulis,
868 885 1050 956 pepererat:
1068 874 1213 942 ector-110
1223 892 1289 939 coes.

122 968 155 1020 te
313 957 428 1022 conatu
449 959 668 1045 adparatuque
696 957 783 1023 omni
809 957 972 1042 opulentia
999 959 1057 1023 iusi
1102 960 1168 1026 inm

121 1041 285 1108 o'rrnoiuni
299 1040 417 1108 bellurn
433 1045 678 1110 adornaverant:
701 1057 733 1108 et
751 1043 893 1108 Deorum
908 1043 1000 1109 etiem
1017 1045 1057 1110 ad
1082 1045 1170 1112 ibuc·

121 1139 195 1194 rant
219 1127 394 1214 open'ritu
413 1131 556 1218 ,quodam
580 1129 773 1196 sacramenti.
786 1141 909 1214 vetusto
929 1129 1016 1195 velut
1039 1127 1170 1198 initidtis

121 1213 285 1292 militibus,
297 1215 418 1281 delectu
433 1238 491 1302 per
504 1238 598 1282 omne
613 1216 776 1283 Samnium
796 1215 904 1280 habito
919 1237 999 1280 nova
1014 1215 1099 1302 lege:
1121 1231 1168 1298 ut,

119 1299 176 1388 qui
182 1302 345 1386 juniorum
354 1301 925 1388 nonconienisset*adimperetorium
937 1301 1086 1379 edictum,
1099 1305 1169 1404 qui·
1292 1339 1295 1346 ·

118 1407 182 1472 que
192 1387 312 1474 injussu
324 1385 446 1465 abisset,
456 1389 631 1476 caputJovi
643 1401 798 1454 sacratum
807 1399 895 1453 esset
918 1387 1170 1455 Tumexercrtus

119 1474 223 1538 omnis
243 1473 446 1624 Aguilouiam
468 1489 513 1542 est
533 1474 680 1541 indictus.
695 1475 735 1539 ad
751 1473 960 1562 quadraginta
974 1473 1073 1575 millia
1084 1475 1170 1576 mili-

116 1559 1170 1733 illut„illiti,illtttittlttltmlilit

116 1731 175 1796 teis
189 1745 361 1812 contectus,
424 1745 493 1798 tens
506 1733 657 1798 ducentos
677 1732 925 1820 maximepedes
939 1733 972 1796 in
987 1753 1097 1798 omnes
1113 1755 1168 1818 pe·

115 1817 196 1881 riter
209 1829 323 1904 partes.
366 1819 385 1884 1
406 1818 417 1882 i
430 1819 457 1864 ⁵²
466 1841 507 1884 ex
520 1819 604 1885 libro
617 1834 722 1884 vetere
735 1819 833 1884 linteo
847 1822 931 1884 lecto
944 1819 1165 1898 sacrificatum,
1177 1839 1332 1886 ornamento

115 1905 278 1970 sacerdote
292 1905 376 1972 Ovio
393 1905 502 1972 Pactio
520 1905 667 1994 quodam,
683 1904 812 1970 homine
829 1927 947 1993 magno
960 1919 1049 1982 natu,
1065 1908 1118 1992 qui
1134 1903 1308 2014 sessfffflm

114 1989 149 2054 id
164 1989 286 2055 merum
301 2003 407 2077 petere
420 1991 610 2066 adfirmabat
632 2014 673 2056 ex
692 2004 813 2055 vetusta
836 1991 1024 2057 Samnitium
1040 1992 1166 2079 religio—
1175 1975 1323 2079 ffl'gum

113 2091 173 2153 rte3
220 2099 259 2144 oa
281 2079 441 2172 quondam
463 2079 511 2142 usi
535 2080 667 2172 ma‘ores
690 2097 800 2174 eorum
821 2075 962 2175 iuiment,
978 2097 1074 2161 quum
1098 2077 1293 2144 adi-somnae

113 2183 189 2225 men
264 2161 405 2226 Etruscis
428 2161 549 2247 Cspnoe
570 2101 798 2226 clandestinum
821 2173 974 2246 cepissent
991 2163 1281 2228 consiliumnuodm

115 2245 281 2312 Sacrificio
305 2245 452 2332 perfecto,
477 2267 534 2332 per
552 2247 703 2310 viatorem
728 2245 900 2330 imperator
919 2245 1015 2312 edciri
1033 2247 1166 2332 jubebat
1174 2227 1231 2272 ‘¹²¹⁸'

112 2329 342 2396 nobilissimum
358 2349 516 2420 quemque
532 2353 648 2433 genere
666 2331 825 2417 factisque.
847 2331 963 2414 singuli
985 2331 1166 2400 introduce·

113 2418 245 2497 bantur.
290 2417 370 2484 Erat
383 2439 481 2506 quum
506 2417 585 2484 sirus
609 2417 779 2502 adparatus
801 2417 893 2495 sacri,
909 2418 963 2504 qui
978 2417 1167 2502 perfundere

112 2503 268 2593 religione
281 2505 421 2570 ssimum
441 2517 566 2590 posset3
587 2517 656 2568 turn
677 2504 710 2567 in
731 2503 803 2568 loco
822 2505 907 2568 ciros
920 2502 1007 2568 omni
1022 2519 1168 2572 contecto

112 2613 178 2656 erae
192 2591 224 2656 iri
239 2591 352 2669 medio,
368 2591 567 2678 victimaeque
581 2590 665 2654 circa
679 2611 779 2666 cresse,
795 2602 826 2654 et
840 2589 1077 2654 circumstantes
1091 2613 1167 2656 cen·

112 2677 253 2743 turinnes
267 2677 381 2742 strictis
394 2676 516 2766 gladiis.
560 2661 799 2741 Admovebetnr
819 2675 970 2740 altaribus
987 2675 1086 2756 miles,
1098 2699 1166 2742 ma·

111 2765 163 2866 gis
179 2776 214 2829 ut
228 2762 364 2842 victima,
377 2785 470 2850 quam
482 2775 519 2827 ut
528 2763 609 2828 sacri
623 2761 798 2864 particeps:
821 2760 1068 2850 adigebaturque
1077 2765 1166 2849 jure·

106 2849 259 2936 Jurondo,
274 2871 347 2934 quse
361 2849 427 2914 visa
440 2847 610 2935 auditaque
624 2869 657 2912 rn
674 2869 712 2913 eo
726 2847 797 2912 loco
811 2861 922 2925 essent,
937 2869 1001 2912 non
1017 2851 1166 2916 enuncia-

111 2951 231 3001 turnm·
274 2936 360 3000 Dein
379 2937 489 3021 jurare
511 2934 684 3024 cogebatur
706 2933 778 2998 diro
799 2933 935 3034 quodem
958 2935 1108 3010 carmine,
1131 2939 1166 3002 in

111 3021 362 3086 exsecrationem
386 3021 494 3108 capitis
517 3019 706 3107 familiaeque
724 3031 756 3084 et
776 3021 881 3106 stirpis
901 3021 1088 3104 composito,
1102 3022 1163 3088 nisi

111 3108 184 3174 isset
202 3107 236 3172 in
258 3107 418 3194 proelium,
434 3128 498 3195 quo
517 3108 721 3208 imperatores
735 3107 912 3171 duxissent:
932 3120 965 3171 et
980 3106 1005 3170 si
1020 3121 1076 3172 aut
1097 3109 1165 3194 ipse

110 3217 154 3260 ex
183 3195 251 3259 acie
278 3193 416 3284 fugisset,
446 3205 513 3271 auc
547 3215 573 3256 u
593 3213 697 3278 quem
724 3191 896 3278 fugientem
926 3192 1061 3269 vidisset,
1097 3203 1164 3260 non

110 3281 273 3367 externplo
283 3281 457 3346 occidisset.
501 3278 537 3343 ld
554 3277 800 3364 primoquidem
822 3278 992 3342 abnuentes
1001 3280 1164 3364 juraturos

111 3377 157 3447 se,
172 3367 351 3434 obtrunciti
365 3366 450 3432 eirca
462 3364 573 3430 altaria
593 3377 684 3429 sunt:
701 3364 838 3450 jacentes
852 3363 967 3430 deinde
980 3364 1062 3430 inter
1083 3377 1163 3430 stre-

457 3571 470 3614 t
480 3571 533 3634 jam
544 3572 646 3616 motas
656 3565 729 3617 omn.
743 3567 812 3614 cm.

93 3753 116 3800 .·
139 3757 173 3805 ss
192 3737 247 3804 'rm
264 3750 385 3819 emron]
402 3753 618 3801 venerationem
650 3747 965 3813 qorsoqneprsaepnur.
999 3747 1111 3800 rosus

107 3821 218 3869 debente
235 3819 292 3868 Vide
304 3829 376 3882 toprn
387 3819 419 3864 V.
428 3817 468 3865 ib.
681 3815 713 3863 bi
729 3815 768 3862 Ee
786 3814 843 3860 libro
861 3817 934 3860 nrm
950 3813 1019 3862 linteo
1036 3816 1103 3879 lecto}
1120 3816 1160 3864 lix

114 3883 308 3940 ‚ulianam
332 3884 460 3946 repablr'ool
488 3883 527 3930 Sic
554 3889 619 3946 reete
648 3881 802 3928 libroveters
819 3878 1049 3940 lintmqulleetus
1064 3882 1159 3938 lucete

107 3951 254 4010 Gronovius,
276 3949 315 3996 cul
338 3949 498 4010 adstipulatur
521 3959 585 3995 unus
603 3959 617 3992 e
649 3959 737 4006 nempe
748 3941 902 3991 abilloOvio
920 3941 1014 4002 Paccio,
1024 3945 1067 4006 qui
1083 3959 1161 3994 moer.

106 4017 197 4064 nostris
207 4013 276 4061 codd
308 4011 373 4060 Olim
389 4014 511 4067 edebatur,
527 4009 618 4071 respub·
648 4011 692 4056 dos
710 4007 784 4072 hujus
801 4007 862 4054 sacri
879 4007 941 4061 luite
959 4013 983 4054 et
1000 4010 1100 4056 fortasse
1118 4023 1160 4057 oo·

106 4083 159 4128 rem,
649 4087 701 4120 ram
716 4074 858 4134 imperatore
876 4079 901 4117 et
917 4073 1043 4134 precipuis
1060 4075 1158 4122 dueum.

138 4144 231 4193 wls
241 4141 375 4204 religionem
384 4139 458 4202 mu]
476 4139 569 4200 seligo
576 4151 617 4185 ex-
649 4136 733 4184 Poseet
745 4137 831 4184 ultime
842 4149 889 4182 von
905 4138 986 4184 abesoe
1005 4139 1057 4184 n'oe
1073 4151 1158 4186 sensus

106 4211 318 4267 manat.
649 4201 788 4262 ᾱίιροηᾴὶοι
814 4207 838 4248 et
879 4201 959 4248 uidem
985 4213 1040 4250 eam
1066 4203 1159 4250 omtrtu

140 4275 171 4322 Β
187 4270 331 4333 nudaque]
346 4269 426 4318 Plutel
440 4273 499 4316 sunt
514 4267 551 4314 rel
565 4278 618 4312 crs·
648 4279 712 4312 unus
724 4263 823 4313 lleamil
878 4279 915 4312 ex.

109 4346 145 4383 tea
163 4341 226 4386 nmio
245 4337 319 4387 crudo
338 4336 449 4392 intente,
468 4331 506 4378 rel
527 4331 615 4377 tubulos

701 4402 794 4478 ΜΒ
