3056 4928
423 265 472 325 Ll
486 267 517 325 Β.
540 265 611 326 Vll.
637 267 740 326 CAP.
768 265 869 328 an.
1122 271 1179 325 445

122 427 227 492 militia
242 427 352 512 scripti
374 447 499 506 noman,
516 428 577 493 nisi
597 428 666 514 ipso
680 428 814 507 volente,
830 427 997 492 deleretur.
1020 423 1217 492 additum-u.
1227 446 1256 496 c.
1266 443 1325 494 41³.

122 535 182 602 que
196 515 269 602 legi,
286 515 420 600 nequis,
438 515 492 579 ubi
516 515 661 580 tribunus
680 516 816 580 militum
838 513 956 591 luisset,
971 524 1079 598 postea
1092 511 1255 576 ”ocal-⁰2
1266 507 1325 559 ⁸⁸⁹³

122 601 232 665 dinam
257 599 372 665 ductor
394 615 484 665 esset.
529 601 565 665 ld
592 615 722 687 propter
748 601 785 668 P.
803 601 965 668 Salonium
988 597 1180 684 postulatum

121 699 167 751 est
181 689 222 752 ab
237 686 407 775 conjuratis
416 710 425 764 ;
449 687 503 773 qui
525 687 653 752 alternis
676 709 773 773 prope
789 688 880 752 annis
892 701 925 752 et
938 686 1085 750 tribunus
1099 685 1181 748 mili·

121 784 198 849 tum,
220 788 252 837 et
276 773 397 858 primus
420 774 563 837 centurio
584 788 660 852 crat,
676 797 770 860 quern
793 795 879 838 nunc
901 771 1055 859 primipili
1076 771 1183 855 adpel-

122 858 197 924 lant.
244 857 334 923 Huic
356 858 466 924 infensi
490 859 602 923 milites
622 873 723 937 eraut,
739 860 825 945 quod
849 880 974 943 semper
1000 857 1182 922 adversatus

122 945 209 1009 novis
224 945 362 1010 consiliis
377 943 493 1024 fuisset,
508 959 539 1010 et
553 945 647 1010 9³nal
661 947 818 1032 particeps
836 968 945 1011 eorum
961 959 1050 1021 esset,
1066 943 1120 1030 qui
1140 945 1181 1008 ab

122 1029 267 1094 Lautulis
281 1029 441 1119 fugissent.
486 1031 598 1118 ltaque
617 1055 714 1118 quum
737 1031 799 1097 hoc
822 1055 919 1098 unum
945 1045 1074 1117 propter
1090 1031 1181 1094 Salo·
1278 1089 1281 1094 .

120 1120 209 1180 nium
226 1117 266 1182 sb
281 1131 390 1182 senatu
413 1139 477 1181 non
500 1119 728 1202 inpetraretur;
751 1133 817 1184 turn
836 1119 992 1194 Salonius,
1008 1117 1182 1181 obtestatus

123 1202 233 1268 Patres
248 1203 452 1289 conscriptos.
468 1226 509 1268 ne
523 1226 614 1269 suurn
638 1205 789 1270 honorem
812 1205 922 1290 pluris,
939 1225 1033 1290 quam
1050 1224 1181 1266 concor·

121 1289 206 1353 diam
229 1289 373 1366 civitatis,
389 1291 590 1368 aestimarent,
612 1290 760 1376 perpulit,
776 1304 812 1355 ut
832 1293 865 1358 id
889 1313 1014 1377 quoque
1036 1288 1180 1353 ferretur.

122 1374 231 1462 AEque
245 1376 392 1458 inpotens
415 1375 606 1460 postulatum
622 1374 691 1454 fuit,
707 1376 733 1415 ⁹⁴
744 1391 776 1442 ut
793 1378 854 1442 de¹
868 1376 1026 1463 stipendio
1041 1376 1181 1461 equiturn

122 1463 303 1546 (merebant
324 1461 592 1547 auten1⁹⁵triplex
612 1485 650 1526 es
672 1467 868 1549 tempestate)
884 1485 949 1528 aera
970 1462 1181 1541 demerentur,

122 1547 209 1634 quod
225 1547 378 1612 adversati
394 1547 604 1632 conjurationi
619 1549 756 1613 luissent.

167 1633 280 1698 XLII.
300 1633 419 1698 Praeter
433 1633 503 1698 haec
517 1635 643 1698 invenio
658 1635 743 1718 apud
759 1635 923 1722 quosdam,
938 1635 976 1700 L.
987 1633 1180 1710 Genucium,

121 1720 286 1784 tribunum
312 1719 423 1804 plebis,
440 1719 549 1784 tulisse
569 1719 610 1784 ad
633 1721 797 1808 populum,
814 1745 854 1786 ne
875 1727 1034 1788 faenerare
1054 1719 1181 1785 liceret:

121 1807 196 1871 item
220 1806 289 1870 aliis
310 1805 480 1892 plebiscitis
495 1820 631 1884 cautum,
653 1829 693 1872 ne
730 1809 777 1872 uis
798 1809 942 1874 eumdem
967 1807 1183 1895 magistratum

121 1893 204 1957 intra
219 1893 327 1957 decem
344 1915 445 1956 annos
459 1907 601 1978 caperet3
624 1915 685 1956 neu
706 1831 786 1959 duos
803 1896 1003 1983 magistratus
1019 1916 1083 1959 uno
1097 1914 1183 1959 anno

121 1991 263 2065 gersten
288 1979 395 2064 utique
417 1979 526 2042 liceret
540 1979 683 2043 consules
697 1981 807 2046 ambos
827 1982 966 2068 plebeios
980 1980 1091 2044 creari.
1109 2001 1182 2064 qast

121 2067 147 2130 si
162 2066 270 2129 omnia
284 2087 431 2129 concessa
446 2079 519 2130 sunt
533 2063 628 2148 plebi,
645 2065 784 2150 adparet,
799 2067 884 2133 haud
908 2089 1019 2153 parvas
1034 2067 1114 2130 vires
1128 2063 1182 2130 de·

121 2151 289 2216 lectionem
316 2149 472 2214 habuisse.
499 2151 598 2216 ‘Aliis
624 2151 789 2219 annalibus
814 2155 974 2239 proditum
1000 2165 1057 2228 est,
1081 2172 1184 2237 neque

122 2223 307 2302 dictato'rem
324 2236 488 2301 Valerium
503 2234 634 2312 dictum,
650 2238 704 2304 sed
727 2261 785 2324 per
807 2239 949 2305 consules
971 2259 1096 2301 ornnem
1116 2259 1182 2300 rern

122 2335 246 2389 actam:
279 2345 391 2409 neque,
417 2339 585 2409 antequam
615 2323 751 2389 Romam
782 2327 950 2402 veniretur,
976 2323 1030 2388 sed
1059 2323 1182 2398 Romae,

122 2432 192 2474 eam
215 2407 449 2474 multitudinem
472 2410 707 2495 conjuratorum
723 2411 761 2476 sd
784 2433 873 2478 arms
891 2421 1121 2476 consternatam
1137 2431 1185 2472 es·

123 2519 185 2572 se3¹
199 2516 259 2559 nec
273 2495 305 2558 in
322 2493 363 2559 T.
379 2494 523 2572 Quinctii
537 2495 653 2574 villam,
669 2497 722 2561 sed
745 2499 776 2560 in
791 2497 875 2563 sedes
892 2497 931 2562 C.
949 2494 1076 2571 Manlii,
1092 2507 1185 2558 nocte

122 2583 266 2668 inpetum
296 2580 425 2662 facturn,
451 2603 587 2668 eumque
610 2605 630 2645 a
655 2585 826 2668 conjuratis
855 2580 1126 2666 comprehensum,
1150 2593 1186 2644 ut

122 2669 191 2733 dux
212 2668 321 2732 lieret:
345 2666 418 2732 inde
432 2668 471 2732 ad
511 2680 634 2732 uartum
656 2668 791 2754 lapidem
806 2671 963 2757 profectos
976 2666 1049 2731 loco
1061 2666 1186 2730 munito

123 2753 313 2820 consedisse.
335 2775 394 2818 nec
419 2753 460 2817 ab
482 2689 616 2817 ducibus
641 2755 835 2822 mentionem
861 2753 1039 2821 concordiae
1062 2763 1185 2828 ortam;

123 2843 176 2906 sed
203 2851 343 2926 repente,
357 2861 455 2940 quum
472 2839 503 2902 in
519 2840 617 2904 aciem
640 2842 752 2906 armati
774 2843 933 2908 exercitus
953 2839 1187 2926 processissent,

123 2925 346 2992 salutationem
362 2929 494 2990 iactam:
518 2939 549 2990 et
563 2928 736 3010 permixtos
748 2927 1033 3016 dextrusjungere,
1049 2948 1086 2991 sc
1100 2946 1187 2989 com·

125 3013 218 3098 plecti
242 3012 326 3076 inter
340 3035 372 3076 se
392 3013 590 3076 lacrimantes
614 3013 725 3078 milites
746 3017 888 3101 coepisse,
904 3027 1093 3101 coactosque
1112 3033 1188 3076 con·
1232 3037 1245 3052 ·

125 3100 219 3174 sules,
235 3119 333 3184 quum
349 3097 492 3162 viderent
505 3120 628 3162 aversos
646 3099 882 3166 adimicatione
902 3100 1037 3166 militurn
1054 3098 1186 3175 animos,

124 3185 268 3250 retulisse
290 3182 330 3248 ad
347 3183 456 3248 Patres
478 3182 518 3248 de
540 3185 709 3250 concordia
731 3186 973 3254 reconcilianda.
996 3185 1076 3251 adeo
1097 3182 1187 3261 nihil,

125 3286 335 3356 praeterquam
365 3269 549 3334 seditionem
579 3268 683 3351 luisse,
706 3294 839 3360 eamque
863 3273 1080 3359 compositam,
1105 3270 1189 3334 inter

126 3359 272 3444 antiquos
286 3376 391 3420 rerum
406 3367 549 3421 auctores
564 3371 696 3422 constat.
742 3359 786 3424 Et
807 3359 900 3446 hujus
914 3359 999 3424 lama
1013 3355 1188 3436 seditionis,

363 3547 375 3577 ¹¹
385 3549 407 3591 ct
417 3558 445 3592 aa
455 3545 473 3594 i.
483 3559 523 3592 acc
534 3545 608 3594 Gran.
621 3547 690 3596 crev.
756 3548 809 3595 ¹¹cle
818 3547 866 3596 del.
878 3548 952 3596 Gron.

158 3711 190 3760 92
209 3709 325 3758 otram
340 3709 432 3774 autor]
450 3711 641 3760 Centuriavra
674 3713 882 3762 tumultuantibus
902 3715 962 3774 iuga
986 3727 1013 3761 aa
1036 3710 1189 3769 subduxisse,

127 3781 177 3822 not.
189 3773 229 3822 28·
240 3775 272 3839 ⁸5¹
282 3788 305 3823 c.
316 3775 355 3823 28.
367 3777 383 3822 1.
397 3775 431 3824 ll.
674 3791 763 3839 eoaque
778 3779 891 3825 habuiaaa
906 3777 1017 3826 oileum
1034 3775 1151 3840 †saripu
1164 3781 1190 3820 et

158 3837 258 3888 9813oe
278 3838 406 3904 particeps]
427 3838 493 3902 Lege
508 3853 565 3886 cum
582 3839 642 3886 Gro-
674 3843 741 3902 priua
757 3843 816 3890 aditi
831 3844 969 3890 habuerunt
984 3847 1006 3890 rt
1020 3855 1055 3888 aa.
1089 3839 1191 3899 Reliqua

127 3905 213 3950 uario:
231 3901 276 3964 Bt,
294 3917 323 3950 aa
341 3905 457 3965 particeps
476 3917 555 3951 maa
576 3907 641 3960 errat,
674 3903 912 3970 auntaecnjsctura.

126 3967 154 4014 ab
175 3966 286 4014 aaran
299 3965 414 4030 sufficet.
446 3965 563 4028 'Nempe
585 3969 642 4015 ado-
707 3969 1191 4032 M'Utdeatipendtaapustam....oera

125 4031 217 4079 leverat
237 4037 262 4078 et
283 4038 424 4093 promperat
445 4029 579 4096 conjuratio
599 4046 643 4094 par
675 4033 831 4098 δικανικὴν]
860 4035 892 4082 Ut
912 4035 1004 4096 atqua
1025 4033 1191 4081 detraheretur

126 4095 180 4142 illos
206 4095 250 4157 qui
275 4097 307 4143 ad
334 4096 450 4144 Lautulas
477 4098 642 4152 substiterant,
675 4099 910 4160 deatipendloquad
919 4100 1041 4160 equitibus
1049 4097 1160 4144 dabatur.

126 4159 235 4222 aliosque
260 4161 292 4208 ab
316 4162 416 4208 consule
437 4161 524 4208 mlum
545 4175 644 4222 excepe-
708 4160 1192 4227 96⁸7'rt71ealmtptamejuaquadps-
1273 4169 1284 4192 Ἀ

127 4231 190 4273 rant.
223 4225 292 4272 Licet
317 4238 375 4286 erga
401 4225 494 4286 opinari
519 4226 643 4274 wantum
675 4230 718 4275 dea
733 4228 871 4289 accipiebat
903 4227 993 4290 ’svm
1009 4225 1112 4276 natat.
1127 4227 1191 4273 ads.

127 4288 207 4348 ipsum
217 4295 347 4350 exceptum
363 4302 420 4336 cum
436 4289 500 4347 aliia,
510 4291 575 4350 quad
590 4297 644 4336 tum
677 4293 716 4340 12.
726 4295 742 4340 i.
755 4292 788 4341 V.

127 4365 223 4414 quaque
233 4353 295 4402 illud
311 4353 430 4416 flagrum
445 4353 602 4414 improbaret,
613 4356 644 4402 ab
