3034 4916
449 191 545 256 ΗΒ.
567 193 625 257 tx.
651 193 754 256 CAP.
779 192 878 260 XXV.
1131 203 1190 263 525

128 355 241 508 guenti
258 363 360 432 nocte,
376 351 436 420 sub
456 354 579 442 oppido
597 357 790 424 silvestribus
808 357 886 423 locis
907 355 1091 426 cohortibus
1112 359 1229 428 iusi-u.
1240 377 1335 428 csso.

152 464 207 508 era
217 442 323 528 jussis,
337 440 446 507 decem
462 444 577 508 milites
591 443 728 510 delectos
742 465 847 510 secum
862 467 921 531 per
934 443 1036 510 ardus
1055 468 1094 511 ac
1113 444 1230 533 pro-A·
1240 444 1267 492 θ’
1278 443 1336 492 ³¹²·

7 541 19 615 ’ἡ
128 551 170 616 pe
185 528 272 594 invia
285 527 319 591 in
332 528 559 607 arcemducit3
580 530 735 617 pluribus,
751 553 846 619 quam
868 553 929 618 pro
950 553 1083 596 numero
1106 535 1190 599 viro·

7 615 23 699 ’ζ
129 633 214 692 rum,
239 613 408 679 missilibus
431 615 501 681 telis
522 639 561 682 eo
582 617 725 683 oculatis.
770 616 822 684 sd
843 616 914 683 hoec
936 641 1012 683 saxa
1035 631 1137 699 eraut,
1159 633 1193 686 et

7 702 24 732 Μ
129 715 250 766 temere
265 701 403 788 jacentis
418 705 467 788 (ut
489 701 538 786 lit)
563 704 596 768 in
619 705 760 790 aspretis,
787 717 819 770 et
843 703 885 770 de
901 703 1057 770 industris
1081 706 1189 784 etium,

6 803 8 826 ³
129 810 196 877 quo
209 787 299 864 locus
320 789 420 854 tutior
441 802 533 868 esset,
547 789 589 854 ab
609 789 778 876 oppidanis
804 801 964 878 congesta.
1009 789 1076 858 Ubi
1091 814 1191 878 quum

20 876 25 886 '
128 874 345 940 constituisset
369 875 544 954 Romanos,
564 877 773 963 semitamque
798 891 965 965 augustam
990 895 1023 942 et
1046 878 1191 957 arduam,

129 975 268 1026 erectam
283 983 325 1026 ex
338 960 458 1047 oppido
483 963 516 1026 in
541 983 657 1039 arcem,
673 963 876 1040 ostendissem
899 964 970 1030 Hoc
991 967 1110 1050 quidem
1132 969 1191 1030 od-

7 1039 24 1076 '⁵'
128 1071 243 1126 messem
260 1047 372 1132 inquit,
388 1049 436 1112 uel
448 1059 510 1114 tres
532 1051 649 1113 amnti
668 1049 832 1134 utrumlibet
856 1052 1079 1116 multitudinem
1100 1075 1191 1116 urcu-

128 1137 233 1201 erintr
255 1156 306 1200 oos
316 1144 346 1198 et
360 1135 457 1199 mrem
473 1157 605 1212 numero,
621 1145 660 1213 et,
676 1137 757 1220 qrtod
767 1137 836 1220 plus
849 1147 903 1214 est,
917 1137 1062 1211 Romam,
1074 1139 1191 1204 Boma-

5 1217 25 1266 l‘
127 1243 294 1306 semumque
292 1221 464 1305 forummr
473 1243 534 1286 usrr
544 1223 625 1298 estis,
635 1223 754 1288 etloeas
759 1245 822 1306 pro
830 1223 1033 1302 cobiaetnoe
1040 1226 1191 1310 eritque

5 1303 25 1342 4*
128 1313 234 1374 omnia
245 1331 283 1372 eu
292 1309 407 1372 incerto
415 1306 534 1392 mojam
542 1310 662 1372 territis
672 1317 812 1374 ostentat.
849 1309 1190 1396 Egojansterroreom-

4 1389 23 1429 ‘¹'
128 1397 186 1460 uia
201 1394 348 1478 implebo,-
372 1415 532 1460 oosnrcem
544 1395 658 1459 intenti
664 1405 770 1459 tenete.
807 1393 959 1462 Decurrit
973 1395 1191 1482 iudo,quauto

129 1482 271 1547 maxime
281 1493 417 1566 poterat,
426 1499 499 1544 cum
510 1479 659 1558 tumultu,
672 1483 716 1546 ud
724 1503 823 1558 unua,
835 1497 867 1547 et
874 1504 937 1566 pro
947 1493 1077 1548 ossum
1083 1485 1189 1566 fidem,

4 1563 22 1608 :s
128 1571 227 1634 cives!
249 1566 422 1644 clamitans,
448 1588 508 1630 ore
530 1565 570 1630 nb
592 1567 726 1633 hostibus
749 1577 841 1651 captu
863 1579 925 1642 est,-
950 1571 1002 1646 ite,
1024 1571 1190 1654 dffendite.

2 1653 21 1716 ³1³
131 1655 220 1720 Haec
246 1651 388 1718 incidens
434 1653 591 1737 sincipum
614 1653 745 1733 loribus,
760 1653 831 1718 haec
850 1654 961 1733 obviis,
982 1655 1052 1720 brec
1074 1675 1190 1722 excur-

3 1741 22 1784 5‘
130 1740 276 1806 rentibus
293 1741 326 1805 in
347 1673 509 1826 pubiicum
532 1737 655 1824 pavidis
677 1739 832 1827 increpat.
877 1742 1054 1826 Acceptum
1068 1739 1110 1807 ab
1126 1763 1191 1808 uuo

130 1849 282 1916 pavorem
311 1823 417 1913 plures
441 1846 499 1911 per
521 1825 631 1892 urbem
658 1824 774 1892 ferunt.
817 1826 953 1914 Trepidi
979 1827 1190 1916 magistratus,

130 1915 234 1982 missis
248 1911 290 1978 ad
304 1933 410 1978 arcem
421 1911 685 1998 exploratoribus,
698 1935 797 2000 quum
811 1913 1069 1982 telaetarmatos
1084 1926 1192 1980 tenere

2 2008 21 2048 [t
127 2023 235 2068 arcem
251 1999 461 2086 multiplicato
475 2021 609 2064 numero
628 1999 786 2078 audirent,
801 2012 948 2066 avertunt
964 2001 1088 2066 animos
1103 2023 1122 2066 a
1136 2023 1193 2088 spe

9 2091 22 2136 i
129 2086 357 2176 recuperandas
372 2085 461 2150 arcis.
507 2083 597 2174 Fuga
610 2101 725 2151 cuncta
745 2086 957 2172 complentur,
973 2099 1137 2174 portasque
1150 2090 1192 2154 ab

130 2173 328 2240 semisomnis
344 2194 381 2238 sc
395 2169 534 2238 maxima
597 2183 644 2237 rte
665 2171 838 2237 inermibus
854 2171 1089 2261 refriugtmtur':
1113 2195 1191 2262 qua·

9 2276 20 2306 ⁵
130 2283 206 2328 rum
225 2282 282 2347 per
303 2281 398 2326 uuam
413 2257 543 2342 ⁹'presai
567 2259 632 2322 ium
660 2257 841 2324 Romanum
866 2258 1191 2328 elamoreexcitatous

9 2443 16 2455 ν
132 2343 1191 2518 lotmtl'u‘,ttttffi‘tltttttttttlittttlt,itt,

1115 2477 1125 2508 θ

9 2554 17 2570 ·
155 2545 214 2588 nos
229 2455 366 2608 reliquos
385 2518 513 2584 fortuna
526 2539 566 2582 ex
580 2529 737 2582 nocturna
759 2517 848 2584 crede
868 2539 906 2583 ac
927 2516 1003 2602 luga
1016 2517 1141 2595 iecerat,
1158 2520 1192 2584 iu

15 2613 21 2652 ²
131 2545 329 2676 deditionem
358 2605 526 2692 accipiunt.
573 2603 624 2668 Ex
648 2602 698 2668 his
722 2603 876 2669 ducentos
902 2605 1014 2694 viginti
1040 2604 1191 2692 quinqua,
1289 2616 1293 2628 '

130 2697 189 2784 qui
210 2695 354 2760 omnium
376 2712 531 2758 consensu
554 2689 793 2756 destinabantur
807 2705 839 2756 et
853 2689 991 2756 inlaudse
1005 2689 1191 2756 colonorum

0 2813 20 2830 “
132 2782 232 2849 caedis
257 2793 288 2846 et
316 2777 500 2846 delectionis
522 2790 677 2852 auctores,
703 2777 826 2842 vinctos
853 2777 989 2844 &marn
1020 2776 1192 2844 deducunt.

132 2883 270 2936 ceteram
289 2863 525 2932 multitudinem
549 2862 750 2940 ineolumem,
766 2863 915 2949 presidio
935 2865 1084 2950 inposito,
1101 2864 1193 2930 Sorae

0 3006 1 3009 ,
132 2955 328 3043 relinquunt.
372 2951 506 3032 Omnes,
527 2950 581 3037 qui
609 2949 745 3016 Romam
771 2949 900 3016 deducti
925 2961 1025 3025 erunt,
1042 2950 1137 3038 virgis
1158 2952 1192 3016 iu

131 3039 205 3108 loro
218 3041 302 3120 caesi,
318 3061 356 3104 ac
378 3039 478 3102 securi
504 3036 644 3123 percussi
670 3059 796 3102 summo
819 3037 938 3126 gaudio
958 3035 1077 3124 plebis3
1100 3038 1191 3124 cujus

4 3176 6 3188 ,
132 3129 276 3196 maxime
287 3128 446 3201 intererat,
456 3135 556 3188 tutam
568 3121 696 3209 ubique,
709 3145 780 3210 quus
793 3124 911 3210 passim
927 3123 959 3188 in
970 3123 1111 3190 colonias
1120 3124 1194 3190 mit-

1 3236 16 3277 ,τ
133 3227 265 3288 teretur,
283 3209 516 3278 multitudinem
532 3231 611 3274 esse.

1 3361 2 3364 ,
179 3299 295 3366 XXV.
321 3297 487 3375 Consules,
501 3295 542 3360 ab
559 3297 639 3362 Sors
661 3293 801 3378 proiecti,
817 3295 850 3360 iu
871 3319 963 3383 agros
983 3312 1078 3383 atque
1099 3296 1194 3362 urbes

1 3395 17 3440 ’ν
132 3391 302 3456 Ausonum
316 3384 435 3451 bellum
458 3381 644 3448 intulerunt
667 3395 754 3446 mota
775 3404 911 3468 numque
928 3383 1036 3447 orunia
1056 3382 1314 3456 adventurum·

133 3474 339 3549 Samnitium,
363 3491 461 3561 quum
485 3467 571 3556 apud
596 3467 748 3534 Lautulas
770 3467 954 3534 dimicatum
975 3481 1031 3546 est,
1058 3468 1352 3546 tuermuwtoore·

2 3577 16 3643 t
132 3561 430 3650 conjurationesque
450 3555 536 3620 circa
558 3553 767 3640 Campaniam
790 3553 905 3642 passim
924 3553 1026 3620 luctae.
1049 3577 1108 3620 uec
1130 3537 1248 3620 (ja-⁸⁵¹L

1 3671 16 3686 ¹·
133 3671 200 3738 pua
214 3649 283 3734 ipsa
296 3644 429 3710 crimine
445 3641 557 3708 caruit.
578 3641 690 3728 ”quin
707 3642 840 3707 Romam
864 3662 989 3792 quogpe
1004 3653 1035 3706 et
1049 3641 1091 3706 ad
1105 3642 1193 3726 priu-

8 3754 15 3790 ι
133 3737 242 3822 cipum
269 3732 422 3822 quosdam
446 3726 650 3816 inquirendos
670 3740 797 3793 ventum
818 3739 876 3794 est.
969 3739 1070 3792 terum
1089 3731 1195 3793 Auso-

1 3815 16 3886 {t
133 3845 212 3892 uum
234 3841 312 3911 gens
334 3816 515 3906 proditione
536 3813 673 3893 urbium,
690 3813 770 3879 sicut
786 3814 877 3893 Sora,
893 3813 925 3878 in
942 3827 1125 3900 potestatem
1141 3836 1194 3880 ve·

168 4047 201 4096 97
218 4043 360 4094 enatum
386 4043 519 4092 nomm
558 4039 649 4088 couos·
714 4039 746 4088 98
763 4039 813 4086 Per
840 4037 902 4100 obss]
931 4037 971 4086 Slc
993 4038 1101 4084 seluern
1126 4037 1194 4100 sigo-

133 4121 181 4172 ιι,
196 4124 251 4173 qua
270 4121 344 4169 supra
361 4108 476 4157 dicuntur
493 4105 650 4167 symmuu
682 4103 754 4151 ulma
782 4109 807 4151 st
822 4103 920 4150 firmant
938 4103 1080 4164 qutuque's
1100 4103 1196 4165 scripu·

1 4193 13 4204 ·
130 4171 484 4234 lodssuboppidoiussdtsss.
506 4168 651 4216 Proesldtsss
683 4167 779 4216 metris
811 4165 1026 4228 Vulgopsrotsss.

1 4248 6 4277 t
132 4251 311 4301 nonnunqum
322 4237 387 4296 spud
395 4235 495 4282 Livium
505 4233 566 4282 nibil
582 4233 649 4281 allud
713 4233 746 4280 99
764 4230 1043 4295 mamm]
1056 4231 1196 4280 Hoefittlus

131 4301 482 4423 'dilidamsddbitmsim
509 4297 650 4361 Vlusupn
681 4299 888 4358 merrom.
