2986 4930
312 143 352 216 Ι36
701 145 812 206 ΤΙΤῙ
840 145 975 206 LIVII

314 309 417 374 lorum
440 329 673 395 armorumque,
689 309 743 374 sed
758 309 891 376 vulnera
932 320 1082 395 uoqueet
1102 309 1230 394 sanguis
1250 319 1374 394 specta-

315 393 519 472 culo-essent3
542 395 608 460 duo
625 395 772 473 Romani,
787 418 882 482 super
902 332 998 460 ilium
1019 395 1109 476 alius,
1124 395 1296 460 vulneratis
1317 397 1374 461 tri·

315 481 375 546 bus
405 481 547 558 Albanis,
578 483 770 567 exspirantes
798 495 1001 548 conruerunt.
1033 481 1073 549 ad
1100 505 1234 568 quorum
1264 503 1373 546 casum

316 589 412 650 quum
444 566 669 634 conclamasset
697 568 814 654 gaudio
840 568 984 634 Albanus
1009 571 1179 648 exercitus,
1211 568 1375 644 Romanas

316 655 454 741 legiones
478 657 544 740 jam
570 677 639 739 spes
664 667 742 737 tota,
767 656 909 721 nondum
935 670 1039 720 tamen
1067 677 1156 736 cura,
1182 655 1374 732 deseruerat,

315 741 476 806 exanimes
500 743 567 806 vice
592 741 697 818 unius,
721 763 814 828 quem
841 755 903 806 tres
931 739 1064 807 Curiatii
1089 744 1375 808 circumsteterant.

318 827 451 902 Forteis
466 827 587 914 integer
601 827 669 905 luit,
686 842 721 892 ut
743 828 895 894 universis
914 826 999 891 solus
1021 849 1221 914 nequaquam
1244 849 1314 914 par,
1329 828 1376 892 sic
1482 907 1483 910 Ἴ

316 913 465 978 adversm
490 913 630 1001 singulos
654 913 754 978 ferox.
780 935 866 1002 ergo,
890 927 925 980 ut
951 927 1131 1000 segregaret
1153 935 1296 998 pugnant
1321 935 1377 978 eo-

217 1031 221 1040 ’
318 1022 398 1080 ιιιιιι,
413 1001 546 1084 capessit
567 1000 686 1085 fugam,
705 1001 749 1066 ita
763 1013 858 1064 natus
880 1012 1052 1078 secuturos,
1071 1013 1107 1064 ut
1128 1021 1285 1086 quemque
1306 1001 1377 1064 vul-

318 1109 392 1176 nere
412 1086 570 1152 adiectum
592 1109 706 1172 corpus
731 1087 856 1151 sineret.
898 1087 970 1150 lam
996 1086 1192 1174 aliquantum
1220 1089 1312 1172 spatii
1335 1109 1378 1152 ex
1482 1081 1483 1116 ³

317 1196 356 1236 eo
369 1172 452 1274 loco,
467 1173 522 1273 'ubi
538 1189 713 1324 ptqustum
729 1185 787 1254 est,
797 1172 973 1258 aufugerat,
989 1194 1088 1324 quum
1105 1172 1274 1258 respiciens
1290 1171 1377 1239 videt
1482 1167 1483 1208 ³

318 1281 441 1346 magnis
465 1273 566 1324 interr
611 1281 636 1323 ts
661 1273 842 1346 soquentes:
869 1281 967 1324 unum
1018 1259 1080 1325 aud
1105 1259 1217 1344 procul
1244 1259 1288 1324 ab
1309 1282 1378 1324 sese

318 1349 434 1412 abesse.
459 1347 492 1413 in
516 1367 587 1410 eum
614 1367 731 1434 magno
756 1346 864 1430 inpetu
887 1346 1006 1410 rediit‘.
1052 1345 1105 1422 Et,
1128 1345 1205 1410 dum
1229 1345 1378 1412 Albanus
1482 1357 1483 1378 ¹

318 1433 473 1498 exercitus
499 1431 647 1496 inclamat
671 1432 832 1510 Curiatiis,
856 1434 924 1496 utid
946 1454 1038 1516 opem
1061 1431 1163 1497 ferant
1183 1431 1285 1510 fratri,
1313 1433 1378 1496 ‘am
1482 1501 1483 1508 χ

320 1519 487 1595 Horatius,
511 1540 596 1582 caeso
624 1518 716 1584 hoste
741 1519 850 1596 victor,
873 1519 1042 1584 secundam
1070 1540 1209 1605 pugnam
1236 1533 1309 1604 pete
1354 1531 1378 1586 t.
1482 1521 1483 1558 ³

318 1603 580 1679 tumuclamore,
596 1605 696 1691 qualis
716 1627 755 1668 ex
777 1607 934 1690 insperato
956 1604 1125 1670 faventium
1149 1608 1238 1683 solet,
1257 1606 1379 1671 Roma·
1482 1605 1483 1644 l

319 1692 353 1756 ni
376 1691 527 1776 adjuvant
551 1690 680 1756 militem
703 1712 814 1756 suum:
838 1705 868 1755 et
890 1691 943 1754 ille
957 1690 1086 1777 defungi
1108 1689 1225 1776 proelio
1239 1690 1377 1758 festinat.
1482 1763 1483 1768 γ

317 1777 414 1843 Prius
439 1779 545 1863 itaque
567 1800 662 1864 quam
687 1777 776 1854 alter,
792 1780 844 1864 qui
868 1798 927 1840 nec
951 1777 1062 1862 procul
1088 1777 1207 1855 aberat,
1228 1781 1378 1866 consequi
1482 1781 1483 1858 3

320 1877 435 1950 posset,
461 1877 493 1928 et
520 1864 653 1928 alterum
684 1863 862 1930 Curiatium
892 1863 1030 1929 conficit.
1074 1863 1218 1964 Jamque,
1248 1879 1380 1952 aequato
1482 1869 1483 1910 l

318 1949 440 2027 Marte,
456 1950 571 2050 singuli
597 1963 799 2035 supererant3
821 1949 873 2014 sed
898 1971 957 2014 nec
978 1951 1255 2034 spe‚necv1ribus
1276 1974 1380 2037 pares.
1482 1963 1483 1994 l

320 2037 642 2112 alterum,1ntactum
664 2037 747 2100 ferro
769 2058 884 2120 corpus
905 2050 937 2100 et
958 2036 1116 2122 geminata
1140 2037 1279 2114 victoria,
1296 2037 1380 2103 sero·
1482 2047 1483 2056 ’

322 2143 389 2188 cern
415 2123 448 2186 in
473 2135 631 2187 certamen
659 2123 785 2188 tertium
812 2122 951 2188 dabantt
982 2122 1070 2200 alter,
1097 2121 1210 2188 fessum
1238 2123 1380 2207 vulnere,
1482 2135 1483 2140 ’

323 2210 436 2274 sessum
467 2231 561 2275 cursu
588 2208 715 2272 trahens
743 2231 869 2293 corpus,
897 2209 996 2273 victus
1019 2231 1057 2274 ue
1086 2207 1219 2274 fratrum
1246 2223 1320 2276 unte
1346 2233 1380 2276 se
1482 2233 1483 2236 ’

323 2311 439 2384 strage,
455 2296 564 2361 victori
578 2296 725 2382 objicitur
741 2295 835 2362 hosti.
859 2317 917 2358 neo
935 2231 1016 2360 illud
1032 2294 1180 2378 praelium
1196 2295 1266 2362 tuit.
1311 2297 1381 2364 Ro-

316 2405 437 2460 ,manus
458 2383 629 2456 exsultans.
647 2385 745 2460 Duos,
760 2381 872 2468 inquit,
882 2383 1025 2467 fratrum
1041 2382 1190 2448 Manibus
1204 2385 1277 2447 dedi
1286 2413 1296 2446 .·
1319 2395 1382 2448 ter·

324 2473 399 2534 tium
411 2469 555 2535 ⁸⁰caussoe
567 2469 640 2533 delli
652 2467 781 2554 liquare,
791 2479 824 2532 ut
834 2469 991 2532 Romarm
1005 2468 1128 2532 Albano
1141 2471 1277 2552 imperet,
1290 2471 1381 2535 dabo.

327 2556 416 2621 Male
441 2556 605 2622 sustinenti
627 2576 715 2618 arma
737 2554 878 2641 gladium
899 2575 1035 2640 superae
1054 2554 1168 2640 jugulo
1183 2555 1311 2642 defigit:
1330 2558 1382 2643 ja·

326 2657 447 2708 centem
463 2642 589 2727 spoliat.
635 2641 771 2704 Romani
794 2653 922 2704 orantes
939 2662 976 2703 ac
997 2641 1190 2726 gratulantes
1206 2641 1382 2708 Horatium

327 2729 505 2812 accipiunt;
529 2751 567 2790 eo
590 2728 708 2812 majore
731 2749 802 2790 cum
828 2725 954 2812 gaudio,
977 2749 1041 2812 quo
1065 2749 1165 2812 prope
1188 2741 1305 2792 metum
1330 2751 1383 2795 res

327 2816 438 2882 luerat.
483 2813 536 2878 Ad
558 2817 751 2897 sepulturam
775 2810 848 2876 inde
873 2833 1001 2875 suorum
1028 2835 1226 2900 nequaquam
1251 2815 1398 2915 paribus·

327 2901 440 2965 animis
454 2910 640 2975 vertuntur3
664 2898 781 2984 quippe
801 2898 934 2983 imperio
955 2898 1045 2964 alteri
1066 2900 1266 2976 ancti,alter1
1287 2901 1383 2966 ditio·
1405 2935 1409 2941 .

329 2989 378 3051 nis
393 2985 509 3050 alienae
530 2984 613 3048 facti.
659 2985 811 3069 Sepulcra
832 2997 969 3066 exstant,
984 3009 1048 3072 quo
1062 2987 1195 3073 quisque
1216 2986 1287 3051 loco
1301 2991 1385 3053 ceci·

329 3073 384 3139 dit.
415 3071 480 3136 duo
505 3073 651 3136 Romana
677 3093 741 3135 uno
766 3070 838 3134 loco
861 3073 993 3156 propius
1021 3071 1147 3150 Albam,
1171 3074 1232 3138 tria
1255 3074 1385 3141 Albana

331 3161 466 3224 Romam
496 3180 622 3232 versus3
656 3157 708 3222 sed
743 3157 892 3222 distantia
920 3157 1008 3238 locis,
1034 3159 1058 3198 ⁸¹
1073 3171 1105 3225 et
1133 3167 1188 3224 nt‘
1205 3161 1384 3248 pugnatum

327 3259 385 3312 est.

458 3348 540 3395 ‘redii
550 3349 623 3394 Gron.
636 3351 704 3396 Cres·
834 3347 884 3396 tut
896 3349 962 3396 aad.
1093 3351 1253 3396 animumn.

329 3485 371 3547 qui
388 3493 431 3541 per
444 3477 552 3525 foeminei
569 3491 640 3525 serus
657 3489 769 3538 personas
786 3491 841 3524 oon-
906 3475 1080 3532 il'Clomore,
1092 3477 1165 3538 qualis
1179 3491 1208 3524 er
1219 3478 1333 3537 imperatu
1341 3477 1388 3539 sa·

326 3545 475 3612 jungantur,
505 3555 553 3602 quo
587 3555 658 3588 sensu
688 3549 842 3602 opponuntur
873 3543 974 3589 realium
989 3537 1055 3604 colet]
1072 3541 1300 3602 clamore,quslem
1315 3543 1388 3592 edere

329 3611 428 3674 agralia
462 3609 501 3654 Sic
511 3605 600 3667 adoptio
611 3613 636 3652 st
648 3608 678 3653 de
691 3603 757 3652 omni
769 3608 841 3668 adop-
873 3609 951 3654 solent
964 3607 1044 3666 ii.qui
1063 3607 1318 3666 eum‚quemaictum
1329 3603 1387 3669 jam

331 3678 404 3723 tionis
424 3685 512 3733 genere
530 3671 627 3730 dicitur,
647 3679 671 3718 et
690 3673 841 3730 peculiariter
873 3671 1030 3724 crediderant,
1061 3684 1091 3717 ex
1118 3671 1239 3730 insperato
1261 3683 1388 3732 resurgere

330 3743 361 3788 de
377 3737 505 3799 adoptione
518 3749 602 3782 eorum
616 3737 658 3796 qui
675 3741 732 3782 sunt
746 3738 772 3782 in
788 3741 841 3796 pot·
872 3736 990 3794 sidentes,
1008 3730 1060 3796 ejus
1077 3736 1128 3795 spei
1142 3735 1277 3781 renueenti
1293 3735 1390 3788 lavat.

331 3811 406 3852 estate
424 3802 508 3863 patris,
527 3807 634 3862 turisque
652 3801 782 3862 opponitur
800 3813 839 3845 ar·
873 3800 985 3846 intuetur
997 3799 1080 3846 Livius
1090 3813 1118 3846 ea
1129 3813 1183 3860 quas
1195 3800 1220 3846 in
1236 3800 1324 3860 pugnis
1334 3801 1391 3862 gls-

331 3868 454 3930 rogotioai.
484 3866 576 3914 Mem
589 3866 651 3912 ratio
665 3872 702 3912 est
717 3867 800 3926 gregia
816 3870 841 3910 et
872 3865 1003 3918 illatorum,
1021 3865 1046 3909 in
1064 3865 1205 3925 spectmulis
1225 3863 1389 3922 curensibus,

329 3932 446 3979 armeniis
466 3929 546 3992 'gres
564 3931 630 3978 euim
653 3936 689 3977 est
708 3927 841 3991 quorumll·
872 3929 979 3976 accidere
990 3929 1104 3974 solebant.

329 3999 369 4044 bet
390 3996 534 4044 animalium
559 3995 720 4058 congregatio,
743 4000 767 4041 et
789 4007 841 4054 spe-
905 3994 938 4040 80
953 3993 1034 4040 Cauroe
1050 3991 1101 4038 ltili
1119 3992 1224 4057 influet]
1242 3991 1391 4040 Emendatio

328 4063 411 4108 eistim
434 4063 464 4108 de
489 4060 622 4107 minoribus
649 4059 781 4120 pecudibus
804 4059 841 4104 dl·
873 4057 1003 4104 Gronorlir
1021 4069 1094 4117 quam
1104 4059 1200 4104 firmant
1211 4059 1260 4104 duo
1270 4069 1300 4104 ex
1313 4055 1389 4105 Mss.

328 4127 400 4186 citur,
424 4133 452 4174 ut
470 4126 564 4180 ovibus,
580 4125 672 4184 caprice
701 4137 750 4184 quo
769 4135 840 4170 sensu
874 4121 981 4169 Heamii.
999 4121 1197 4168 Anteaeauromr
1215 4123 1312 4168 inausa

328 4193 457 4252 opponitur
472 4194 583 4246 armento,
603 4189 667 4250 quod
689 4185 788 4251 majoris
804 4195 841 4233 cst
905 4185 935 4233 sl
954 4185 988 4232 Bt
1005 4191 1032 4232 rt
1047 4191 1180 4248 pugnarem
1199 4185 1244 4250 ert]
1262 4185 1310 4233 Hic
1327 4187 1390 4234 ordo

327 4258 428 4316 mmm.
441 4262 469 4303 ut
480 4257 564 4316 boum,
575 4265 702 4314 equorum.
873 4251 952 4311 magia
968 4251 1067 4310 placuit,
1077 4263 1153 4311 quarn
1164 4252 1207 4312 qui
1223 4251 1295 4311 vulgo
1311 4251 1389 4298 habe·
