3032 4924
354 191 411 246 332
452 185 455 193 '
751 182 864 244 TI'l'l
888 180 1028 244 LIVII

192 363 258 414 uu
269 364 325 412 aaa
353 353 449 435 quum
464 348 630 434 progressi
643 347 773 434 equites,
787 367 852 412 non
877 357 982 432 portas
1001 345 1132 423 clausas,
1151 365 1216 409 non
1238 343 1407 409 stationem

191 430 221 478 Α
231 430 258 476 ⁰·
270 429 324 480 ³⁸⁷·
351 456 412 519 pro
427 436 526 518 portis
541 435 709 511 excubare,
724 455 789 497 non
807 445 944 497 armatos
957 455 1023 497 esse
1037 432 1069 497 in
1087 431 1193 508 muris,
1209 431 1406 504 retulissent;

352 521 437 584 aliud
467 521 564 604 priori
593 519 692 584 simile
730 518 914 583 miraculum
942 541 995 582 eos
1024 518 1187 593 sustinuit;
1219 531 1409 602 noctemque

352 606 440 670 veriti
457 623 489 671 et
508 608 625 695 ignotae
647 607 741 670 situm
764 605 859 676 urbis,
880 607 962 669 inter
986 605 1122 669 Romam
1142 615 1237 688 atque
1251 603 1408 668 Anienem

352 693 533 771 consedere,
548 715 586 756 cx
613 692 801 756 iuratoribus
823 691 924 754 missis
947 692 1030 755 circa
1046 693 1164 754 moenia
1179 688 1320 775 aliasque
1334 709 1409 772 por-

353 793 410 855 tae,
427 801 571 863 quaenam
588 715 732 842 losribus
745 778 778 840 in
793 777 916 862 perdita
930 799 965 839 re
979 776 1111 840 consilia
1131 791 1242 840 essent.
1290 775 1411 839 Roma-

352 864 396 940 ni,
418 886 516 949 quum
538 884 609 949 pars
631 866 731 950 major
752 885 791 927 ex
813 864 878 926 acie
900 863 994 927 Veios
1016 863 1174 948 petissetss,
1189 881 1286 925 nemo
1300 882 1410 946 super·

193 971 315 1025 nomano.
352 973 419 1015 esse
440 972 630 1036 quemquam
647 963 764 1036 preter
784 971 847 1025 eos,
869 949 924 1035 qui
939 949 1074 1013 Romam
1093 946 1285 1035 refugerant,
1301 945 1412 1010 crede·

190 1055 248 1088 rum
260 1056 342 1104 [uror.
353 1049 411 1113 ret,
427 1037 613 1122 complorati
628 1059 750 1112 omnes,
765 1036 883 1118 pariter
904 1035 966 1098 vivi
989 1035 1177 1120 mortuique,
1192 1046 1291 1097 totam
1308 1053 1410 1118 prope

351 1122 497 1187 ⁵1urbem
519 1123 663 1188 lamentis
683 1122 892 1207 inpleverunt.
936 1119 1209 1186 Privatos'deiude
1224 1123 1331 1183 luctus
1346 1133 1410 1183 stu·

351 1207 465 1294 pelecit
489 1209 634 1294 publicus
652 1229 762 1294 pavor,
778 1221 944 1292 postquam
970 1207 1072 1271 liostes
1094 1205 1202 1269 adesse
1220 1204 1409 1269 nunciatum

352 1308 409 1360 eat.
439 1317 515 1358 mox
543 1295 681 1359 ululatus
717 1307 891 1379 cantusque
923 1292 1076 1372 dissonos,
1104 1293 1293 1377 vagantibus
1329 1292 1412 1356 circa

352 1382 470 1446 moenia
494 1381 655 1446 turmatim
678 1380 829 1457 barbaris,
852 1378 1030 1444 audiebant.
1075 1376 1181 1442 Omne
1196 1371 1270 1442 inde
1284 1389 1409 1463 tempus

352 1489 517 1552 suspensos
539 1467 585 1532 ita
612 1466 714 1531 tenuit
742 1466 863 1530 animos
892 1463 1054 1550 usquead
1079 1463 1181 1528 lucem
1203 1463 1349 1539 alteram,
1377 1475 1411 1528 ut

352 1552 527 1618 itemtidem
545 1553 611 1638 jam
634 1555 667 1615 in
691 1555 799 1616 urbem
815 1550 938 1620 futurus
960 1551 1118 1614 videretur
1132 1550 1256 1635 inpetus
1269 1549 1411 1636 ”primo

354 1637 501 1716 adventu,
518 1661 582 1725 quo
597 1649 790 1702 accesserant
810 1637 850 1701 ad
874 1637 995 1702 urbem.
1017 1657 1179 1702 mansuros
1194 1636 1278 1702 enim
1296 1639 1336 1698 ad
1355 1635 1411 1700 Al·

285 1731 288 1738 “
353 1723 428 1788 liam
449 1724 551 1800 fuisse,
574 1724 634 1788 nisi
664 1723 725 1789 hoc
753 1723 873 1787 consilii
897 1721 986 1788 foret.
1029 1722 1156 1787 Deinde
1181 1722 1240 1786 sub
1262 1739 1410 1786 occasum

353 1809 438 1885 solis,
454 1810 527 1895 quia
541 1808 628 1874 haud
648 1810 782 1873 multum
803 1811 866 1872 diei
887 1821 1058 1894 supererat,
1075 1823 1147 1872 ante
1162 1821 1287 1872 noctem
1304 1808 1366 1872 rati
1381 1831 1413 1872 se

353 1895 534 1970 invasuros;
557 1908 623 1960 tum
648 1895 678 1958 in
694 1909 817 1959 noctem
833 1895 965 1960 dilatum
988 1893 1151 1958 consilium
1168 1915 1244 1970 esse,
1260 1917 1327 1980 quo
1341 1893 1412 1980 plus

352 1982 479 2064 pavoris
490 1982 650 2046 inferrent.
699 1982 862 2045 Postremo
873 1980 930 2046 lux
940 1980 1197 2066 adpropinquans
1210 1981 1411 2044 exanimare:

353 2068 523 2168 timorique
549 2081 701 2153 perpetuo
721 2068 824 2152 ipsum
852 2068 969 2132 mulum
989 2065 1189 2130 “continens
1212 2065 1283 2141 suit,
1311 2089 1411 2151 quum

353 2153 445 2240 signa
469 2153 580 2218 mtesra
608 2156 706 2238 portis
743 2167 815 2218 sunt
851 2153 956 2216 inlata.
1001 2152 1034 2218 N
1073 2173 1209 2238 unquam
1239 2167 1347 2216 tamen
1377 2175 1413 2216 ea

353 2255 454 2316 nocte,
486 2260 588 2326 neque
617 2241 792 2326 insequenti
820 2239 872 2302 die
900 2236 1008 2304 similis
1040 2238 1060 2301 il
1073 2239 1095 2318 i,
1122 2259 1193 2323 quse
1222 2235 1263 2302 ad
1295 2237 1412 2302 Alliam

354 2337 417 2390 tam
428 2325 543 2412 paride
553 2325 688 2415 fugerat,
700 2325 726 2365 ⁵⁴
736 2326 844 2390 civitas
852 2325 921 2390 fuit.
958 2325 1042 2388 Nam
1054 2345 1152 2410 quum
1163 2323 1290 2388 delendi
1299 2324 1411 2388 urbem

353 2433 455 2496 posse,
479 2427 543 2478 tam
568 2435 665 2498 parra
691 2411 800 2478 relicta
828 2433 935 2488 manu,
962 2431 1032 2494 spes
1055 2409 1142 2474 nulla
1166 2422 1257 2485 esset,
1282 2409 1412 2494 placuit,

354 2521 427 2563 cum
444 2499 634 2586 conjugibus
650 2521 687 2564 ac
701 2498 807 2563 liberis
823 2499 1021 2584 juventutem
1042 2495 1207 2560 militarem
1223 2509 1414 2584 senatusque

191 2604 340 2664 captionum
355 2585 453 2650 robur
469 2586 500 2650 in
516 2609 618 2650 arcem
633 2584 887 2670 Capitoliumque
898 2582 1106 2658 coneedero¹¹3
1128 2582 1288 2668 armisque
1302 2596 1335 2646 et
1350 2581 1413 2646 fru-

193 2669 304 2742 mutuus
357 2688 465 2735 mento
483 2672 627 2750 conlatis,
650 2693 687 2733 ex
709 2669 781 2734 loco
802 2669 877 2734 inde
899 2669 1021 2733 munito
1044 2668 1129 2732 Deos
1151 2666 1362 2754 hominesque
1382 2679 1414 2732 et

186 2740 308 2794 ΝΜ
358 2757 539 2822 Romanum
568 2777 684 2820 nomen
713 2754 889 2821 defendere.
932 2753 1141 2819 ³⁵Flamiuem
1171 2753 1415 2840 sacerdotesque

192 2807 303 2857 occupat.

357 2841 499 2905 Vestales
520 2864 609 2906 sacra
631 2840 757 2925 publica
771 2865 790 2905 a
804 2840 900 2920 crede,
916 2840 956 2904 ab
971 2839 1123 2904 incendiis
1141 2839 1254 2925 procul
1273 2839 1413 2904 auferre:

355 2949 414 2992 nec
428 2941 502 2996 ante
514 2927 615 2992 deseri
639 2927 760 2992 cultum
786 2949 907 3004 eorum,
924 2949 1017 3013 quam
1041 2947 1106 2990 non
1132 2929 1344 3010 superessent,
1360 2925 1415 3014 qui

355 3013 504 3078 colerent.
549 3013 583 3078 Si
596 3010 657 3078 ‘arx
675 3013 943 3099 Capitoliumque,
959 3012 1046 3077 sedes
1061 3013 1217 3092 Deorum,
1232 3012 1258 3075 si
1274 3027 1413 3088 senatus,

355 3113 451 3182 caput
473 3099 592 3182 publici
613 3098 744 3175 consilii,
761 3099 786 3162 si
803 3099 943 3164 militaris
952 3101 1101 3184 juventus
1116 3093 1307 3183 superfuerit
1323 3099 1415 3162 inmi-

354 3185 443 3249 nenti
462 3185 564 3252 ruinae
587 3185 682 3262 urbis,
699 3183 819 3250 facilem
841 3187 996 3271 jacturam
1023 3207 1088 3249 esse
1109 3183 1280 3262 seniorum,
1296 3184 1415 3249 relicte

354 3271 388 3336 in
404 3271 482 3339 urbe
497 3272 605 3358 utique
619 3272 768 3356 periturae
784 3271 897 3336 turbae.
918 3283 959 3347 et,
972 3293 1036 3356 quo
1050 3271 1082 3336 id
1098 3270 1238 3355 aequiore
1252 3271 1363 3336 animo
1377 3270 1416 3334 de

354 3357 447 3443 plebe
468 3357 639 3424 multitudo
660 3355 764 3434 ferret,
780 3379 868 3421 senes
889 3357 1094 3442 triumphales
1115 3355 1361 3440 consularesque
1376 3357 1416 3422 si·

547 3527 834 3590 sparnacenses.
974 3503 1219 3572 ammonas

386 3681 538 3730 ol'Urlcm
567 3683 673 3730 lamcatir
705 3680 869 3744 impleuerant]
900 3686 945 3730 est.
977 3681 1087 3727 Andron
1113 3691 1168 3726 earn
1192 3677 1415 3738 interpunctionem

354 3745 481 3794 Dederunt
508 3760 606 3794 causam
636 3747 758 3802 lamentis,
781 3746 869 3806 quibus
901 3745 1068 3805 numnquam
1079 3743 1156 3792 secuti
1167 3754 1260 3788 sumus.

354 3812 412 3857 urbs
424 3812 525 3872 impleta
536 3817 581 3858 est.
934 3807 1130 3871 avocatam]
1148 3807 1204 3853 Sina
1221 3807 1272 3853 ullo
1288 3807 1416 3854 intervallo
1503 3855 1504 3866 χ

386 3875 419 3922 tt
435 3875 520 3921 Primo
537 3873 647 3938 adventu]
671 3873 760 3936 Supple
783 3887 814 3920 ex
833 3885 869 3920 tc·
901 3871 1066 3936 conjunctum.

353 3939 793 3999 questibus.rntlsuntreirruaruror.
821 3937 869 3984 His
933 3935 1097 3998 omissas]
1115 3935 1195 3993 cives,
1211 3933 1326 3982 Romani.
1360 3936 1417 3982 Sen-

354 4004 453 4049 vocibur
466 4005 545 4064 patrna
560 4001 807 4049 adventa...dctndc
828 4001 868 4048 rut
901 4015 943 4047 sus
961 4008 1007 4060 est,
1024 4001 1145 4058 Romanos
1167 4009 1196 4044 ea
1216 4005 1288 4046 nocte
1310 4004 1336 4064 et
1355 4000 1417 4046 inse·

353 4079 457 4113 maurum
466 4067 520 4112 toln
535 4097 542 4111 .
559 4097 566 4112 .
583 4098 590 4111 .
608 4071 657 4120 tum
674 4097 680 4111 .
696 4097 703 4111 .
721 4070 866 4126 ‚postserra
901 4067 986 4126 quenti
1002 4067 1040 4112 die
1057 4067 1128 4126 longe
1145 4063 1203 4109 alios
1221 4077 1247 4110 ae
1265 4062 1415 4124 prestitine,

353 4129 511 4188 designantur
528 4139 631 4191 quatuor
647 4131 715 4177 velut
732 4131 821 4190 medua
836 4141 864 4176 tc
903 4143 977 4191 quam
996 4130 1092 4177 lucrant
1114 4129 1145 4174 ad
1162 4127 1262 4184 Alliam,
1280 4130 1347 4176 unde
1368 4137 1416 4175 tam

354 4199 493 4252 temponrtn
514 4195 663 4252 (incrimine,
680 4195 768 4256 quibus
793 4190 869 4254 eupli,
902 4193 1116 4254 pavidetugerant·

355 4263 424 4306 catur
446 4257 472 4304 el
493 4258 625 4305 identidem.
669 4255 750 4305 llu‘us
774 4259 821 4306 loct
842 4257 869 4306 in
934 4258 967 4304 55
982 4256 1125 4319 nomnen]
1142 4257 1416 4318 uutnnslemmtpnret

357 4319 461 4380 vulgatis
482 4321 605 4370 mutuato
627 4323 684 4370 adm
717 4335 760 4369 um
782 4321 869 4370 vitiosa
901 4323 1094 4384 exosequentt.
