3056 4928
365 219 434 274 ἰιι
763 209 876 276 τιτι
908 189 1042 279 ttvit

219 393 285 455 ttssc.
296 408 351 459 41,
376 377 485 450 dicere,
500 377 606 440 nostes.
638 377 726 460 Ergo
739 397 791 442 uos
796 379 887 460 prins
900 379 935 441 in
948 397 994 441 me
1007 374 1195 441 strinxeritis
1195 373 1321 458 semun,
1332 387 1410 456 qtton

216 470 246 516 m
258 472 284 519 c.
296 471 351 522 889.
377 463 411 524 in
424 481 475 524 uos
488 483 553 546 ego.
569 459 660 526 istinc
671 464 762 546 signa
776 473 895 540 canent,
912 463 1003 544 istiite
1016 465 1130 526 elamor
1138 461 1228 543 prius
1241 460 1357 540 incipiet
1368 467 1410 520 ot·

375 567 433 630 que
447 549 575 630 inpetus,
587 550 615 611 si
628 549 830 612 dimicandum
846 559 899 613 est.
921 549 1062 613 Indncite
1076 550 1109 611 in
1124 548 1263 618 animum,
1274 545 1347 627 qnod
1359 563 1412 605 non

376 633 562 698 induccmmt
571 643 678 716 patres
691 637 800 718 cuique
814 638 907 700 uestri
915 670 926 707 ,·
943 657 1003 697 uon
1019 635 1078 709 illi,
1094 635 1147 717 qni
1162 635 1195 695 in
1210 633 1326 696 Samum
1338 649 1411 692 mon-

374 727 432 782 tem
443 730 622 788 secesserunt
627 755 639 793 ‚·
656 743 717 783 mom
727 721 770 797 ti,
784 725 837 805 qni
845 731 954 804 postea
967 719 1148 784 Auentinum
1159 719 1337 781 insederunt.
1356 716 1415 777 Ex·

373 813 515 887 spectate,
531 807 599 869 dum
622 807 704 872 uobis
718 809 856 892 singulis,
871 817 906 870 ut
925 809 997 870 olim
1014 807 1189 880 Coriolano,
1204 811 1310 865 metues
1325 798 1416 883 conju·

370 911 482 974 gesque
494 892 628 956 crinibus
638 894 740 974 possis
753 894 849 956 obnioe
862 894 901 956 nb
915 894 987 956 urbe
1002 893 1136 955 ueniant.
1169 889 1242 952 liam
1261 887 1415 951 Volscomtm

373 977 518 1060 legiones,
527 979 601 1060 quio
616 981 786 1042 Romntmm
800 978 950 1044 bobebout
960 981 1071 1052 ducein,
1082 979 1273 1060 quieverunt·
1289 993 1347 1050 oos,
1358 971 1416 1034 llu-

373 1083 479 1126 monus
492 1067 650 1141 ecereitus,
666 1079 721 1128 ne·
734 1066 912 1129 destiteritis
927 1066 1014 1146 inpio
1028 1063 1130 1126 bello?
1154 1061 1192 1125 T.
1207 1060 1339 1136 Quincti,
1353 1077 1416 1140 quo-

372 1169 494 1234 cumque
508 1152 577 1214 istic
587 1153 661 1226 loco,
673 1173 724 1216 seu
734 1154 845 1230 uolens,
857 1171 907 1214 seu
923 1152 1046 1223 invitus,
1055 1149 1231 1224 constitisti,
1241 1147 1270 1208 si
1280 1146 1417 1207 ‹limicon-

373 1236 443 1298 dnm
457 1237 527 1313 erit,
539 1246 601 1299 tum
615 1247 649 1300 tu
665 1239 698 1300 in
712 1239 885 1300 nouissimos
895 1247 926 1300 te
939 1237 1068 1318 recipito
1074 1257 1085 1297 .·
1086 1234 1215 1318 filgeris
1225 1233 1313 1295 etiam
1325 1231 1417 1292 benet·

372 1322 445 1400 tius,
459 1331 631 1408 tergumque
645 1325 706 1386 ciui
720 1325 851 1400 dederis,
865 1343 952 1406 quom
965 1323 1152 1406 pugnaveris
1164 1328 1271 1382 contro
1282 1317 1418 1398 putrium.

374 1405 466 1470 Nunc
479 1411 523 1470 oei
539 1411 764 1494 pocffieundum
778 1410 851 1473 bene
864 1419 955 1492 utque
968 1408 1090 1470 honeste
1104 1409 1186 1469 inter
1197 1406 1312 1486 primos
1325 1400 1418 1472 stabis,

373 1502 403 1556 et
416 1495 569 1578 conloquii
581 1494 669 1578 hujus
678 1496 825 1560 solutoris
837 1496 986 1577 interpres
988 1493 1108 1577 fieeris.
1130 1491 1156 1530 ⁰⁰
1165 1491 1322 1556 Postulote
1332 1507 1419 1570 uqnn,

315 1593 321 1602 '
374 1581 511 1660 elferte:
533 1601 711 1665 quemquam
727 1583 774 1645 uel
795 1581 910 1663 iniquis
928 1581 1068 1644 standum
1088 1589 1131 1642 est
1150 1579 1264 1660 potins,
1281 1594 1366 1659 quom
1379 1573 1421 1634 in·

215 1691 345 1748 mutne-
368 1666 443 1746 pios
459 1667 540 1730 inter
554 1687 608 1731 mos
621 1688 807 1730 conseramus
822 1687 935 1730 monus.
973 1664 1014 1728 Τ.
1031 1662 1203 1739 Quinctius
1217 1661 1327 1747 plenus
1342 1657 1421 1722 lacti·

215 1757 509 1826 fiuntuoetdmntum
530 1751 570 1815 od
595 1773 667 1816 suos
689 1773 805 1829 versus,
822 1752 878 1816 Me
902 1773 1029 1836 qnoque,
1047 1750 1159 1836 inquit,
1177 1750 1300 1822 milites,
1318 1748 1346 1810 si
1364 1743 1423 1828 quis

213 1823 361 1934 mm
373 1857 443 1900 usus
453 1840 512 1900 mei
525 1847 579 1912 est,
595 1841 745 1902 meliorem
756 1840 855 1921 pncis,
871 1859 960 1922 quom
974 1837 1056 1910 belli,
1071 1837 1191 1900 bebetis
1205 1837 1316 1898 ducem.
1358 1829 1420 1894 Non

374 1924 453 1986 enim
468 1924 524 1986 illo
540 1926 626 1988 modo
642 1925 762 1988 Volscus
775 1935 830 1988 out
844 1925 973 1999 Samnis,
989 1925 1041 1986 sed
1054 1924 1223 1998 Romam,
1240 1917 1422 2002 uerbusecitt

374 2017 471 2072 uester
484 2012 594 2084 commu,
611 2020 706 2074 uester
721 2013 896 2093 imperator,
912 2010 1038 2073 milites:
1061 2007 1144 2092 cnjus
1158 2008 1300 2089 auspiciu
1311 2025 1368 2088 pro
1380 2021 1423 2064 oo-

375 2094 421 2158 bis
434 2097 554 2178 experti
567 2098 662 2160 nolite
675 2099 819 2161 aduersus
832 2117 883 2160 vos
897 2097 972 2159 uelle
984 2096 1129 2177 experiri,
1177 2091 1244 2169 Qui
1259 2095 1424 2176 pugnarent

374 2180 520 2245 nobiscum
537 2184 685 2267 ituestius,
700 2192 730 2246 et
749 2185 828 2246 olios
842 2185 929 2246 duces
947 2190 1068 2246 semotus
1087 2179 1213 2243 babuit:
1236 2181 1291 2265 qui
1308 2175 1425 2270 marine

375 2266 466 2345 nobis,
488 2271 551 2332 suis
575 2269 731 2346 militibus,
752 2278 904 2352 parceret,
925 2268 975 2330 cni
991 2267 1155 2349 plurimum
1182 2287 1236 2330 uos
1259 2266 1425 2346 imperatori

372 2361 470 2417 uestro
483 2357 656 2436 crederetis,
671 2377 735 2420 eum
753 2357 855 2439 elegit.
899 2356 1022 2429 Pccetn,
1037 2355 1129 2416 etiam
1152 2353 1208 2436 qui
1229 2352 1349 2415 uincere
1361 2365 1425 2430 pos·

332 2492 334 2504 ,
372 2450 452 2516 sumt,
468 2443 583 2506 uolunt.
605 2443 681 2525 qnid
701 2463 755 2506 nos
768 2443 844 2506 uelle
858 2444 1001 2524 oportet?
1024 2440 1109 2524 quin,
1125 2439 1246 2502 omissis
1266 2439 1317 2500 iro
1332 2443 1360 2498 cl
1372 2449 1425 2514 spes

361 2525 535 2611 fallacibus
549 2528 731 2604 auctoribus,
746 2549 801 2592 nos
816 2529 895 2611 ipsos
918 2535 1080 2610 nostroque
1100 2526 1205 2589 omniu
1219 2525 1350 2608 cognite
1362 2537 1427 2602 per·

373 2614 521 2678 mittimus
577 2616 617 2678 ei.

216 2714 306 2765 statuo
421 2616 800 2785 xutfitidprobantibus
812 2700 949 2764 clamore
963 2697 1094 2774 cunctis,
1108 2697 1149 2760 T.
1166 2694 1350 2772 Quinctius,
1364 2700 1428 2755 unte

215 2783 354 2843 “mim
376 2784 466 2871 signa
487 2806 682 2873 progressus,
698 2785 731 2849 in
757 2799 910 2871 potestate
931 2784 1092 2848 dictatoria
1116 2782 1233 2848 milites
1255 2780 1323 2844 fore
1341 2775 1426 2842 dixit:

377 2871 500 2947 oraviu,
521 2885 554 2936 ut
579 2893 717 2936 caussam
743 2873 942 2936 miserorum*
956 2871 1071 2935 civium
1097 2869 1294 2953 susciperet:
1316 2881 1430 2943 suscep-

377 2969 507 3042 tamque
527 2957 636 3022 cedem
658 2957 731 3032 fide,
748 2980 810 3044 qun
834 2955 1058 3043 rempublicam
1082 2955 1310 3019 administrate
1329 2949 1429 3014 solitus

376 3055 466 3120 osset,
488 3055 637 3108 tueretur.
681 3044 749 3109 Sibi
769 3065 801 3109 se
819 3047 969 3128 priuatim
995 3043 1076 3106 nibil
1099 3062 1225 3106 cauere.-
1250 3041 1332 3104 nolle
1353 3031 1430 3104 olibi,

267 3185 272 3196 .
376 3149 465 3212 quom
481 3131 515 3193 in
529 3132 714 3210 innocentio,
728 3151 810 3214 spem
831 3131 951 3194 bebere.
997 3129 1155 3193 Militibus
1168 3128 1347 3199 cavendum,
1363 3117 1432 3206 qnod

376 3217 461 3298 opud
469 3219 585 3281 Patres
597 3219 687 3281 semel
694 3218 790 3299 plebi,
804 3219 911 3281 iterum
925 3215 1094 3300 legionibus
1103 3224 1226 3277 cnutum
1236 3214 1290 3289 sit,
1304 3207 1432 3301 mcfrutf·

376 3303 412 3365 tii
431 3305 553 3368 secessio
575 3315 659 3368 esset.
703 3302 857 3380 Quinctio
875 3301 1075 3378 conlaudato,
1091 3299 1203 3365 ceteris
1226 3298 1349 3362 bonum
1371 3309 1430 3356 unt·

377 3409 464 3452 mum
487 3387 603 3454 hebete
623 3389 727 3475 jussis,
747 3389 892 3465 dictator,
952 3409 995 3452 uo
1016 3386 1112 3451 citato
1133 3385 1175 3449 etl
1198 3384 1315 3450 urbem
1337 3395 1431 3445 renea·

375 3487 436 3553 tus,
451 3475 634 3540 auctoribus
650 3474 808 3554 Patribus,
824 3474 897 3540 tulit
911 3411 952 3538 bi
972 3473 1125 3558 populum
1142 3473 1175 3535 itt
1192 3469 1271 3535 luco
1288 3464 1432 3534 Petelino,

375 3581 416 3624 ne
441 3562 492 3626 cui
517 3561 652 3627 militum
674 3561 779 3627 fraudi
801 3560 932 3625 secessio
955 3571 1047 3623 esset.
1092 3558 1208 3622 Ornvit
1235 3560 1334 3620 etiem
1358 3551 1435 3616 bont

376 3649 466 3710 venia
483 3646 635 3728 Quirites,
651 3670 691 3713 ne
713 3647 783 3733 quis
804 3669 955 3710 semrom
977 3647 1052 3731 joco
1073 3645 1194 3709 seriove
1217 3644 1367 3730 cuiquem
1386 3655 1434 3698 ex·

376 3735 551 3816 probretet.
586 3735 611 3810 9¹
624 3735 692 3800 Lex
709 3754 836 3820 quoque
850 3745 971 3797 sectato
989 3729 1132 3796 militatis
1145 3729 1210 3794 latu
1226 3741 1285 3808 est,
1301 3748 1342 3791 ne
1355 3721 1435 3807 cujus

616 3874 625 3902 ¹
637 3883 681 3916 non
692 3871 767 3916 Gron.
778 3871 847 3916 cren.
973 3841 986 3902 ΔΙ
997 3868 1116 3928 movitque
1127 3865 1194 3912 Eacd.

409 3992 578 4058 9021Portulote
596 4007 670 4054 ecquo,
685 3996 708 4040 et
721 3989 798 4055 sente]
822 3989 847 4036 st
866 3989 891 4038 ri
922 3987 1068 4034 antitheseos
1093 3985 1207 4045 expedita
1233 3991 1260 4030 et
1285 3981 1351 4030 elatu
1373 3979 1435 4025 Μ·

371 4057 435 4120 ferte
453 4059 492 4106 hic
509 4059 602 4106 dictum
621 4065 667 4116 est,
683 4055 889 4117 quemadmodum
923 4053 970 4098 Sed
989 4063 1101 4098 vetemur
1124 4064 1154 4096 nc
1175 4049 1244 4094 hunc
1266 4047 1436 4112 interpretam-

378 4123 505 4183 vutgntum
525 4123 586 4169 illud
600 4121 668 4183 scm
684 4119 829 4177 mustiones,
848 4131 889 4178 pa-
923 4129 978 4163 nem
1005 4129 1053 4162 non
1080 4115 1186 4176 patiatur
1213 4109 1300 4158 Latini
1327 4111 1436 4154 reumont·

377 4199 433 4232 tum
444 4187 524 4232 ditttrt
535 4189 606 4234 abeo
622 4187 687 4246 quod
704 4184 825 4244 precessit
838 4197 890 4242 pns-
923 4180 1062 4242 promissas.

377 4251 455 4296 tutan.
488 4251 554 4300 tunc
570 4251 638 4296 uobis
652 4251 678 4296 tn
693 4255 800 4294 mentem
813 4247 902 4294 vente:
956 4245 985 4293 91
1004 4243 1055 4291 Luc
1071 4233 1434 4304 merato1Vid.nct.Bl.tdt·

377 4315 428 4369 ω,
443 4327 503 4361 num
520 4321 599 4376 puceu
615 4313 710 4374 exponi,
726 4311 838 4372 palute,
853 4323 891 4356 ac·
924 4307 962 4358 88.
975 4311 990 4356 l.
1004 4307 1037 4356 tt.

377 4378 450 4438 cipite
461 4377 710 4444 aquuleondtttoneu
744 4375 814 4424 'runc
830 4373 892 4422 totio
