2986 4930
432 257 529 319 ure.
556 257 580 317 1.
607 257 710 321 cnr.
738 255 822 319 xus.
855 233 860 246 ‘
1127 261 1166 320 st

91 420 171 485 lieres
191 419 461 488 familisritutem
481 437 616 504 nucum,
631 436 663 488 et
683 443 827 510 puerum,
843 434 880 488 ut
895 425 930 488 in
944 423 1041 488 domo
1055 441 1075 486 a
1090 421 1165 507 pars

92 529 126 570 to
152 507 333 588 edumuns,
368 509 404 572 in
435 513 563 574 caritate
591 523 684 596 utque
713 510 833 574 honore
860 508 974 575 fuisset
1003 509 1162 574 fortunam

93 595 203 672 rustris,
220 595 320 680 quod
337 609 438 681 cnpts
451 596 552 679 patria
566 597 598 659 in
614 595 750 661 hostiurn
769 617 880 660 uranus
900 596 1032 674 venerit,
1048 607 1085 660 ut
1098 615 1164 660 set·

94 703 126 745 ra
138 695 235 746 uetus
250 681 458 758 crederetur,
474 683 592 746 lecisset

131 767 210 832 XL.
235 768 614 854 Duodequndrngcslmo
639 767 737 833 ferme
757 789 852 843 enno,
875 786 916 831 ex
944 785 1008 854 quo
1032 789 1046 831 r
1110 787 1166 851 erew
1263 777 1265 784 '

96 869 231 940 cuperet
245 853 463 939 Tarquinius,
483 875 546 918 non
569 855 653 940 opud
675 875 780 942 regem
803 855 911 933 morlo,
925 854 979 918 sed
1001 873 1063 939 spu
1104 855 1163 918 Pe·

97 955 152 1005 tres
172 941 389 1090 plebemque,
415 943 508 1028 longe
533 941 673 1005 maximo
697 941 818 1005 bonore
845 942 913 1006 Ser.
933 940 1060 1005 Tullius
1085 955 1166 1005 erut.

99 1025 178 1090 Tum
198 1029 286 1091 Anci
306 1027 326 1088 li
342 1027 365 1088 ii
382 1027 449 1089 duo
462 1027 520 1090 etsi
535 1038 629 1090 antea
649 1049 772 1111 semper
793 1045 853 1112 pro
875 1025 1093 1114 indignissimo
1108 1026 1235 1094 ha-nnet
1242 1046 1303 1093 utto·

99 1113 242 1190 buerant,
259 1135 296 1177 se
310 1111 423 1197 patrio
437 1131 535 1196 regno
550 1113 665 1177 tutoris
681 1109 792 1178 fraude
815 1114 932 1197 pulsos,
948 1133 1082 1202 regnare
1098 1114 1165 1178 us-
1172 1125 1229 1190 ΝΡ]
1236 1124 1294 1188 ⁰9¹¹·

101 1221 156 1262 mat
177 1201 354 1274 advenam,
371 1197 471 1262 “non
494 1197 591 1262 modo
615 1200 731 1277 civicae,
750 1202 802 1264 sed
830 1221 869 1264 ne
893 1198 1011 1263 ltclicee
1035 1181 1279 1284 quidem⁸¹³¹¹²²¹⁰'

101 1287 219 1370 stirpis;
245 1298 318 1350 tum
347 1285 509 1368 inpensius
529 1285 613 1348 ”tus
638 1287 808 1374 indignitas
834 1305 984 1363 crescere,
1007 1287 1033 1348 si
1058 1307 1098 1348 ne
1124 1287 1166 1350 ab
1222 1282 1224 1288 ’

103 1371 281 1459 Tarquinio
297 1371 430 1458 quidem
446 1371 485 1433 sd
508 1393 541 1435 se
561 1371 678 1436 rediret
701 1393 842 1461 regnum,
859 1372 912 1435 sed
936 1390 1077 1456 preceps
1091 1371 1166 1438 inde

103 1477 195 1542 porro
215 1462 255 1521 nd
277 1459 408 1522 servitis
431 1457 572 1520 caderet:
596 1458 681 1522 utin
701 1463 810 1522 eedem
833 1458 959 1522 civitate
981 1472 1053 1542 post
1068 1457 1166 1521 lcen-

105 1545 247 1609 tesimum
262 1541 329 1608 fere
344 1562 478 1617 nonum,
495 1563 587 1630 quum
606 1545 762 1622 Romulus
778 1541 851 1609 Deo
870 1559 1057 1632 prognatus,
1075 1543 1167 1609 Deus

27 1639 28 1650 ¹
103 1631 176 1716 ipse,
189 1630 334 1695 tenuerit
348 1647 497 1717 regnunt,
513 1629 615 1694 donec
629 1631 661 1694 in
678 1629 769 1695 terris
784 1630 887 1710 luerit,
903 1632 937 1694 id
954 1649 1061 1696 sertus
1076 1649 1167 1696 servu

102 1731 192 1782 uatus
205 1715 382 1803 possideat,
403 1734 469 1779 tum
486 1733 653 1781 commune
669 1713 809 1781 Romani
830 1717 976 1794 nominis,
993 1730 1060 1782 tum
1083 1710 1183 1802 pres·-¹

103 1804 193 1888 cipue
207 1804 242 1867 id
258 1805 374 1866 domus
390 1821 457 1867 suae
470 1802 608 1868 dedecus
622 1802 700 1883 fore,
715 1804 751 1880 si,
768 1797 852 1868 Anci
867 1804 950 1890 regis
965 1803 1045 1868 virili
1069 1805 1168 1888 stirpe

20 1923 48 1969 ¹·
103 1889 195 1966 ulva,
212 1907 279 1954 non
301 1889 401 1953 modo
422 1888 560 1965 advenis,
576 1889 629 1953 sed
652 1891 748 1954 servis
768 1889 873 1969 etiam,
893 1909 1028 1980 regnum
1052 1887 1168 1956 Romus

104 1989 235 2060 poteret.
283 1975 384 2040 Ferro
416 1975 512 2058 igitur
535 1994 604 2038 erm
631 1995 735 2040 eruere
764 1979 986 2041 contumelium
1013 1991 1167 2044 statuunt.

102 2063 189 2128 'Sed
204 2077 237 2126 et
252 2062 379 2148 injuriet
396 2060 489 2124 dolor
502 2062 535 2125 in
550 2061 762 2148 Tarquinium
777 2064 880 2147 ipsum
899 2066 1006 2150 magis,
1023 2081 1118 2150 quum
1134 2064 1168 2128 in

105 2149 262 2226 Serrium,
289 2169 343 2212 eos
371 2147 573 2212 stimulabat:
596 2162 628 2213 et
651 2149 724 2234 quia
749 2149 875 2237 gravior
901 2149 984 2215 ultor
1009 2145 1114 2224 eredis,
1142 2151 1168 2214 si

104 2247 292 2319 superesset,
313 2253 373 2299 rea
402 2233 526 2298 iuturus
550 2245 628 2311 erut,
650 2253 744 2322 quam
770 2236 931 2320 privamur
953 2249 1032 2317 tum,
1058 2232 1169 2302 Sessio

105 2322 220 2396 occiso,
247 2339 481 2407 quemcumque
509 2320 605 2384 elium
634 2339 785 2409 generum
815 2317 990 2409 delegisset,
1020 2323 1168 2387 eumdem

106 2409 194 2495 regni
214 2407 375 2472 baeredcm
392 2406 531 2470 iucturus
543 2407 718 2472 videbatur.
763 2403 816 2472 Ob
839 2408 908 2472 baec
923 2409 983 2492 ipsi
1006 2410 1072 2496 tegi
1092 2409 1170 2474 insi·

106 2493 167 2558 dise
191 2507 356 2579 petantur.
403 2493 455 2556 Ex
485 2493 662 2578 pastoribus
687 2493 753 2558 duo
780 2491 965 2557 ferocissimi
990 2494 1105 2558 delecti
1130 2495 1170 2558 sd

105 2579 235 2655 lucinus,
252 2580 368 2666 quibus
387 2580 530 2644 consueti
550 2594 640 2645 erant
656 2593 790 2665 uterque
807 2579 981 2666 agrestibus
998 2580 1170 2644 ferramen-

106 2667 156 2748 tis,
170 2667 204 2728 in
222 2667 380 2730 vestibulo
399 2666 505 2750 regius,
522 2687 616 2750 quum
640 2679 771 2749 potuere
792 2663 1083 2744 tumultuosissime,
1099 2683 1170 2750 spe·

106 2752 153 2817 cie
174 2753 255 2816 rittoe
270 2754 301 2814 in
322 2773 355 2816 se
376 2769 486 2814 omnes
507 2751 701 2836 adparitores
725 2751 828 2838 regios
853 2745 1169 2829 conuertuntt'inde,

107 2858 204 2924 quum
219 2837 316 2902 ambo
330 2855 437 2921 regem
454 2838 661 2922 adpellerent,
675 2838 858 2925 clamorque
870 2857 980 2904 eorum
995 2838 1122 2924 penitus
1135 2838 1169 2902 in

107 2927 225 3014 regiam
240 2925 447 3010 pervenisset,
464 2923 565 2989 vuenti
579 2925 620 2988 ed
637 2935 743 3012 regent
764 2935 913 3012 pergunt.
959 2925 1070 2990 Prbno
1084 2937 1170 2990 uter-

107 3027 168 3096 qne
180 3010 361 3088 vociferas,
378 3023 411 3074 et
425 3011 565 3075 certatim
581 3011 763 3076 alteralteri
778 3013 969 3096 obstrepere,
986 3011 1113 3078 coerciti
1128 3010 1170 3076 sb

10 3119 11 3131 ¹
106 3097 226 3176 lictore,
243 3109 276 3161 et
291 3099 371 3183 jussi
387 3095 441 3160 ³in
456 3097 555 3162 vicem
571 3097 686 3174 dicere,
704 3091 832 3163 tundent
851 3097 982 3184 obloqui
1004 3098 1170 3164 desistunt.

110 3185 198 3250 Unus
213 3207 281 3248 rern
297 3207 336 3248 ex
351 3183 526 3267 composito
541 3183 674 3250 orditur.
720 3183 823 3248 Cum⁰
836 3185 976 3249 intentus
999 3185 1033 3249 in
1048 3209 1120 3250 cum
1135 3201 1323 3263 sersmutntus

108 3292 161 3334 rex
177 3283 265 3335 totus
284 3283 451 3347 averteret,
466 3268 545 3334 ulter
567 3269 681 3334 elatam
702 3268 834 3335 securim
858 3271 891 3334 in
918 3282 1015 3356 ceput
1037 3268 1301 3360 dejecttsoeeffitur·

107 3355 215 3422 relicto
241 3377 280 3420 ue
294 3356 328 3419 in
344 3355 473 3420 vulnere
486 3355 560 3434 telo,
578 3355 672 3420 ambo
686 3377 719 3420 se
733 3356 815 3420 sores
830 3357 969 3444 ejiciunt.

13 3434 14 3449 ¹
149 3381 248 3508 XLi.
272 3441 486 3530 Tarquinium
511 3439 737 3512 moribundum
755 3465 868 3530 quum,
883 3445 938 3530 qui
961 3443 1046 3509 circs
1067 3453 1170 3522 erunt,

108 3532 313 3616 excepissent,
330 3529 403 3592 illos
426 3528 578 3614 fugientes
597 3529 722 3593 lictores
744 3527 1030 3614 comprehendunt.
1053 3529 1173 3594 clamor

513 3635 525 3666 ⁰
535 3633 602 3679 Dum
611 3633 685 3680 Gron.
699 3633 769 3680 Grcv.

139 3727 170 3774 08
186 3729 247 3774 Nm
265 3729 333 3774 modo
350 3729 442 3793 rima]
470 3730 528 3777 Non
551 3733 625 3777 mssdo
657 3728 704 3776 Sed
721 3730 839 3777 filiiAnei
858 3731 969 3777 consulto
987 3730 1115 3775 decurtant
1131 3741 1175 3777 ru.

110 3792 235 3841 mviii.
251 3793 403 3848 mult.
419 3807 440 3841 c.
458 3795 496 3843 28.
513 3792 626 3842 stttv.
657 3805 889 3841 nornmnnmerum
907 3796 937 3840 ud
955 3793 1093 3854 augendam
1111 3793 1174 3842 luvi-

108 3855 163 3906 e&
658 3853 1113 3920 dmsxtpstempommsictnttste.

138 3921 235 3970 ”fflt
261 3921 397 3984 indignitas
424 3924 534 3988 mr]
566 3923 627 3978 Hir,
691 3922 822 4000 tuate]
845 3923 904 3970 tres
926 3923 997 3970 affert
1018 3930 1177 3977 orusmcur

111 3985 162 4032 uu
183 3988 255 4036 Atel.
302 3987 451 4047 quentas,
473 3989 622 4050 indignatio:
656 3989 865 4048 regtpouusrpst,
882 3997 955 4049 quum
973 3985 1179 4040 seuqinstotu

110 4052 468 4111 modunl-Vado-
499 4053 559 4100 Inde
571 4053 625 4114 pri·
656 4053 811 4112 muninus
827 4067 881 4112 qu·
899 4052 1083 4112 distinguuntur
1099 4053 1177 4099 tribttr

111 4127 169 4164 m
184 4119 306 4166 mab
326 4119 375 4173 rid,
392 4116 473 4164 &bide
487 4117 624 4178 indignitas,
657 4117 723 4163 hisce
740 4117 921 4176 punientiam,
932 4115 975 4171 Et,
990 4115 1059 4162 Tem.
1101 4117 1177 4164 uesta

109 4183 245 4240 metro
255 4183 295 4228 iro
305 4183 400 4228 m
409 4182 474 4244 cepit.
657 4181 733 4242 igitur
748 4183 862 4228 admouet
882 4181 1019 4229 Gronovius
1036 4193 1178 4242 expungen-

109 4305 115 4316 ι
138 4247 149 4294 1
167 4247 330 4296 cm
353 4244 422 4308 sere]
476 4245 628 4293 censuimus
660 4247 717 4292 dem
729 4258 781 4291 erec
793 4246 905 4292 voculam
919 4245 974 4305 quio
988 4246 1014 4290 in
1030 4245 1076 4292 boc
1092 4257 1180 4294 mun·

103 4323 152 4370 ,nur
162 4323 187 4360 et
202 4310 493 4372 dudeqmdngsrimm
513 4312 629 4372 agebatur
660 4311 692 4356 do
703 4311 813 4356 membro
823 4315 846 4356 et
856 4311 910 4371 quia
917 4311 1022 4370 grauior.

106 4386 188 4434 nnus,
210 4391 242 4426 ex
265 4389 319 4436 quo
341 4373 464 4422 Romulus
487 4376 628 4422 decesserat.
692 4371 1033 4439 8⁸1netem1ausrmum.

713 4447 770 4502 Ei·
