3032 4924
319 181 376 244 ³92
708 172 820 232 Τιτι
847 171 982 258 psvu

160 361 190 408 u.
202 359 297 408 must.
319 343 443 407 tendere
450 345 557 418 ausim,
573 341 721 418 Quirites,
733 344 820 426 (nisi,
831 363 899 426 qua
904 363 965 424 pro
973 343 1114 406 universo
1124 340 1281 424 republica
1279 339 1377 422 font,

160 427 188 474 Α
201 426 228 472 ⁰·
238 423 298 472 ‘³⁶⁵⁴'
320 431 357 492 ea
378 429 470 511 plebi,
481 439 638 512 tamqimm
653 430 749 490 oliam
768 429 913 499 incolenti
927 429 1037 503 urbem,
1053 429 1182 492 aduerso
1197 427 1266 510 quis
1277 427 1376 506 putet)

319 517 402 579 nibil
416 537 478 591 nos,
492 536 587 599 neque
596 515 747 596 privatos,
763 535 858 597 neque
871 513 906 576 in
920 513 1158 598 magistratibus,
1173 513 1256 596 procl
1269 513 1379 574 incom-

320 603 437 664 modum
450 600 535 682 plebi
549 611 631 673 esset,
646 601 772 664 scientes
774 602 908 684 secisse:
932 623 985 663 nec
999 602 1090 664 ultim
1093 600 1217 686 factum
1232 598 1380 660 dictumue

321 691 455 750 namnum
469 697 576 750 contra
591 687 754 750 utilitatem
769 696 896 750 oestrum
912 688 984 770 (etsi
998 689 1134 770 qrtoedam
1153 694 1261 748 contra
1276 684 1382 746 volun·

322 773 557 855 tutemfiierint)
571 795 639 837 uere
653 772 765 856 referri
774 794 870 854 posse.
916 774 965 836 An
977 774 1041 848 boc,
1057 774 1085 835 si
1097 769 1382 852 Claudiaesamiliae

323 881 384 920 non
397 862 463 935 sim,
480 881 533 922 nec
554 881 592 921 ec
613 861 748 939 patricio
768 861 917 944 sanguine
938 861 1099 934 creasset
1118 879 1193 920 mults
1210 855 1382 931 Quiritium

323 946 459 1028 quilibet,
475 947 528 1028 qui
542 948 628 1008 modo
643 967 688 1007 me
702 945 813 1008 dccobus
828 947 969 1028 ingenuis
982 955 1089 1020 ortum,
1105 954 1135 1008 et
1149 943 1247 1008 uiuere
1258 943 1292 1004 in
1308 939 1381 1004 libe·

325 1054 362 1093 ra
376 1033 501 1095 ciuitate
515 1033 618 1102 sciam,
635 1033 761 1094 reticere
772 1032 910 1112 possim?
927 1032 968 1093 L.
981 1032 1065 1094 illum
1080 1031 1214 1094 Sentium
1230 1037 1260 1091 et
1275 1027 1310 1092 C.
1326 1025 1381 1090 li·

322 1120 446 1194 ciuium,
457 1129 621 1200 perpetuos
633 1119 673 1199 (si
687 1119 762 1180 Diis
768 1119 885 1199 placet)
897 1117 1043 1191 tribunos,
1055 1125 1172 1178 tantum
1183 1114 1320 1177 licentiae
1329 1133 1382 1174 no-

322 1226 386 1266 oem
398 1207 498 1280 annis,
512 1203 617 1286 quibus
631 1213 772 1287 regnant,
784 1205 928 1278 sumsisse,
945 1211 978 1266 ut
989 1203 1071 1266 oobis
1082 1211 1190 1284 negent
1200 1207 1382 1282 potestatem

324 1291 450 1353 liberam
464 1291 617 1377 suffiagii,
634 1310 694 1352 non
710 1291 743 1350 in
757 1291 897 1363 comitiis,
913 1310 974 1350 non
997 1291 1029 1350 in
1051 1289 1166 1371 legibus
1177 1283 1338 1368 jubendis,
1352 1305 1383 1348 se

262 1363 268 1378 ⁸
318 1379 518 1458 permissuros
527 1374 896 1453 cssel⁶²Subcanclitione,
907 1375 1017 1457 inquit,
1027 1397 1081 1436 nos
1090 1371 1381 1454 repicietisdecimum

323 1463 468 1526 tribunos.
484 1461 599 1537 &acic
608 1471 651 1524 est
662 1462 751 1522 oliucl
760 1462 871 1536 dicere,
881 1463 1074 1543 quodpetunt
1084 1461 1153 1538 alii,
1165 1480 1219 1522 nos
1228 1459 1383 1542 odeosas·

323 1550 457 1625 tidimus,
466 1558 501 1611 nt
509 1549 574 1612 sine
583 1549 714 1610 mercede
722 1567 833 1630 magna
843 1568 902 1608 non
912 1548 1105 1628 accipiamus.
1118 1547 1177 1610 Sed
1185 1545 1382 1628 quatandem

324 1637 385 1698 istc
400 1657 509 1698 merces
522 1644 575 1709 est,
592 1657 651 1718 quo
674 1655 724 1696 uos
737 1655 853 1714 semper
866 1633 1004 1696 tribrmos
1019 1633 1120 1714 plebis
1138 1631 1328 1694 babeamus?
1348 1638 1384 1692 ut

324 1723 506 1803 rogationes,
525 1723 634 1802 inquit,
651 1730 780 1794 nostras,
795 1741 847 1782 sen
856 1721 991 1800 placent,
1007 1741 1057 1782 sen
1071 1719 1242 1800 displicent,
1254 1738 1308 1780 seu
1322 1717 1381 1778 uti·

323 1809 376 1880 les,
387 1829 438 1870 seu
445 1806 471 1844 ⁶¹
477 1808 600 1869 inutiles
608 1815 687 1876 sunt,
697 1825 796 1868 omnes
804 1803 984 1888 conjunctim
993 1806 1166 1886 accipiatis.
1181 1803 1314 1866 Obsecro
1322 1821 1381 1876 uos,

329 1893 498 1974 Tarquinii
508 1890 741 1972 tribuniplebis,
751 1901 862 1972 putate
872 1913 917 1952 me
927 1913 965 1953 ec
975 1892 1075 1954 medio
1085 1889 1228 1952 concione
1237 1909 1329 1952 unum
1339 1889 1382 1950 ci·

323 1999 386 2042 uem
400 1977 601 2040 subclamat-e:
624 1978 714 2039 Boma
734 1979 824 2040 uenia
839 1985 940 2041 uestra
953 1978 1045 2040 liceat
1060 1999 1097 2040 en
1110 1977 1158 2038 lis
1173 1973 1383 2058 rogationibus

322 2067 431 2146 legere,
456 2085 532 2146 quos
553 2063 687 2125 salubres
710 2061 796 2126 nobis
824 2085 971 2126 consonus
993 2085 1070 2134 esse,
1101 2063 1266 2145 antiquare
1290 2061 1381 2124 alias.

322 2149 347 2186 ⁶⁵
360 2149 441 2225 Non,
455 2151 565 2232 inquit,
579 2149 690 2212 licebit.
741 2149 788 2212 Tu
799 2150 836 2212 de
838 2148 966 2232 soertore
975 2157 1068 2232 atque
1076 2150 1174 2232 agris,
1186 2148 1269 2230 quod
1278 2147 1323 2209 ad
1332 2167 1382 2210 uos

321 2257 421 2298 omnes
432 2234 697 2318 pertinenjoleas
704 2268 714 2306 ,·
731 2245 761 2298 et
775 2235 830 2298 bac
838 2236 979 2316 portenti
988 2235 1119 2316 nonfiot
1133 2234 1167 2296 in
1180 2234 1255 2296 urbe
1266 2233 1381 2298 Roma·

323 2344 373 2397 na,
391 2325 438 2384 uli
452 2323 493 2384 L.
510 2323 644 2386 Sentium
659 2332 750 2404 utque
764 2322 842 2383 bunc
858 2323 893 2385 0.
911 2322 1066 2385 Licinium
1080 2321 1222 2396 consules,
1238 2320 1322 2402 quod
1335 2320 1382 2382 in·

321 2410 472 2490 dignaris,
489 2409 569 2491 quod
590 2407 930 2482 abominationem?
968 2406 1033 2470 Aut
1054 2409 1157 2470 omnia
1179 2407 1306 2487 accipe.-
1329 2415 1383 2468 ortt

321 2495 401 2557 nibil
411 2496 499 2577 serm
550 2494 592 2558 Ut
605 2496 634 2557 si
649 2495 716 2576 quis
730 2496 769 2566 ei,
786 2515 870 2576 qoem
885 2493 1112 2577 urgeatfames,
1128 2503 1272 2556 perunum
1283 2501 1382 2573 ponat

225 2647 229 2656 ,
320 2601 385 2642 mim
399 2581 465 2643 cibo
473 2614 482 2651 ,·
501 2591 530 2643 ct
545 2590 599 2642 acet
613 2580 766 2643 obstinere
781 2601 825 2654 eo,
841 2581 922 2662 quod
934 2581 1029 2644 uitale
1043 2577 1223 2662 sit‚jubeal‚
1234 2587 1292 2641 aot
1302 2599 1381 2642 mor·

320 2667 444 2748 tiferum
455 2669 547 2730 uitali
557 2667 732 2728 adorisceat.
765 2667 862 2749 Ergo,
874 2667 903 2729 si
912 2673 986 2728 esset
996 2665 1094 2728 liberm
1109 2666 1174 2728 bac
1183 2665 1305 2740 ciuitas,
1322 2685 1381 2727 non

320 2752 380 2814 tibi
389 2753 573 2834 frequentes
593 2751 845 2816 subclamassem?
869 2750 933 2816 Abi
945 2753 1018 2814 binc
1030 2773 1095 2814 mun
1117 2749 1327 2816 tribunatibus
1347 2771 1383 2812 oc

321 2837 532 2920 rogationibus
556 2839 627 2898 luis.
651 2837 748 2920 quid?
771 2838 801 2899 si
822 2836 875 2900 tu¹
890 2859 950 2900 non
971 2838 1090 2915 tuleris,
1104 2838 1185 2920 qsmd
1200 2837 1382 2900 commodum

321 2933 365 2986 est
375 2924 491 3004 populo
505 2923 658 3003 adcepere,
674 2943 758 2985 nemo
773 2925 842 2999 erit,
859 2924 1009 3006 quiserat
1023 2923 1124 2986 illusi?
1149 2922 1185 2986 Si
1199 2925 1268 3006 quis
1276 2923 1382 3004 patri·

193 3065 198 3086 ,
281 3041 282 3046 1
320 3010 394 3085 cius,
409 3010 438 3071 si
451 3010 519 3092 quis
534 3009 633 3092 (qnod
642 3009 693 3070 illi
706 3009 808 3071 calcent
820 3011 1001 3074 inuidiosius
1012 3009 1085 3089 esse)
1098 3009 1246 3072 Claudius
1257 3010 1380 3084 eliceret,

321 3094 387 3156 Aret
412 3095 514 3157 omnic
537 3096 678 3176 accipite,
694 3104 748 3158 cut
772 3097 853 3158 nibil
862 3094 958 3178 ferm
983 3096 1051 3178 quis
1072 3093 1210 3170 vestrim,
1230 3093 1380 3170 Quirites,

308 3181 442 3262 ferret?
476 3180 685 3263 Numquamne
698 3202 749 3244 uos
768 3203 815 3245 res
833 3183 947 3264 potins,
964 3203 1053 3266 quam
1067 3191 1215 3262 auctores,
1230 3179 1382 3264 spectabi-

707 3347 721 3384 k
737 3356 762 3396 tu
773 3353 820 3398 del.
834 3353 908 3398 Gron.
921 3352 989 3397 Creu.

352 3497 384 3544 62
400 3499 448 3545 Sub
462 3497 596 3553 conditione,
609 3499 695 3562 lnquit]
716 3500 834 3546 Uterlibet
866 3501 915 3546 sive
926 3501 990 3546 idem
1009 3507 1055 3555 cst,
1072 3501 1168 3560 supple,
1185 3505 1259 3560 atque
1276 3499 1302 3546 id
1319 3499 1381 3556 quod

319 3564 541 3622 elrihuniskgum
554 3565 676 3610 latoribus.
710 3565 778 3624 Saepe
788 3566 834 3610 hoc
865 3565 949 3610 dicunt
959 3564 1058 3618 tribuni,
1070 3577 1121 3609 sese
1136 3567 1182 3610 sub
1193 3565 1333 3610 conditione
1347 3577 1382 3610 re·

320 3628 392 3673 modo
411 3629 487 3686 lnquit
504 3628 613 3672 obsolute
629 3628 736 3686 ponitur,
753 3636 779 3675 ut
796 3629 834 3674 tn·
867 3628 905 3674 fici
919 3629 979 3673 velle
989 3629 1111 3674 decimum
1123 3629 1240 3674 tribunos.

320 3692 443 3750 telligatur
453 3691 554 3749 quilibet
565 3693 765 3738 contradicturus.
794 3693 833 3739 Sic
898 3692 931 3739 64
941 3691 1051 3754 Inutiles]
1073 3691 1213 3738 Damnosus.
1223 3693 1264 3740 Sic
1275 3695 1291 3738 l.
1303 3693 1351 3740 111.
1360 3707 1380 3740 c·

319 3755 383 3801 intra
398 3756 443 3800 hoc
462 3757 515 3814 ipso
536 3768 556 3800 c.
589 3755 621 3800 Ul
638 3758 778 3812 rogationes,
798 3757 834 3802 ln-
866 3756 958 3817 supas
972 3768 1091 3802 conemini
1102 3758 1205 3816 priuatis
1219 3757 1337 3804 interdurn
1346 3759 1381 3802 ln·

319 3820 378 3878 qalt,
398 3821 680 3878 nostras...occlpintis.·
699 3827 723 3865 et
741 3834 834 3879 rursus,
866 3822 941 3878 utilis,
956 3821 981 3866 id
997 3825 1044 3876 est,
1062 3821 1178 3868 exitiosus
1189 3825 1252 3868 emet.
1290 3821 1380 3868 vicet

320 3883 387 3937 Non,
402 3883 488 3942 inspuit,
506 3883 587 3928 licebit.
623 3883 655 3928 Et
671 3885 686 3928 l.
705 3883 832 3930 XXXIV.
868 3885 900 3933 V.
911 3887 934 3932 ⁵.

318 3961 339 3992 c.
352 3948 374 3993 3.
412 3947 444 3993 Ut
462 3960 520 3992 auro
536 3950 558 3992 ct
571 3960 678 4007 purpura
686 3946 833 4008 fulgeamus,
898 3949 931 3995 65
947 3948 1015 4002 Nan,
1033 3949 1117 4010 inquit,
1134 3948 1215 3994 licebit.
1253 3949 1292 3996 Tu
1302 3947 1381 4010 lesu·

320 4011 403 4070 lnquit.
865 4013 931 4075 nore]
950 4013 1320 4072 Respondentenlncittribunos
1331 4015 1380 4073 Ap·

351 4073 384 4120 63
402 4073 464 4128 uult
487 4081 520 4122 cst
544 4075 609 4122 allud
631 4077 717 4140 tuere]
743 4076 831 4124 Nonne
863 4079 928 4137 pius,
942 4092 990 4124 non
1006 4076 1036 4122 ii
1048 4077 1147 4137 quidem
1162 4079 1251 4134 verbis,
1263 4093 1318 4139 quae
1334 4076 1378 4138 ipsi

318 4140 364 4184 hoc
381 4139 446 4184 idem
464 4148 510 4197 est,
525 4155 552 4186 uc
569 4141 589 4184 si
607 4140 732 4187 dicerent?
749 4141 833 4188 Dicere
864 4143 1029 4200 protulerunts
1057 4143 1100 4188 sed
1124 4143 1255 4202 quomodo,
1285 4153 1378 4203 quoque

319 4204 358 4248 hic
375 4203 477 4248 sustinet
492 4205 569 4249 vicem
588 4206 730 4250 nominetivi
746 4206 831 4250 eaden·
864 4219 936 4251 sensu
950 4201 1055 4267 jacintus
1066 4207 1098 4252 nb
1109 4208 1138 4254 iis
1150 4220 1219 4252 voces
1237 4215 1262 4255 et
1278 4207 1377 4266 accipie·

320 4268 350 4310 sic
367 4267 393 4311 in
415 4269 513 4313 verbum
530 4272 570 4313 est.
603 4268 695 4326 Dicere,
715 4269 773 4328 petati
792 4269 832 4314 cclii
866 4271 906 4316 bal
917 4271 977 4330 ipse,
989 4271 1139 4332 etapopulo
1150 4271 1227 4330 accipi
1239 4273 1342 4318 volebat.

315 4333 408 4389 petunt,
420 4345 459 4376 ecoe
468 4331 615 4392 fastidimus,
628 4333 683 4390 qnid
699 4332 764 4377 allati
779 4333 832 4378 cell
