3008 4908
259 151 260 161 ’
343 150 402 210 236
726 145 835 206 ΤῙΤΙ
865 141 1003 206 L1v11

185 325 319 376 nemu
343 311 426 376 nobis
447 309 549 392 plebes
563 319 617 385 est,
632 310 670 384 si,
685 308 842 373 coeuntis
863 309 1006 385 redditis,
1021 331 1113 376 uuam
1137 310 1217 374 ione
1240 311 1385 376 cinitnten

182 393 212 438 ¹¹-
225 394 251 440 ⁰·
263 389 319 440 ⁴⁴²·
342 399 464 461 tandem
466 396 604 480 soritis,-
627 398 657 459 si
669 396 843 470 coalescere,
857 395 887 458 si
896 393 994 480 Jitngi
1007 398 1182 480 miscerique
1195 395 1276 462 uobis
1285 398 1386 478 prinu·

342 485 384 547 tis
394 480 661 546 rseeessitudinibus
669 490 818 562 possunts
839 481 869 544 si
881 499 959 562 spes,
973 481 1002 546 si
1015 483 1119 547 editus
1131 485 1176 545 ad
1187 483 1387 546 tonoresetrn

342 569 474 634 strenuis
488 577 517 630 et
526 566 668 652 fortibus
681 567 794 640 duturs
814 567 843 630 si
857 568 891 628 in
905 569 1067 643 consortio,
1082 570 1111 632 si
1131 569 1165 630 in
1178 568 1318 632 societate
1329 569 1386 632 rei·

338 655 471 736 publice
483 675 554 727 esse,
570 654 608 728 si,
624 654 705 734 quod
724 672 819 736 aeqseae
842 653 996 718 libertatis
1016 664 1070 733 est,
1084 651 1154 718 ³⁵in
1174 655 1265 718 υἰσιω
1285 655 1389 716 nomm

342 738 572 824 magistratibus
581 759 696 820 perere
709 748 801 821 neque
815 739 993 821 imperitare
1010 741 1092 804 licet.
1122 740 1173 804 ,st
1185 740 1249 804 ltere
1262 739 1388 822 inpediet

342 827 466 909 eliquia,
476 825 566 909 ferte
587 823 779 898 sermonibus,
803 833 834 888 et
857 825 1059 907 multiplicate
1069 827 1166 910 firma
1190 825 1289 898 bello,-
1311 845 1388 888 neno

342 922 387 976 est
407 933 512 974 norun
539 912 675 986 daturus,
698 931 783 974 nemo
803 931 891 974 ormo
915 921 1070 993 captanus,
1091 933 1178 976 corto
1202 911 1388 976 dimicaturis

336 1020 400 1081 pro
413 997 554 1080 superbis
567 998 707 1069 dominis,
729 1017 792 1060 cum
812 996 919 1080 quibas
933 999 1034 1061 necin
1052 1019 1087 1062 re
1103 997 1230 1079 publico
1242 997 1387 1070 donnum

343 1105 396 1148 nec
411 1085 444 1146 in
456 1084 584 1165 private
600 1083 743 1146 marubii
756 1083 884 1146 societas
897 1091 950 1146 est.

267 1249 271 1258 ,
387 1169 446 1232 Vl.
470 1167 580 1244 Quum
595 1168 628 1232 in
642 1169 827 1232 concionem
847 1181 879 1232 et
893 1169 1036 1234 consules
1051 1170 1280 1253 processissent,
1299 1177 1328 1231 et
1345 1186 1389 1228 res

342 1279 362 1320 a
375 1255 536 1340 perpetuis
561 1254 755 1318 orationibus
770 1254 803 1316 in
818 1253 1051 1320 altercationem
1076 1257 1235 1332 vertissem
1263 1255 1388 1318 interro·

341 1341 430 1426 genti
446 1341 583 1418 tribuno,
596 1363 650 1404 cnr
664 1341 816 1422 plebeium
829 1343 976 1404 consulem
984 1343 1069 1424 fieri
1089 1363 1151 1406 non
1165 1344 1338 1426 oporteret?
1359 1349 1391 1399 ut

342 1427 473 1492 sortasse
493 1449 576 1502 vere,
597 1427 642 1490 sic
667 1447 778 1510 parum
803 1425 921 1490 utiliter
940 1427 973 1490 in
988 1449 1126 1510 presens
1140 1443 1299 1494 certamen
1312 1423 1388 1486 “ra-

342 1513 479 1598 epondit,
495 1515 575 1596 qnod
588 1533 673 1576 nemo
689 1513 825 1594 plebeius
837 1513 976 1594 auspicia
989 1513 1123 1578 inbuet.
1150 1517 1275 1598 ideoque
1288 1513 1389 1576 decen·

342 1603 424 1664 viros
437 1599 614 1662 connubium
629 1599 793 1674 diremisse,
810 1619 848 1662 rte
861 1601 979 1663 incerto
987 1602 1078 1682 prole
1087 1603 1230 1684 crispinio
1242 1597 1390 1663 teerborett·

341 1695 404 1748 tur.
451 1683 564 1748 Plebes
578 1683 619 1748 ad
634 1682 666 1746 id
684 1683 819 1748 maxime
842 1683 1059 1772 indignatione
1079 1687 1211 1768 exarsit,
1225 1682 1308 1771 quod
1325 1701 1389 1746 aus-

342 1769 453 1856 picari,
469 1783 631 1856 tamquam
654 1770 744 1832 invisi
759 1769 831 1834 Diis
848 1771 1076 1848 inmortalibus,
1097 1785 1286 1859 negnrentur
1298 1787 1389 1854 poste·

342 1879 401 1921 nec
416 1869 490 1920 ante
509 1856 581 1919 finis
603 1856 839 1920 contentionum
861 1853 930 1934 tuit,
948 1861 1058 1944 (quum
1081 1871 1114 1921 et
1135 1859 1297 1924 tribunum
1309 1872 1388 1920 aetr-

343 1943 459 2007 rimum
475 1957 634 2006 auctorem
654 1940 779 2025 plebes¹
798 1955 891 2008 necta
910 1956 999 2020 esset,
1023 1956 1056 2009 et
1075 1945 1143 2028 ipse
1164 1965 1237 2009 cum
1252 1963 1290 2006 eo
1302 1937 1389 2025 petti-

182 2043 305 2092 emenus
344 2030 436 2094 nacin
454 2031 602 2108 certaret)
618 2047 712 2114 quam
734 2027 807 2092 victi
830 2027 956 2092 tandem
975 2029 1095 2106 Patres,
1119 2042 1156 2095 ut
1176 2031 1218 2098 de
1241 2021 1389 2094 connubio

182 2110 222 2155 ¹⁶¹
232 2109 263 2155 ‘¹⁸
279 2121 336 2155 ⁶⁰¹¹·
344 2114 489 2194 ferretur,
511 2136 716 2179 consensere:
740 2114 784 2178 ita
803 2115 941 2178 maxime
956 2116 1017 2180 rati
1031 2117 1266 2182 contentionem
1279 2113 1317 2178 de
1330 2108 1389 2195 ple·

182 2173 264 2222 ”⁰⁸⁰⁶
344 2202 422 2267 beiis
451 2201 632 2266 consulibus
656 2199 799 2266 tribunos
821 2215 877 2264 nut
902 2214 1001 2266 totam
1024 2203 1233 2287 deposituros,
1255 2211 1309 2266 aut
1327 2206 1390 2280 post

344 2288 460 2354 bellum
494 2287 648 2354 dilaturos
677 2309 763 2363 esse3
801 2300 1063 2374 contentamque·
1082 2289 1209 2354 interim
1241 2281 1388 2351 connubio

342 2375 468 2460 plebem
513 2389 633 2440 aratam
655 2372 790 2438 delectui
814 2373 894 2438 fore.
938 2373 1050 2450 Quum
1073 2374 1256 2448 Canuleius,
1270 2364 1389 2434 victofiss

343 2462 384 2526 de
400 2397 546 2526 Patribus
567 2475 600 2526 et
620 2459 721 2545 plebis
735 2459 841 2524 lavore
860 2460 973 2548 ingens
987 2472 1076 2540 esset,
1091 2462 1214 2526 accensi
1234 2457 1286 2524 alii
1300 2452 1389 2520 tribu·

343 2549 376 2612 ni
399 2546 441 2612 ad
460 2559 620 2612 certamen
645 2567 705 2630 pro
727 2567 764 2610 ro
805 2546 892 2610 tione
913 2567 970 2611 sua
990 2568 1115 2612 summa
1135 2549 1167 2612 vi
1188 2549 1386 2632 pugnantur

344 2647 505 2700 crescente
523 2635 557 2696 in
579 2633 646 2696 dies
669 2568 858 2708 famabili,
880 2630 1036 2698 delectum
1056 2633 1233 2718 inpediunt.
1276 2628 1388 2718 Contu:

343 2719 400 2800 les,
421 2741 519 2806 quum
542 2739 600 2803 per
623 2729 777 2794 senatum,
799 2717 1067 2783 intercedentibus
1089 2719 1234 2797 tribunis,
1249 2711 1326 2798 nibil
1345 2727 1389 2794 ep

343 2817 460 2890 posset,
475 2803 613 2890 ,consilia
635 2803 816 2887 principum
841 2803 928 2867 domi
952 2804 1120 2870 habebant.
1142 2801 1321 2891 adparebat,
1342 2801 1389 2890 tui

343 2891 499 2966 hostibus,
522 2903 577 2954 aut
600 2888 719 2954 civibus
743 2887 935 2954 devictoris
958 2890 1194 2957 concedendurn
1215 2909 1290 2956 esse.
1332 2876 1389 2945 8⁰¹¹

343 2999 386 3043 ex
412 2975 630 3040 consularibus
656 2974 798 3039 Valesius
822 2987 918 3076 atque
948 2975 1106 3042 Horatius
1141 2999 1207 3042 non
1232 2975 1390 3066 intererunt

307 3075 313 3088 ’
344 3062 494 3128 consiliis.
540 3063 579 3125 C.
592 3059 718 3126 Claudii
741 3075 896 3126 sententia
920 3062 1063 3127 consules
1083 3063 1228 3129 arnnabat
1247 3061 1281 3124 in
1300 3051 1390 3149 tnbtl·

344 3171 425 3214 nos:
448 3148 685 3225 Quinctiorum,
710 3146 955 3236 Cincinnatique
975 3161 1008 3213 et
1031 3149 1214 3234 Capitolini,
1237 3149 1389 3212 sententia

345 3233 560 3300 abhorrebant
580 3257 600 3298 a
620 3233 709 3300 ccede
739 3233 964 3321 violandisque,
987 3256 1077 3321 quos,
1096 3233 1220 3301 ioedere
1243 3232 1306 3296 icto
1325 3239 1389 3288 cum

344 3321 448 3407 plebe,
475 3333 688 3386 sacrosanctos
711 3321 911 3405 accepissent.
956 3319 1020 3386 Per
1044 3321 1115 3386 hoec
1137 3320 1268 3388 consilia
1287 3335 1324 3378 eo
1342 3307 1390 3371 de·

180 3409 443 3474 ueniundum
464 3430 514 3472 res
536 3420 591 3484 est,
608 3419 643 3472 ut
656 3406 802 3471 tribunos
825 3406 961 3472 militum
984 3407 1140 3473 consulari
1156 3415 1306 3492 potestate
1326 3411 1390 3480 Ρῐῡ·

181 3489 302 3537 ”mm
347 3497 466 3561 misene
480 3517 521 3560 ex
539 3493 686 3559 Patribus
701 3515 738 3557 ac
750 3492 844 3577 plebe
857 3493 957 3558 creari
978 3495 1132 3571 sinerent;
1162 3493 1203 3560 de
1223 3480 1390 3556 consulibua

181 3559 307 3616 'mm
346 3581 491 3648 mercdis
513 3579 592 3644 nihil
618 3591 803 3644 mutaretur.
832 3601 932 3665 eoque
953 3581 1094 3645 contenti
1108 3580 1240 3654 tribuni,
1255 3575 1391 3640 contenit*

344 3669 435 3755 plebs
463 3667 533 3732 suit.
590 3666 728 3730 Comitia
757 3664 891 3729 tribunis
930 3665 1086 3730 consulari
1119 3677 1273 3752 potestate
1301 3651 1389 3720 tribus

345 3755 488 3822 creandis
510 3753 702 3818 indicuntur.
732 3749 846 3836 quibus
867 3751 1003 3830 indictis,
1024 3753 1194 3838 extemplo,
1214 3750 1390 3836 quicttmque

751 3914 831 3986 spiclis
842 3925 917 3972 Gran.
929 3925 997 3970 Cres.

377 4102 410 4150 85
425 4101 529 4148 tentem
560 4103 644 4147 omis
672 4101 857 4164 insistentibus]
891 4102 963 4146 ritcre
975 4101 1089 4147 vicissim.
1181 4145 1182 4148 ,
1365 4131 1388 4175 ,Ι

341 4169 389 4214 ¹Per
407 4179 502 4212 annuos
521 4167 686 4226 magistratus,
703 4179 796 4214 nnnuos
815 4167 857 4211 ho·
922 4165 954 4211 st
971 4163 1108 4227 Respondit]
1122 4163 1253 4210 Consulum
1261 4154 1333 4202 niter:
1349 4145 1389 4232 ¹¹¹⁸·

342 4245 425 4290 ‚norem
446 4231 488 4290 qui
508 4243 551 4290 per
569 4231 675 4290 plebeios
696 4243 724 4276 ec
747 4231 858 4289 patricios
889 4227 960 4274 metis
981 4241 1011 4274 cr
1031 4225 1154 4276 Victorino
1173 4227 1252 4275 codice
1271 4219 1343 4274 him
1358 4213 1376 4244 ἰ

345 4296 413 4343 reiut
428 4295 454 4340 in
466 4296 548 4342 orbem
559 4301 625 4350 eant,
638 4309 720 4356 parere
739 4303 764 4340 et
782 4296 857 4354 impe-
890 4292 1033 4354 sponderent.
