3056 4928
333 167 393 238 aas
725 154 836 220 τιτι
864 154 1000 222 ιινιι

177 323 242 376 Μ
254 325 309 384 ‚⁴⁸⁰-
334 321 471 392 millars
484 319 571 386 haud
585 319 689 386 minua
703 317 846 404 periodo
860 316 903 394 Q.
921 317 1021 394 Fnbb',
1037 339 1134 405 quam
1154 315 1311 402 munlieio
1326 313 1384 378 mi·
1507 313 1508 326 ¹

175 391 310 452 *W*
334 407 459 474 serabili
481 405 686 474 adolescentis
709 403 834 480 Manlii,
857 403 1034 472 ridebatur.
1081 404 1176 470 Forte
1189 404 1231 472 ita
1246 422 1386 470 manno

333 494 448 574 evenit,
463 505 509 569 ut,
526 493 785 578 quotiescumque
806 491 939 560 dictatur
951 491 994 556 ab
1007 489 1297 564 exercitaremur,
1313 486 1387 554 hue

333 593 380 650 tes
403 581 435 646 in
460 579 591 644 &molo
621 589 830 644 moverentur.
863 591 1002 644 osterum
1028 581 1062 642 in
1083 575 1184 644 oeulis
1205 573 1384 658 exemplum

332 679 400 732 erut
416 665 459 741 Q.
477 664 593 730 Fabius
609 661 659 730 Μ.
676 663 804 732 Valerio
824 662 940 751 legato,
963 663 1017 749 qui
1041 665 1151 730 caenis
1177 673 1323 748 nument,
1345 681 1387 726 ne

334 771 430 838 quarn
448 749 512 816 rim
540 751 679 817 bostium
699 751 812 838 magis,
839 772 934 836 quam
958 762 1078 816 trucem
1105 749 1268 818 dictatoris
1291 747 1385 822 imm,

334 839 467 904 timeret.
511 837 632 924 Itaque,
646 835 888 904 frumentatores
901 857 1010 922 quum,
1026 836 1233 904 circumventi
1246 856 1288 898 ex
1309 830 1386 896 insi·

334 923 404 1000 diil,
420 923 492 990 caesi
512 923 585 990 loco
610 922 720 1009 iniquo
733 937 846 999 essent,
862 921 1013 988 creditum
1036 923 1131 1010 vulgo
1153 934 1210 999 est,
1222 917 1386 989 subveniri

334 1010 379 1074 sis
393 1011 434 1076 ab
449 1009 553 1098 legato
566 1009 715 1096 potuisse,
730 1009 764 1074 ni
779 1009 880 1075 tristis
893 1008 996 1074 edicta
1010 1008 1231 1076 exhorruisset
1253 1029 1291 1072 ea
1305 1025 1385 1090 qno-

333 1116 398 1246 qufe
425 1096 474 1162 ira
501 1095 647 1248 disgessit
675 1095 1037 1257 algicgfilmemiIlianssm
1064 1097 1196 1248 muetos,
1218 1093 1285 1255 {m
1311 1103 1386 1244 Ἐξ

333 1203 420 1248 rnen
533 1206 555 1250 u
637 1203 669 1246 rn
743 1205 905 1246 ss.
1006 1203 1189 1256 ror

332 1269 398 1334 suis
419 1205 565 1354 ffatim
587 1205 740 1356 negadiet,
755 1268 821 1353 ejus
842 1267 961 1353 populo
977 1267 1124 1334 Romano
1138 1268 1261 1334 veniam
1280 1200 1387 1330 diuu-

332 1369 393 1422 set.

375 1441 544 1508 XXXVI.
569 1437 740 1526 Postquam
756 1438 903 1519 dictator,
916 1439 1133 1525 praepositam
1149 1439 1226 1506 urbe
1236 1437 1276 1504 L.
1290 1436 1386 1521 Papi·

293 1587 296 1594 .
332 1531 383 1593 rio
398 1527 515 1592 Crasso
531 1528 682 1614 magistro
692 1526 844 1613 equitum,
859 1525 904 1601 Q.
918 1525 1018 1592 Fabio
1031 1526 1128 1592 vetito
1138 1525 1312 1612 quidquam
1327 1543 1386 1608 pro

332 1609 1386 1774 ututur·:satiaruut„trutinatur

333 1721 610 1947 aitrau
625 1785 864 1936 ,⁸¹²²
877 1721 1387 1937 ruiturarum

333 1969 501 2024 cesserunt
547 1893 696 2024 Cetepraum
718 1969 843 2022 tanturn
861 1913 1016 2022 bromenti
1041 1957 1074 2022 in
1097 1979 1162 2022 unc
1181 1958 1251 2020 viro
1269 1955 1307 2020 L.
1325 1955 1386 2024 Pr·

333 2042 417 2128 pirio
441 2043 510 2120 fuit,
535 2054 581 2118 ut,
604 2043 630 2105 si
659 2041 748 2108 ducis
773 2042 903 2108 consilia
926 2041 1015 2108 farm
1040 2041 1223 2108 subsecutus
1249 2041 1386 2108 militum

173 2161 293 2224 w„
333 2127 427 2205 foret,
442 2128 590 2194 debellari
611 2151 650 2194 eo
671 2130 724 2197 die
745 2151 817 2196 cum
842 2129 1038 2196 Samnitibus
1059 2131 1207 2216 potuisse,
1222 2149 1284 2212 pro
1304 2128 1387 2196 baud

173 2214 436 2288 Rommdedubio
455 2215 600 2282 habiturn
615 2216 672 2280 sit:
696 2216 740 2281 its
760 2216 910 2282 instruxit
924 2215 1022 2282 aciem
1037 2218 1159 2282 locoac
1173 2214 1332 2295 subsidiis,
1346 2215 1388 2280 itt

172 2291 310 2402 fflmfflffl·
336 2303 424 2368 omni
445 2315 513 2368 arte
536 2303 647 2368 bellica
669 2301 816 2368 firmarit.
837 2315 989 2368 cessatum
1004 2325 1025 2368 a
1038 2302 1146 2379 milite,
1162 2323 1200 2368 ac
1219 2302 1260 2368 ds
1280 2300 1388 2368 indue

173 2368 300 2468 aaa
337 2388 1388 2542 arustatuunturtrituratum

334 2561 441 2628 Sensit
463 2563 581 2646 peritus
602 2561 679 2640 dux,
696 2583 769 2646 quoe
794 2583 844 2626 res
861 2497 1006 2628 iictoriae
1031 2563 1186 2628 obstaret:
1209 2575 1390 2645 temperan-

174 2675 285 2724 ΜΟ,
335 2647 412 2714 dnm
436 2648 598 2734 ingenium
621 2669 712 2714 suurn
735 2671 811 2725 esso,
826 2659 858 2711 et
875 2648 1072 2714 severitatem
1095 2647 1286 2732 miscendam
1303 2646 1390 2712 ⁸⁷oe-

173 2741 265 2788 eomior
335 2734 447 2800 mitnti.
493 2735 613 2819 ltaque,
630 2732 914 2818 attribuislegauq
930 2735 1005 2819 ipse,
1022 2733 1175 2800 8⁸circum
1191 2734 1316 2800 saucios
1331 2733 1389 2798 rni-

173 2805 259 2854 Μ*
330 2819 405 2886 lites
430 2819 567 2886 inserens
592 2820 623 2884 in
649 2821 782 2884 tentoria
808 2834 913 2904 caput,
929 2821 1080 2908 singulos,
1097 2833 1132 2886 ut
1144 2843 1210 2886 sese
1225 2819 1389 2896 haberent,

335 2907 486 2994 rogitans,
515 2927 623 2970 curam
649 2927 759 2970 corum
780 2907 967 2971 nominatim
996 2907 1116 2994 legatis,
1133 2907 1343 2992 tribunisque,
1359 2919 1390 2972 et

334 2990 524 3077 ⁸⁹praesectis
545 2990 775 3056 demandabat:
798 3014 864 3056 rern
885 3015 942 3078 per
963 3015 996 3058 se
1017 2993 1202 3078 popularem
1220 2993 1263 3058 ita
1278 2995 1390 3060 dexter

334 3081 408 3165 egit,
426 3093 471 3154 ut,
489 3077 651 3143 medendis
676 3078 873 3162 corporibus,
888 3079 986 3144 animi
1011 3079 1113 3146 multo
1138 3081 1226 3164 prius
1250 3079 1388 3146 militum

197 3237 201 3250 ¹
332 3164 517 3250 imperatori
531 3162 827 3230 reconciliarentur:
851 3165 1099 3252 necquidquam
1120 3167 1157 3230 ad
1174 3166 1389 3232 salubritatem

336 3249 492 3318 efficacius
507 3249 611 3326 suerit,
629 3273 721 3335 quarn
749 3251 833 3337 quod
883 3265 952 3316 rato
974 3253 1081 3316 animo
1102 3273 1139 3316 ea
1161 3275 1238 3318 cura
1259 3264 1391 3336 accepta

334 3353 389 3404 est.
436 3335 567 3402 Refecto
591 3339 742 3414 exercitu,
758 3359 830 3401 cunr
858 3275 948 3402 dous
972 3359 1157 3426 congressus
1182 3337 1268 3404 baud
1292 3337 1391 3406 dubia

173 3445 294 3492 amnites
333 3447 349 3490 s
409 3443 465 3490 sua
479 3424 689 3510 militumque,
715 3425 759 3488 ita
783 3421 865 3488 fudit
888 3423 1069 3512 ligavitque
1096 3424 1263 3503 Samnites,
1279 3439 1317 3490 ut
1339 3424 1392 3490 ille

173 3509 254 3556 ’Μ’
335 3511 464 3576 utimur
479 3509 522 3574 eis
536 3508 604 3574 dies
618 3509 799 3574 conferendi
819 3511 909 3596 sigua
931 3531 1005 3575 curn
1019 3511 1172 3576 dictatore
1185 3509 1291 3576 fuerit
1337 3511 1391 3576 In·

186 3633 197 3656 .
333 3596 424 3664 cessit
437 3595 563 3672 deiude,
579 3617 642 3682 qua
656 3595 753 3662 duxit
768 3595 887 3680 proedas
901 3619 981 3682 spes,
997 3597 1098 3662 victor
1119 3597 1294 3674 exercitum
1317 3620 1389 3682 per·

332 3681 539 3768 lustravitque
559 3681 697 3746 hostium
720 3703 823 3766 agros,
850 3682 938 3749 nulla
963 3704 1061 3761 arma,
1085 3683 1204 3748 nullam
1231 3685 1306 3762 vim,
1332 3706 1391 3750 nec

309 3803 312 3808 ·
331 3785 484 3920 alpertum,
500 3789 559 3832 ncc
572 3765 700 3844 insidiis,
717 3779 875 3852 expertus.
924 3767 1069 3836 Addebat
1081 3768 1288 3848 alacritatem,
1305 3769 1390 3857 quod

355 3867 469 3922 rctator
483 3853 623 3940 praedam
646 3875 771 3918 omnem
794 3853 937 3922 edixerat
958 3854 1127 3921 militibus:
1151 3877 1210 3920 nec
1225 3856 1273 3920 ira
1288 3857 1389 3946 magis

364 4060 397 4108 87
425 4059 549 4122 comitati]
577 4057 663 4106 llallct
692 4059 844 4108 Grcnorlnsr
907 4060 940 4108 89
957 4061 1092 4124 Profictr'r]
1111 4062 1236 4110 Proetectis
1260 4065 1390 4111 cocionum

333 4127 446 4174 maritate.
877 4123 911 4172 lli
930 4133 998 4172 erant
1017 4141 1129 4184 numero,
1144 4124 1210 4188 jure,
1227 4133 1253 4174 et
1272 4135 1390 4189 patestats

365 4187 397 4236 88
405 4185 418 4212 ⁸
427 4185 523 4236 Circum
533 4189 626 4235 emetur
636 4187 735 4256 rnr'lr'tea]
753 4189 844 4244 Omnes
876 4189 980 4236 tribunis
990 4191 1097 4238 militum
1113 4205 1191 4253 pares,
1202 4199 1227 4240 et
1243 4195 1328 4240 adem
1340 4205 1390 4240 orn·

333 4252 427 4302 saneim
453 4251 543 4301 milites
568 4263 599 4300 ex
623 4253 707 4304 ordine
734 4254 847 4304 circumi·
879 4255 921 4302 nie
937 4255 962 4302 in
977 4257 1054 4306 sorim
1073 4257 1299 4318 usurpabantqun
1314 4257 1389 4312 irtiia

893 4333 917 4366 rr
