2978 4918
348 299 360 314 Ι
404 213 495 272 nm.
516 212 556 270 u.
584 211 689 277 cur.
710 183 790 276 mu]
1066 223 1119 276 ru

59 371 121 440 dam
163 373 236 440 lebs
260 395 324 441 eos
341 376 435 462 ipsos,
452 376 567 463 quibus
592 391 661 443 tum
685 378 820 458 saeriret‚
842 378 1053 467 magistratus,
1069 391 1268 444 casanata.

59 462 131 548 leges
142 396 301 543 [aberet]
318 463 498 548 periculum
514 463 808 530 audaciadiscussit.
825 467 910 552 juvit
917 479 949 530 et
957 459 1159 554 Virginius*
1171 459 1266 510 ΜΝ·

61 548 178 636 collega,
191 549 289 614 testis
313 549 502 633 productus,
517 551 738 637 participando
748 551 875 619 laudes:
899 551 1000 640 magis
1014 564 1122 618 tamen

61 633 289 700 Menenianum
303 636 333 720 (¹
343 635 424 702 adeo
432 651 630 703 mutaverant
639 639 794 720 animum)
806 639 926 725 profuit
933 638 1100 725 judicium.

94 721 189 788 Llll.
213 723 438 788 ’Certamina
449 721 536 788 domi
550 724 649 790 finita.
695 724 809 790 Veiens
823 725 942 791 bellum
953 736 1228 802 exortum3naum

59 809 162 893 quibus
184 809 308 874 Sabini
329 831 420 873 arma
433 810 671 896 conjunxerant.
717 811 755 875 Ρ.
769 811 915 886 Valerius
929 811 1051 890 consul,
1065 811 1222 890 adstamus
1232 819 1258 860 θ’

60 895 117 958 citis
132 895 334 962 Latinorum
349 895 629 983 Hernicorumque
637 897 773 974 auxiliis,
788 921 860 964 cum
876 899 1017 964 exercitu
1026 899 1123 964 Veios
1132 877 1256 926 stonum.

62 981 173 1062 nouus,
195 997 309 1047 castra
326 980 457 1062 Sabina,
481 1005 554 1068 quse
578 1005 639 1069 pro
664 986 822 1049 moenibus
845 987 1004 1050 sociorum
1018 985 1124 1051 locata

64 1079 151 1145 erant,
162 1067 341 1138 confestim
357 1067 560 1150 adgreditur3
583 1082 703 1135 tautam
727 1093 768 1134 ue
781 1071 1024 1156 trepidationem
1044 1071 1123 1160 inje-

66 1155 108 1232 cit,
124 1167 170 1236 ut,
185 1155 268 1220 dum
288 1155 432 1241 dispersi
445 1154 499 1218 alii
514 1155 576 1220 alia
591 1158 700 1241 manip
734 1158 811 1222 atim
827 1171 1002 1223 excurrunt
1015 1157 1057 1222 ed
1072 1181 1123 1223 ar-

66 1241 189 1306 cendam
203 1240 351 1307 hostium
368 1241 443 1317 vim,
458 1264 495 1306 ea
509 1255 612 1327 porta,
628 1245 679 1307 cui
694 1245 784 1330 signa
805 1246 944 1330 primum
959 1243 1122 1324 intulerat,

65 1341 234 1412 caperetur.
256 1327 473 1394 intravsllum
485 1327 601 1393 deiude
615 1329 717 1395 caedes
728 1331 837 1418 magis,
849 1341 943 1416 quum
959 1329 1122 1417 proelium,

64 1435 133 1478 esse.
147 1413 311 1480 tumultus
323 1437 341 1478 c
353 1415 462 1478 castris
472 1431 504 1479 ct
519 1415 551 1479 in
564 1416 674 1480 urbem
685 1429 845 1500 penetrum
869 1431 1030 1504 tamquam
1036 1415 1124 1482 Veiis

63 1503 164 1586 captis,
175 1503 222 1566 ita
231 1501 345 1588 pavidi
357 1500 505 1565 Veientes
515 1501 557 1566 ud
567 1524 657 1567 arma
667 1516 808 1568 currunt.
822 1525 897 1588 pars
908 1503 1035 1570 Sabinis
1045 1515 1124 1570 eunt

62 1589 217 1666 arbaidim
241 1610 319 1672 pars
345 1587 518 1664 Romnum
545 1601 613 1654 toto
642 1589 750 1675 inpetu
780 1590 918 1656 intentos
946 1591 979 1654 iu
1010 1602 1124 1669 castra,

61 1674 261 1740 adoriuntur.
301 1672 588 1758 Pauilisperavcrsi
600 1676 780 1764 turbatique
791 1688 873 1742 suut.
897 1676 1014 1744 deiude
1022 1689 1055 1742 et
1063 1677 1125 1761 ipsi

61 1775 192 1849 utroque
202 1761 306 1826 versis
321 1761 419 1846 signis
427 1759 591 1826 resistunt:
614 1774 647 1826 et
703 1785 767 1844 nes,
775 1763 816 1828 ab
828 1762 956 1828 consule
964 1763 1123 1842 inmissus,

61 1845 180 1914 Tuscos
194 1847 306 1912 fundit
320 1845 482 1934 firgstque.
505 1846 679 1934 eademque
718 1871 775 1913 ors
787 1848 854 1914 duo
867 1850 1034 1928 exercitus,
1050 1849 1125 1915 duur

60 1935 289 2018 potentissima
312 1947 345 1998 et
370 1935 517 1998 maximae
545 1933 692 1999 finitimus
759 1948 828 2000 ntes
856 1950 1013 2024 superatae
1038 1950 1123 2004 sunt.

59 2019 144 2084 Dum
152 2019 393 2086 hncachios
401 2034 564 2106 geruntur,
579 2019 688 2086 Volsci
730 2023 859 2110 'quique
873 2023 1037 2089 iuLatino
1105 2045 1126 2088 o

57 2119 232 2191 posuerant
243 2119 358 2182 castra,
373 2106 581 2206 populatique
594 2105 673 2172 fines
687 2121 787 2174 erant.
802 2127 855 2174 cos
869 2133 927 2196 per
941 2109 1050 2197 seipsi
1110 2146 1126 2160 -

58 2195 125 2272 tini,
141 2193 306 2264 adsumtis
322 2191 482 2270 Hernicis,
499 2195 566 2258 sine
584 2193 731 2259 Romano
746 2209 801 2262 aut
814 2196 896 2261 duce
917 2209 973 2262 aut
991 2193 1123 2275 auxilio,

55 2283 356 2346 castriaexucruut.
380 2278 507 2366 lugenti
516 2279 635 2364 proeda,
645 2294 762 2366 prater
770 2305 842 2346 suus
852 2297 1054 2369 recuperatus
1063 2305 1123 2362 res,
1133 2309 1230 2358 nauum

55 2368 148 2450 potiti
159 2379 249 2433 sunt.
263 2366 496 2430 missustumen
506 2367 547 2430 ab
560 2366 783 2433 Romaconsui
792 2371 824 2432 in
836 2369 969 2434 Volscos
982 2367 1022 2435 Ο.
1032 2369 1290 2454 Namcumvuuus

56 2453 127 2518 tius.
174 2455 264 2531 Mos,
280 2449 389 2528 credo,
404 2474 469 2517 nou
485 2452 639 2537 placebat,
656 2454 723 2518 sine
740 2455 887 2518 Romano
904 2454 986 2520 duce
999 2444 1157 2519 exeret-0¹
1167 2439 1261 2501 ΒΨ·

56 2553 155 2627 tuque
170 2539 280 2606 socios
295 2539 435 2688 propriis
450 2538 567 2604 viribus
588 2539 791 2626 consiliisque
812 2540 895 2605 bella
916 2559 1037 2628 gerere.
1051 2539 1126 2604 nul·

56 2623 122 2690 lum
137 2649 245 2714 genus
256 2647 295 2691 ca
307 2626 444 2690 emutatis
459 2625 722 2713 contumeliaeque
735 2649 801 2690 non
815 2626 935 2692 editum
949 2627 984 2692 in
994 2625 1125 2692 volscos

57 2729 120 2776 est:
142 2735 207 2779 nec
222 2727 331 2778 tamen
346 2711 479 2796 perpelli
492 2725 636 2799 potuere,
651 2727 688 2778 nt
699 2714 765 2778 acie
775 2711 974 2781 dimicarent.

100 2799 197 2866 LIV.
215 2797 256 2864 L.
274 2799 392 2864 Furius
420 2797 497 2864 inde
520 2814 552 2864 et
569 2799 608 2865 C.
626 2799 768 2864 Manlius
797 2800 952 2866 consules.
997 2799 1126 2866 Manlio
1135 2818 1164 2866 u.
1175 2819 1203 2866 c.
1215 2819 1271 2868 tto

56 2884 213 2952 Veientes
227 2885 395 2972 provincia
407 2885 519 2950 evenit
542 2907 609 2950 non
624 2899 729 2952 tamen
745 2885 908 2953 bellatum.
937 2886 1077 2954 iuduciae
1091 2889 1125 2953 in
1134 2885 1165 2930 A.
1178 2886 1205 2931 α
1214 2884 1272 2934 ⁴⁷²·

56 2993 161 3038 annos
177 2973 391 3060 quadraginta
404 2973 585 3058 petentibus
605 2971 699 3051 datae,
722 2971 883 3040 frumento
905 2973 1126 3062 stipendioque
1134 2948 1289 3062 hffl’c

55 3059 231 3146 imperato.
277 3058 355 3124 Paci
377 3069 517 3124 externa
540 3057 703 3124 confestim
725 3059 953 3127 ³continuatur
967 3060 1203 3130 discordiam...
1214 3080 1263 3128 no-

55 3143 158 3212 domi.
175 3145 311 3234 agrariae
326 3145 406 3232 legis
419 3144 596 3210 tribuniciis
604 3145 739 3212 stimulis
754 3147 844 3232 plebs
857 3147 993 3214 feruebat.
1038 3149 1182 3214 con-m·
1193 3146 1284 3194 Μ·
1319 3201 1324 3214 .

56 3233 151 3310 unies,
184 3231 267 3298 nihil
298 3230 444 3297 Menenii
472 3232 686 3309 damnatione,
710 3232 792 3299 nihil
819 3235 959 3320 periculo
982 3208 1190 3302 deterritidi*

58 3317 202 3399 Servilii,
232 3341 359 3386 summa
388 3318 419 3382 vi
448 3318 605 3384 resistunt.
634 3319 810 3386 ⁴abeuntes
839 3323 1025 3410 magistratu
1048 3322 1128 3388 Cu.n

58 3405 231 3472 Genucius
251 3406 401 3472 tribunus
423 3403 524 3490 piebis
539 3405 690 3492 adripuit.
734 3408 772 3472 1.
790 3405 943 3474 AEmilius
964 3422 996 3474 et
1012 3407 1044 3473 O
1069 3410 1276 3474 iterumue

58 3490 228 3582 Virginius
241 3491 443 3560 consulatum
458 3493 578 3558 ineunt.
623 3493 797 3579 Vopiscum
811 3493 933 3561 Julium
948 3517 1008 3582 pro
1051 3485 1263 3612 imi-Vm·

402 3659 789 3714 araucamoronmm.
1137 3613 1204 3665 ⁰⁰⁶⁶

94 3814 204 3864 ludeo
221 3817 372 3862 mmmm
390 3813 508 3878 aninum]
525 3814 582 3863 Val-
614 3816 741 3864 intervaflo
752 3816 867 3865 sucoedit

65 3879 92 3924 dc
105 3880 235 3928 istrionum
251 3885 332 3928 caete
350 3877 417 3926 Adeo
437 3884 582 3927 mutaverunt
645 3880 664 3928 4
683 3881 798 3929 Abarnias
834 3881 975 3942 magistratu
1016 3879 1129 3944 mules]

67 3945 143 3994 aaa.
171 3945 210 3993 Sic
226 3947 242 3993 1.
260 3943 395 3992 xxm
412 3943 483 3990 col.
500 3943 583 3992 Mores
614 3945 672 3994 Vox
693 3947 793 3992 cosmica
824 3945 957 4006 praefigitur
984 3945 1131 4005 mmedenti

69 4008 152 4064 pidem
168 4011 250 4072 populi
273 4009 381 4057 mr
399 4011 511 4068 mantum
529 4023 582 4056 ars·
613 4011 720 4072 periodo.
752 4007 870 4072 Ejushoc
884 4011 937 4056 loco
951 4009 1047 4070 ingrata
1062 4023 1131 4071 repc-

71 4073 168 4124 *mr-r.
237 4064 245 4081 ⁸
613 4075 723 4124 titiosst·
757 4075 855 4120 Unuca
870 4074 993 4122 codicibus
1009 4073 1131 4121 abilam

98 4136 259 4190 remus
284 4137 583 4201 douristaitsliiuuse
616 4139 846 4200 metapontum
867 4145 916 4187 tres
937 4139 1062 4186 enutris
1087 4139 1131 4184 hs·

74 4207 147 4253 Μὴ
180 4207 307 4255 mutatus
348 4203 431 4264 plne,
462 4204 584 4262 quomodo
616 4207 688 4252 beuta
716 4202 833 4250 Aternus
854 4203 994 4263 mars
1022 4203 1067 4250 Crt-
1085 4201 1131 4249 Gu-

75 4263 192 4322 Gmoriuc
207 4272 320 4324 amaus,
331 4267 450 4314 natust:
468 4265 584 4314 Catami-
615 4271 698 4317 aanor
718 4269 838 4328 arrtpstre
864 4281 926 4328 quae.
941 4267 1014 4315 isctio
1034 4267 1131 4316 vidntur

78 4335 231 4402 *insufflo
244 4336 334 4384 rerem
347 4331 434 4379 uuum
444 4335 557 4378 emtum.
616 4335 722 4396 vulgata
732 4333 908 4394 amadu-

95 4397 310 4462 S'CM]
330 4393 424 4446 suum
434 4403 460 4443 et
470 4395 523 4444 sirus
533 4397 584 4446 uilo
