2978 4918
371 211 428 271 tes
523 203 531 236 l
763 209 875 273 TlTl
905 211 1040 273 LlVll

207 387 344 440 omitt.
367 375 433 442 sitis
457 395 496 440 oe
523 371 690 457 praesidiis,
717 385 786 440 tuta
814 377 923 442 omnis
951 399 989 444 so
1017 375 1188 466 tranquilla
1210 375 1295 442 iecit.
1349 373 1405 442 ltu·

205 455 342 506 ΑΗΘ·
367 397 558 550 quelrostes,
581 460 691 545 praedo
717 483 759 526 ex
787 463 942 549 proximis
966 464 1045 529 locis
1071 475 1173 550 rapte,
1188 463 1404 550 adpropinqua·

366 571 401 614 re
416 547 487 612 urbi
500 565 567 616 nnn
581 547 659 624 ausi,
675 569 775 634 quum
796 550 989 615 ciccumnoto
1010 551 1137 640 agmina
1157 549 1306 629 redirent,
1319 572 1406 636 qusn-

366 649 399 700 to
414 634 539 721 longius
553 632 594 697 ab
607 633 687 698 urbe
701 633 837 700 hostium
854 635 1067 716 abscederent,
1083 661 1121 702 eo
1134 637 1283 702 solutiore
1294 657 1366 700 ‚cura
1377 637 1404 698 in

366 721 552 786 Lucretium
578 719 723 784 incidunt
747 722 919 800 consulem,
938 724 1007 810 jam
1036 737 1110 790 ente
1134 723 1304 809 exploratis
1327 721 1406 786 itini·-

364 808 453 871 ribus
482 807 546 870 suis
582 808 780 886 instructum,
809 822 841 874 et
869 810 910 873 ad
939 823 1097 875 certamen
1135 811 1302 875 intentum.
1352 807 1407 893 lgi-

365 907 419 958 tur
441 893 628 978 praeparatis
651 895 775 972 animis,
792 897 958 980 repentino
980 919 1095 980 pavore
1125 896 1284 982 perculsos
1308 895 1408 970 silorti,

364 981 529 1065 eliquanto
544 981 708 1064 pauciores
724 981 958 1046 multitudinem
974 983 1133 1070 ingentem
1148 982 1287 1048 fundunt
1297 981 1408 1068 fugant·

365 1089 443 1154 que;
466 1082 498 1132 et
513 1066 692 1152 compulsus
706 1067 738 1130 in
754 1090 846 1134 cavas
861 1068 965 1144 valles,
982 1091 1079 1156 quum
1102 1071 1208 1134 exitus
1224 1067 1311 1132 band
1328 1070 1357 1130 in
1370 1064 1408 1129 iu·

262 1193 270 1210 ·
363 1153 415 1218 oili
430 1167 543 1230 essent,
555 1152 816 1220 circumveniunt.
861 1155 911 1220 Ibi
924 1154 1075 1220 Volscum
1087 1177 1206 1220 nomon
1222 1175 1323 1240 prope
1336 1151 1409 1218 dele·

364 1253 513 1306 tumeat.
543 1239 693 1304 tredecim
720 1241 818 1304 millia
865 1241 1091 1328 usdringentos
1117 1243 1317 1330 septuaginta
1340 1238 1410 1304 oeci·

362 1326 445 1392 disse
469 1327 502 1391 in
529 1326 596 1391 acie
625 1344 662 1391 ac
685 1325 770 1411 luge,
792 1263 880 1392 mille
904 1325 1057 1392 ducentos
1101 1328 1314 1416 uinqueginta
1336 1328 1411 1390 uiros

362 1428 480 1498 captos,
494 1415 596 1500 signa
619 1413 729 1513 viginti
750 1429 869 1498 septem
893 1414 1041 1480 militaria
1060 1351 1170 1491 rblatn,
1187 1415 1222 1478 in
1237 1411 1410 1500 quibusdem
1467 1451 1468 1464 κ

361 1499 529 1564 annalibus
558 1499 696 1564 iuvemo.
726 1501 780 1564 ubi
799 1501 857 1564 etsi
878 1498 1036 1586 adjectum
1063 1501 1186 1587 aliquid
1211 1521 1345 1565 numero
1368 1498 1410 1574 sit,

360 1607 478 1671 magna
492 1597 577 1650 certe
591 1584 695 1649 cordes
716 1584 786 1650 fuit.
832 1586 944 1650 Victor
965 1585 1085 1664 consul,
1101 1588 1225 1672 ingenti
1241 1585 1349 1672 praeda
1363 1605 1410 1668 po·

361 1673 446 1748 titus,
462 1671 573 1738 eadem
595 1671 627 1736 in
650 1671 762 1736 stativa
788 1671 892 1736 rediit.
914 1720 918 1729 .
937 1671 1044 1738 Tum·
1063 1674 1210 1738 consules
1233 1688 1414 1738 castracon-

355 1760 520 1844 jungunt:
551 1769 582 1821 et
598 1757 706 1844 Volsci
722 1757 886 1845 AEquique
906 1757 1049 1824 adflictas
1070 1761 1153 1824 uires
1175 1781 1250 1824 sues
1270 1761 1303 1824 in
1326 1777 1413 1822 unum

359 1844 531 1909 contulere.
575 1843 687 1908 Tertia
709 1843 763 1907 illa
789 1867 829 1928 pu
856 1866 896 1909 na
910 1867 949 1910 eo
964 1867 1049 1910 anno
1069 1845 1137 1911 fuit.
1162 1847 1277 1911 eadem
1299 1845 1415 1910 fortuna

359 1931 522 1995 victoriam
537 1929 636 1995 dedit.
666 1929 742 1994 susis
756 1867 910 2012 hostilius,
926 1932 1020 2018 etiam
1036 1946 1139 1996 castra
1154 1947 1265 2020 capte.

340 2029 347 2090 ’,
404 2017 467 2082 lX.
492 2019 545 2082 Sic
566 2037 616 2080 res
639 2017 787 2082 Romane
807 2017 839 2082 iu
856 2018 1019 2104 antiquum
1042 2031 1160 2084 statum
1175 2020 1289 2084 rediitz
1313 2037 1414 2082 secun·

279 2134 283 2142 ·
359 2101 473 2190 rlaeque
486 2102 560 2168 belli
575 2124 624 2168 res
638 2103 800 2189 extemplo
815 2103 954 2169 urbanos
978 2117 1083 2169 motus
1104 2106 1340 2171 excitaverunt.
1382 2101 1414 2165 C.

193 2195 247 2276 aaz
263 2199 352 2248 Teren·
361 2190 554 2254 Terentilius
569 2193 648 2254 Arsa
661 2192 807 2254 tribunus
822 2189 922 2276 plebis
936 2214 974 2256 eo
989 2213 1072 2254 anno
1085 2191 1155 2258 fuit.
1186 2193 1225 2268 is,
1242 2189 1415 2258 consulibus

195 2265 255 2311 ‘¹¹¹³‘
360 2277 552 2354 absentibus,
576 2289 662 2340 ratus
689 2276 794 2342 locum
816 2277 992 2342 tribuniciis
1016 2278 1200 2344 actionibus
1224 2279 1348 2354 datum,
1368 2295 1417 2360 per

356 2365 477 2451 aliquot
491 2363 559 2428 dies
571 2362 704 2428 Petrum
719 2364 897 2448 superbiam
913 2363 954 2428 ad
963 2363 1085 2448 plebem
1098 2365 1303 2443 criminatus,
1324 2361 1414 2426 maxi·

355 2473 406 2516 me
422 2451 455 2516 in
477 2449 642 2516 consulare
666 2451 844 2534 imperinm,
860 2463 1021 2538 tamquam
1051 2450 1291 2530 nimium,.nec
1314 2448 1418 2515 tolera·

224 2571 228 2584 ·
307 2609 311 2620 ,
354 2537 417 2603 bile
430 2537 540 2602 libcrae
555 2536 684 2613 civitati,
695 2536 923 2603 invehebatur:
948 2539 1068 2600 nomine
1082 2539 1162 2602 enim
1186 2549 1311 2604 tannim
1330 2537 1419 2600 minus

355 2627 546 2700 invidiosum,
558 2628 669 2706 reipsa
680 2645 781 2706 prope
790 2624 934 2698 atrocius,
947 2643 1036 2706 qriom
1045 2625 1173 2708 regium,
1186 2647 1263 2690 esse.
1305 2623 1420 2705 Quippe

355 2714 430 2774 duos
439 2732 501 2792 pro
510 2731 570 2773 tino
581 2711 723 2772 dominor
736 2719 882 2791 acceptos,
896 2711 1099 2786 inmoderata,
1110 2711 1244 2795 infinito
1258 2719 1418 2795 poterim:

353 2797 633 2880 praesentatque
646 2795 793 2880 ffenati
812 2796 883 2878 ipsi,
899 2817 1001 2858 omnes
1024 2805 1117 2860 mettis
1137 2798 1243 2882 legum
1266 2798 1420 2879 omniaque

353 2883 506 2964 nipplicio
516 2890 667 2944 verterent
678 2882 711 2944 in
725 2880 846 2962 piebem.
886 2879 965 2956 ΘΜ
975 2901 1013 2945 ne
1023 2892 1140 2946 ceterm
1153 2886 1224 2950 iilis
1233 2883 1419 2954 licentiosi,

353 2966 381 3008 ³²
388 2970 483 3052 legent
497 2989 529 3030 se
537 2967 812 3050 promulgatumm,
824 2977 859 3031 ut
873 2969 1007 3052 quinque
1020 2970 1084 3032 oiri
1097 2981 1248 3035 creentur
1260 2971 1378 3056 legibus
1390 2967 1423 3030 de

354 3055 484 3136 imperio
498 3053 654 3116 conniiori
665 3052 840 3118 scribendis.
888 3051 980 3129 Quod
988 3057 1123 3137 populus
1135 3057 1170 3118 in
1186 3058 1288 3142 sejas
1302 3053 1422 3127 dederit,

301 3215 304 3218 ¹
353 3162 389 3203 eo
403 3141 549 3202 censuum
564 3159 705 3203 usuram:
728 3161 790 3203 non
811 3142 892 3224 ipsos
916 3140 1074 3206 libidinem
1093 3163 1132 3205 oc
1153 3143 1324 3209 licentiori
1344 3159 1421 3206 niam

346 3247 411 3308 pro
432 3227 498 3310 Iege
520 3224 690 3289 hobinnas.
736 3224 811 3301 Qua
837 3225 1036 3312 promulgata
1056 3225 1137 3314 lege,
1153 3251 1264 3312 quum
1280 3229 1425 3296 timerent

354 3311 476 3388 Patres,
493 3333 545 3392 ne,
565 3310 746 3376 absentibus
766 3311 957 3390 consulibus,
979 3313 1093 3400 jugum
1116 3314 1322 3400 acciperent,
1339 3334 1423 3379 sena·

353 3411 403 3464 tus
417 3421 437 3462 a
452 3396 603 3482 praesecto
627 3397 712 3462 urbis
728 3397 772 3474 Q.
790 3398 890 3464 Fabio
911 3413 1063 3464 vocetur:
1094 3399 1150 3485 qui
1171 3401 1262 3468 adeo
1279 3399 1424 3468 atrociter

351 3485 383 3552 in
400 3487 598 3576 rogationem
613 3483 810 3572 latoremque
829 3484 932 3572 ipsum
949 3485 1162 3566 estiuveotus,
1188 3487 1220 3527 ⁸⁸
1232 3502 1271 3554 ut
1294 3487 1389 3564 nihil,
1402 3482 1425 3546 si

577 3627 591 3656 ⁰
604 3623 670 3670 Tunc
678 3623 753 3672 Gron.
766 3625 836 3675 crev.
977 3625 1106 3672 illuminor
1116 3623 1190 3674 Eaed.

381 3744 415 3792 32
431 3744 518 3805 Iegem
534 3757 558 3790 re
571 3743 789 3808 Μαρώνεια]
808 3743 865 3791 lino
897 3743 1040 3804 consignate
1055 3742 1132 3802 firme,
1143 3753 1206 3802 quie
1230 3746 1300 3805 legia
1319 3744 1370 3790 vim
1389 3739 1428 3786 uu·

350 3823 435 3870 uque,
458 3815 520 3856 teste
543 3809 614 3854 Dion.
638 3809 690 3854 init.
714 3807 730 3854 l.
754 3807 789 3857 X.
811 3821 864 3870 per·
896 3810 988 3855 bemnt.
1031 3808 1065 3854 at
1081 3819 1122 3852 eos
1139 3806 1211 3866 ipsos
1231 3809 1316 3856 libros
1331 3807 1377 3856 soli
1392 3815 1431 3852 oo·

348 3875 439 3934 scripto
452 3887 501 3920 non
512 3879 581 3920 amnt
596 3869 653 3934 jura
669 3875 759 3927 omniu,
776 3871 865 3933 quibus
896 3879 952 3920 rant
967 3879 992 3918 et
1010 3872 1122 3932 legebant
1132 3872 1246 3930 putridi.
1282 3871 1432 3920 Terentilius

348 3939 435 3986 civitas
464 3943 595 3998 regerettn.
648 3935 695 3983 Sed
730 3938 864 3998 antiquitus
896 3937 971 3998 igitur
981 3936 1080 3996 aliquod
1093 3931 1158 3997 juris
1175 3949 1276 3998 corpus
1297 3937 1352 3984 lieri
1368 3935 1430 3980 volc-

348 4015 435 4062 regum
463 4001 563 4048 ummo
589 4002 644 4048 lites
671 4001 861 4048 dirimebantnrr
897 4002 947 4055 bet,
969 4015 1019 4062 quo
1040 4001 1066 4046 in
1088 3999 1208 4046 omnibus
1234 4003 1359 4064 negotiis,
1380 4006 1433 4047 tum

347 4072 383 4124 et,
411 4067 476 4126 quod
491 4061 588 4127 justum
609 4067 646 4112 illi
664 4061 824 4127 judicassent,
837 4067 864 4114 id
895 4065 1008 4125 publicis,
1024 4070 1079 4111 tum
1098 4063 1215 4125 muntia,
1237 4068 1334 4114 civitas
1356 4071 1433 4114 niet*

346 4143 392 4191 pro
410 4132 463 4191 iege
485 4136 543 4178 erat.
580 4131 674 4178 liudem
696 4131 768 4178 modo
789 4141 863 4190 pensa
895 4135 944 4176 tur.

346 4196 457 4242 consules
482 4195 546 4254 juris
571 4194 669 4242 arbitria
700 4195 783 4242 iberes
813 4195 862 4242 nisi
925 4192 960 4240 38
979 4193 1012 4241 Ut
1032 4193 1105 4257 unit]
1134 4193 1168 4239 ttt
1199 4196 1272 4243 nihii
1295 4196 1436 4258 superni

340 4261 411 4319 'quod
421 4271 541 4322 perpauca
559 4259 585 4305 in
605 4259 635 4305 ils
651 4259 728 4316 libris,
745 4272 805 4320 quos
817 4259 861 4305 Di·
894 4258 1016 4304 minuetum
1037 4271 1066 4306 ec
1087 4257 1200 4316 terroris,
1225 4264 1301 4322 quoq
1329 4263 1436 4308 intenu-

345 4325 444 4388 onyaius
465 4337 544 4370 sacros
563 4325 682 4377 nominet,
704 4325 795 4384 quique
812 4323 861 4369 sor-
893 4327 948 4368 rent
963 4324 1083 4380 musuleo,
1094 4324 1116 4369 si
1130 4324 1210 4371 ambo
1222 4325 1319 4374 infesti
1329 4325 1436 4373 circom-

344 4393 408 4438 tasse
427 4397 496 4438 erunt
519 4387 661 4447 pontificum
683 4387 861 4444 commentarii,
893 4389 1131 4436 mutiribunum·
