<?xml version="1.0" encoding="UTF-8"?>
<!DOCTYPE html PUBLIC "-//W3C//DTD XHTML 1.0 Transitional//EN"
    "http://www.w3.org/TR/xhtml1/DTD/xhtml1-transitional.dtd">
<html xmlns="http://www.w3.org/1999/xhtml" xml:lang="en" lang="en">
 <head>
  <title>
</title>
<meta http-equiv="Content-Type" content="text/html;charset=utf-8" />
  <meta name='ocr-system' content='tesseract 3.04.00' />
  <meta name='ocr-capabilities' content='ocr_page ocr_carea ocr_par ocr_line ocrx_word'/>
</head>
<body>
  <div class='ocr_page' id='page_1' title='image "./tliviipatavinih02crevgoog_0340.png"; bbox 0 0 3032 4924; ppageno 0'>
   <div class='ocr_carea' id='block_1_1' title="bbox 433 219 1160 289">
    <p class='ocr_par' dir='ltr' id='par_1_1' title="bbox 433 219 1160 289">
     <span class='ocr_line' id='line_1_1' title="bbox 433 219 1160 289; baseline 0.006 -5"><span class='ocrx_word' id='word_1_1' title='bbox 433 219 527 284; x_wconf 88' lang='lat' dir='ltr'><strong>Llll.</strong></span> <span class='ocrx_word' id='word_1_2' title='bbox 554 221 590 281; x_wconf 87' lang='lat' dir='ltr'><strong>V.</strong></span> <span class='ocrx_word' id='word_1_3' title='bbox 616 225 719 286; x_wconf 82' lang='lat' dir='ltr'><strong>CAP.</strong></span> <span class='ocrx_word' id='word_1_4' title='bbox 745 227 826 286; x_wconf 88' lang='lat' dir='ltr'><strong>XLI.</strong></span> <span class='ocrx_word' id='word_1_5' title='bbox 865 255 868 264; x_wconf 46' lang='lat' dir='ltr'>v</span> <span class='ocrx_word' id='word_1_6' title='bbox 1102 233 1160 289; x_wconf 77' lang='lat'><strong>388</strong></span> 
     </span>
    </p>
   </div>
   <div class='ocr_carea' id='block_1_2' title="bbox 94 377 1310 3821">
    <p class='ocr_par' dir='ltr' id='par_1_2' title="bbox 94 377 1310 640">
     <span class='ocr_line' id='line_1_2' title="bbox 94 377 1306 470; baseline 0.002 -25"><span class='ocrx_word' id='word_1_7' title='bbox 94 381 169 446; x_wconf 86' lang='lat' dir='ltr'><strong>mni</strong></span> <span class='ocrx_word' id='word_1_8' title='bbox 181 405 216 448; x_wconf 89' lang='lat' dir='ltr'><strong>se</strong></span> <span class='ocrx_word' id='word_1_9' title='bbox 231 403 306 448; x_wconf 89' lang='lat' dir='ltr'><strong>cum</strong></span> <span class='ocrx_word' id='word_1_10' title='bbox 322 381 385 448; x_wconf 92' lang='lat' dir='ltr'><strong>illis</strong></span> <span class='ocrx_word' id='word_1_11' title='bbox 397 381 502 468; x_wconf 82' lang='lat' dir='ltr'><strong>polum</strong></span> <span class='ocrx_word' id='word_1_12' title='bbox 518 382 625 449; x_wconf 87' lang='lat' dir='ltr'><strong>dicere</strong></span> <span class='ocrx_word' id='word_1_13' title='bbox 643 377 807 460; x_wconf 80' lang='lat' dir='ltr'><strong>obituros3</strong></span> <span class='ocrx_word' id='word_1_14' title='bbox 829 405 888 449; x_wconf 91' lang='lat' dir='ltr'><strong>nec</strong></span> <span class='ocrx_word' id='word_1_15' title='bbox 901 382 950 448; x_wconf 88' lang='lat' dir='ltr'><strong>bis</strong></span> <span class='ocrx_word' id='word_1_16' title='bbox 964 384 1237 470; x_wconf 77' lang='lat' dir='ltr'><strong>corporibus,u,c,</strong></span> <span class='ocrx_word' id='word_1_17' title='bbox 1249 409 1306 459; x_wconf 59' lang='grc' dir='ltr'><strong>ωε,</strong></span> 
     </span>
     <span class='ocr_line' id='line_1_3' title="bbox 100 465 1310 558; baseline 0.006 -26"><span class='ocrx_word' id='word_1_18' title='bbox 100 465 217 556; x_wconf 89' lang='lat' dir='ltr'><strong>quibos</strong></span> <span class='ocrx_word' id='word_1_19' title='bbox 232 490 298 532; x_wconf 92' lang='lat' dir='ltr'><strong>uon</strong></span> <span class='ocrx_word' id='word_1_20' title='bbox 314 491 402 534; x_wconf 87' lang='lat' dir='ltr'><strong>snus</strong></span> <span class='ocrx_word' id='word_1_21' title='bbox 415 469 509 549; x_wconf 82' lang='lat' dir='ltr'><strong>ferre,</strong></span> <span class='ocrx_word' id='word_1_22' title='bbox 523 491 590 534; x_wconf 91' lang='lat' dir='ltr'><strong>non</strong></span> <span class='ocrx_word' id='word_1_23' title='bbox 603 470 684 534; x_wconf 90' lang='lat' dir='ltr'><strong>tueri</strong></span> <span class='ocrx_word' id='word_1_24' title='bbox 705 469 840 556; x_wconf 80' lang='lat' dir='ltr'><strong>petrium</strong></span> <span class='ocrx_word' id='word_1_25' title='bbox 862 483 999 558; x_wconf 81' lang='lat' dir='ltr'>possent,</span> <span class='ocrx_word' id='word_1_26' title='bbox 1015 485 1162 538; x_wconf 78' lang='lat' dir='ltr'><strong>oneretu-</strong></span> <span class='ocrx_word' id='word_1_27' title='bbox 1169 480 1200 525; x_wconf 81' lang='grc' dir='ltr'><strong>Α·</strong></span> <span class='ocrx_word' id='word_1_28' title='bbox 1213 477 1241 525; x_wconf 81' lang='lat'><strong>⁰·</strong></span> <span class='ocrx_word' id='word_1_29' title='bbox 1251 475 1310 524; x_wconf 60' lang='grc' dir='ltr'><strong>Μ’</strong></span> 
     </span>
     <span class='ocr_line' id='line_1_4' title="bbox 101 555 537 640; baseline 0.007 -23"><span class='ocrx_word' id='word_1_30' title='bbox 101 575 155 620; x_wconf 82' lang='lat' dir='ltr'><strong>ros</strong></span> <span class='ocrx_word' id='word_1_31' title='bbox 170 555 315 640; x_wconf 84' lang='lat' dir='ltr'><strong>inopium</strong></span> <span class='ocrx_word' id='word_1_32' title='bbox 331 569 537 622; x_wconf 85' lang='lat' dir='ltr'><strong>srmstorum.</strong></span> 
     </span>
    </p>

    <p class='ocr_par' dir='ltr' id='par_1_3' title="bbox 95 640 1269 3650">
     <span class='ocr_line' id='line_1_5' title="bbox 144 640 1165 730; baseline 0.003 -25"><span class='ocrx_word' id='word_1_33' title='bbox 144 640 224 705; x_wconf 88' lang='lat' dir='ltr'><strong>XL.</strong></span> <span class='ocrx_word' id='word_1_34' title='bbox 252 641 335 706; x_wconf 81' lang='lat' dir='ltr'><strong>Hoec</strong></span> <span class='ocrx_word' id='word_1_35' title='bbox 349 643 433 706; x_wconf 87' lang='lat' dir='ltr'><strong>inter</strong></span> <span class='ocrx_word' id='word_1_36' title='bbox 447 643 584 706; x_wconf 74' lang='lat' dir='ltr'>seniores</span> <span class='ocrx_word' id='word_1_37' title='bbox 598 643 692 706; x_wconf 88' lang='lat' dir='ltr'><strong>morti</strong></span> <span class='ocrx_word' id='word_1_38' title='bbox 714 641 888 708; x_wconf 74' lang='lat' dir='ltr'><strong>destinatos</strong></span> <span class='ocrx_word' id='word_1_39' title='bbox 905 645 1024 730; x_wconf 78' lang='lat' dir='ltr'><strong>jactata</strong></span> <span class='ocrx_word' id='word_1_40' title='bbox 1042 641 1165 708; x_wconf 84' lang='lat' dir='ltr'><strong>solutis.</strong></span> 
     </span>
     <span class='ocr_line' id='line_1_6' title="bbox 103 726 1165 816; baseline 0.006 -26"><span class='ocrx_word' id='word_1_41' title='bbox 103 727 214 792; x_wconf 79' lang='lat' dir='ltr'><strong>Versae</strong></span> <span class='ocrx_word' id='word_1_42' title='bbox 238 726 316 794; x_wconf 88' lang='lat' dir='ltr'><strong>inde</strong></span> <span class='ocrx_word' id='word_1_43' title='bbox 338 727 575 792; x_wconf 71' lang='lat' dir='ltr'><strong>adhortationes</strong></span> <span class='ocrx_word' id='word_1_44' title='bbox 595 727 636 792; x_wconf 86' lang='lat' dir='ltr'><strong>sd</strong></span> <span class='ocrx_word' id='word_1_45' title='bbox 651 751 765 815; x_wconf 82' lang='lat' dir='ltr'>agmen</span> <span class='ocrx_word' id='word_1_46' title='bbox 780 730 944 814; x_wconf 83' lang='lat' dir='ltr'><strong>juvenum,</strong></span> <span class='ocrx_word' id='word_1_47' title='bbox 958 751 1037 816; x_wconf 89' lang='lat' dir='ltr'><strong>quos</strong></span> <span class='ocrx_word' id='word_1_48' title='bbox 1051 731 1083 793; x_wconf 91' lang='lat' dir='ltr'><strong>in</strong></span> <span class='ocrx_word' id='word_1_49' title='bbox 1101 729 1165 796; x_wconf 86' lang='lat' dir='ltr'><strong>Cs-</strong></span> 
     </span>
     <span class='ocr_line' id='line_1_7' title="bbox 95 813 1166 900; baseline 0.006 -24"><span class='ocrx_word' id='word_1_50' title='bbox 95 813 254 898; x_wconf 86' lang='lat' dir='ltr'><strong>pitolium</strong></span> <span class='ocrx_word' id='word_1_51' title='bbox 283 829 379 900; x_wconf 83' lang='lat' dir='ltr'><strong>etque</strong></span> <span class='ocrx_word' id='word_1_52' title='bbox 407 814 440 877; x_wconf 93' lang='lat' dir='ltr'><strong>in</strong></span> <span class='ocrx_word' id='word_1_53' title='bbox 471 835 575 878; x_wconf 86' lang='lat' dir='ltr'><strong>urcem</strong></span> <span class='ocrx_word' id='word_1_54' title='bbox 603 815 883 900; x_wconf 78' lang='lat' dir='ltr'><strong>prosequebantur,</strong></span> <span class='ocrx_word' id='word_1_55' title='bbox 906 817 1166 882; x_wconf 70' lang='lat' dir='ltr'><strong>commendantes</strong></span> 
     </span>
     <span class='ocr_line' id='line_1_8' title="bbox 102 899 1165 989; baseline 0.006 -28"><span class='ocrx_word' id='word_1_56' title='bbox 102 900 216 964; x_wconf 79' lang='lat' dir='ltr'><strong>virtuti</strong></span> <span class='ocrx_word' id='word_1_57' title='bbox 234 921 345 964; x_wconf 88' lang='lat' dir='ltr'><strong>eorum</strong></span> <span class='ocrx_word' id='word_1_58' title='bbox 365 900 567 985; x_wconf 84' lang='lat' dir='ltr'><strong>jurentseque</strong></span> <span class='ocrx_word' id='word_1_59' title='bbox 582 899 668 964; x_wconf 85' lang='lat' dir='ltr'><strong>urbis</strong></span> <span class='ocrx_word' id='word_1_60' title='bbox 681 921 739 986; x_wconf 87' lang='lat' dir='ltr'><strong>per</strong></span> <span class='ocrx_word' id='word_1_61' title='bbox 753 915 909 966; x_wconf 87' lang='lat' dir='ltr'><strong>trecentos</strong></span> <span class='ocrx_word' id='word_1_62' title='bbox 927 903 1095 989; x_wconf 75' lang='lat' dir='ltr'>sexaginta</span> <span class='ocrx_word' id='word_1_63' title='bbox 1108 923 1165 967; x_wconf 83' lang='lat' dir='ltr'><strong>sn·</strong></span> 
     </span>
     <span class='ocr_line' id='line_1_9' title="bbox 103 985 1166 1073; baseline 0.002 -23"><span class='ocrx_word' id='word_1_64' title='bbox 103 1007 161 1050; x_wconf 90' lang='lat' dir='ltr'><strong>nos</strong></span> <span class='ocrx_word' id='word_1_65' title='bbox 175 987 329 1050; x_wconf 90' lang='lat' dir='ltr'><strong>omnibus</strong></span> <span class='ocrx_word' id='word_1_66' title='bbox 353 985 441 1050; x_wconf 88' lang='lat' dir='ltr'><strong>bellis</strong></span> <span class='ocrx_word' id='word_1_67' title='bbox 459 985 606 1061; x_wconf 85' lang='lat' dir='ltr'><strong>victricis,</strong></span> <span class='ocrx_word' id='word_1_68' title='bbox 622 1009 830 1072; x_wconf 76' lang='lat' dir='ltr'><strong>quencumque</strong></span> <span class='ocrx_word' id='word_1_69' title='bbox 855 988 975 1073; x_wconf 83' lang='lat' dir='ltr'><strong>reliqua</strong></span> <span class='ocrx_word' id='word_1_70' title='bbox 995 1003 1086 1069; x_wconf 88' lang='lat' dir='ltr'><strong>esset,</strong></span> <span class='ocrx_word' id='word_1_71' title='bbox 1100 987 1166 1052; x_wconf 87' lang='lat' dir='ltr'><strong>for·-</strong></span> 
     </span>
     <span class='ocr_line' id='line_1_10' title="bbox 103 1072 1167 1160; baseline 0.006 -26"><span class='ocrx_word' id='word_1_72' title='bbox 103 1087 228 1136; x_wconf 86' lang='lat' dir='ltr'><strong>tunsm.</strong></span> <span class='ocrx_word' id='word_1_73' title='bbox 274 1072 544 1160; x_wconf 83' lang='lat' dir='ltr'><strong>Digredientibus,</strong></span> <span class='ocrx_word' id='word_1_74' title='bbox 559 1073 613 1158; x_wconf 91' lang='lat' dir='ltr'><strong>qui</strong></span> <span class='ocrx_word' id='word_1_75' title='bbox 629 1093 714 1156; x_wconf 83' lang='lat' dir='ltr'><strong>spent</strong></span> <span class='ocrx_word' id='word_1_76' title='bbox 737 1095 864 1138; x_wconf 89' lang='lat' dir='ltr'><strong>omnem</strong></span> <span class='ocrx_word' id='word_1_77' title='bbox 887 1087 980 1160; x_wconf 81' lang='lat' dir='ltr'><strong>utque</strong></span> <span class='ocrx_word' id='word_1_78' title='bbox 1002 1095 1095 1159; x_wconf 91' lang='lat' dir='ltr'><strong>opem</strong></span> <span class='ocrx_word' id='word_1_79' title='bbox 1117 1099 1167 1140; x_wconf 87' lang='lat' dir='ltr'><strong>se·</strong></span> 
     </span>
     <span class='ocr_line' id='line_1_11' title="bbox 103 1154 1166 1244; baseline 0.005 -23"><span class='ocrx_word' id='word_1_80' title='bbox 103 1179 178 1221; x_wconf 87' lang='lat' dir='ltr'><strong>curn</strong></span> <span class='ocrx_word' id='word_1_81' title='bbox 193 1157 347 1236; x_wconf 80' lang='lat' dir='ltr'><strong>ferebant,</strong></span> <span class='ocrx_word' id='word_1_82' title='bbox 363 1158 403 1222; x_wconf 85' lang='lat' dir='ltr'><strong>ob</strong></span> <span class='ocrx_word' id='word_1_83' title='bbox 426 1154 471 1234; x_wconf 89' lang='lat' dir='ltr'><strong>iis,</strong></span> <span class='ocrx_word' id='word_1_84' title='bbox 494 1159 548 1244; x_wconf 93' lang='lat' dir='ltr'><strong>qui</strong></span> <span class='ocrx_word' id='word_1_85' title='bbox 569 1171 672 1242; x_wconf 83' lang='lat' dir='ltr'><strong>coptus</strong></span> <span class='ocrx_word' id='word_1_86' title='bbox 693 1159 780 1223; x_wconf 91' lang='lat' dir='ltr'><strong>urbis</strong></span> <span class='ocrx_word' id='word_1_87' title='bbox 794 1181 857 1223; x_wconf 90' lang='lat' dir='ltr'><strong>non</strong></span> <span class='ocrx_word' id='word_1_88' title='bbox 873 1181 1036 1242; x_wconf 74' lang='lat' dir='ltr'><strong>superesse</strong></span> <span class='ocrx_word' id='word_1_89' title='bbox 1049 1174 1166 1226; x_wconf 72' lang='lat' dir='ltr'><strong>stutue-</strong></span> 
     </span>
     <span class='ocr_line' id='line_1_12' title="bbox 105 1243 1166 1332; baseline 0.003 -25"><span class='ocrx_word' id='word_1_90' title='bbox 105 1257 180 1308; x_wconf 87' lang='lat' dir='ltr'><strong>rsnt</strong></span> <span class='ocrx_word' id='word_1_91' title='bbox 200 1245 320 1318; x_wconf 82' lang='lat' dir='ltr'><strong>exiti03</strong></span> <span class='ocrx_word' id='word_1_92' title='bbox 344 1265 441 1328; x_wconf 88' lang='lat' dir='ltr'><strong>quum</strong></span> <span class='ocrx_word' id='word_1_93' title='bbox 456 1243 525 1329; x_wconf 88' lang='lat' dir='ltr'><strong>ipss</strong></span> <span class='ocrx_word' id='word_1_94' title='bbox 539 1263 589 1308; x_wconf 87' lang='lat' dir='ltr'><strong>res</strong></span> <span class='ocrx_word' id='word_1_95' title='bbox 604 1245 783 1332; x_wconf 79' lang='lat' dir='ltr'><strong>speciesque</strong></span> <span class='ocrx_word' id='word_1_96' title='bbox 796 1245 982 1310; x_wconf 81' lang='lat' dir='ltr'><strong>miserabilis</strong></span> <span class='ocrx_word' id='word_1_97' title='bbox 1004 1259 1082 1323; x_wconf 87' lang='lat' dir='ltr'><strong>erst,</strong></span> <span class='ocrx_word' id='word_1_98' title='bbox 1097 1259 1166 1311; x_wconf 85' lang='lat' dir='ltr'><strong>turn</strong></span> 
     </span>
     <span class='ocr_line' id='line_1_13' title="bbox 104 1330 1166 1408; baseline 0.004 -14"><span class='ocrx_word' id='word_1_99' title='bbox 104 1330 272 1394; x_wconf 85' lang='lat' dir='ltr'><strong>muliebris</strong></span> <span class='ocrx_word' id='word_1_100' title='bbox 294 1330 385 1394; x_wconf 86' lang='lat' dir='ltr'><strong>fletus</strong></span> <span class='ocrx_word' id='word_1_101' title='bbox 407 1343 438 1394; x_wconf 86' lang='lat' dir='ltr'><strong>et</strong></span> <span class='ocrx_word' id='word_1_102' title='bbox 459 1331 657 1396; x_wconf 76' lang='lat' dir='ltr'><strong>concursatio</strong></span> <span class='ocrx_word' id='word_1_103' title='bbox 679 1332 807 1408; x_wconf 82' lang='lat' dir='ltr'><strong>inserts,</strong></span> <span class='ocrx_word' id='word_1_104' title='bbox 824 1353 909 1396; x_wconf 90' lang='lat' dir='ltr'><strong>nnnc</strong></span> <span class='ocrx_word' id='word_1_105' title='bbox 925 1333 981 1396; x_wconf 88' lang='lat' dir='ltr'><strong>hos</strong></span> <span class='ocrx_word' id='word_1_106' title='bbox 994 1353 1081 1398; x_wconf 88' lang='lat' dir='ltr'><strong>nunc</strong></span> <span class='ocrx_word' id='word_1_107' title='bbox 1095 1333 1166 1398; x_wconf 88' lang='lat' dir='ltr'><strong>illos</strong></span> 
     </span>
     <span class='ocr_line' id='line_1_14' title="bbox 103 1415 1165 1503; baseline 0.002 -22"><span class='ocrx_word' id='word_1_108' title='bbox 103 1418 318 1502; x_wconf 89' lang='lat' dir='ltr'><strong>sequentium,</strong></span> <span class='ocrx_word' id='word_1_109' title='bbox 334 1415 602 1502; x_wconf 75' lang='lat' dir='ltr'><strong>rogitantiumque</strong></span> <span class='ocrx_word' id='word_1_110' title='bbox 623 1417 706 1480; x_wconf 87' lang='lat' dir='ltr'><strong>viros</strong></span> <span class='ocrx_word' id='word_1_111' title='bbox 731 1432 892 1503; x_wconf 79' lang='lat' dir='ltr'><strong>natosque,</strong></span> <span class='ocrx_word' id='word_1_112' title='bbox 909 1419 960 1482; x_wconf 91' lang='lat' dir='ltr'><strong>cui</strong></span> <span class='ocrx_word' id='word_1_113' title='bbox 975 1439 1008 1482; x_wconf 89' lang='lat' dir='ltr'><strong>se</strong></span> <span class='ocrx_word' id='word_1_114' title='bbox 1023 1421 1088 1482; x_wconf 85' lang='lat' dir='ltr'><strong>isto</strong></span> <span class='ocrx_word' id='word_1_115' title='bbox 1109 1419 1165 1483; x_wconf 90' lang='lat' dir='ltr'><strong>ds·</strong></span> 
     </span>
     <span class='ocr_line' id='line_1_15' title="bbox 106 1500 1167 1592; baseline 0.001 -25"><span class='ocrx_word' id='word_1_116' title='bbox 106 1515 187 1579; x_wconf 86' lang='lat' dir='ltr'><strong>rent,</strong></span> <span class='ocrx_word' id='word_1_117' title='bbox 203 1500 331 1579; x_wconf 69' lang='lat' dir='ltr'><strong>“nihil</strong></span> <span class='ocrx_word' id='word_1_118' title='bbox 347 1503 433 1590; x_wconf 90' lang='lat' dir='ltr'><strong>quod</strong></span> <span class='ocrx_word' id='word_1_119' title='bbox 453 1501 599 1586; x_wconf 81' lang='lat' dir='ltr'><strong>humenis</strong></span> <span class='ocrx_word' id='word_1_120' title='bbox 622 1503 796 1586; x_wconf 78' lang='lat' dir='ltr'><strong>superesset</strong></span> <span class='ocrx_word' id='word_1_121' title='bbox 822 1503 922 1582; x_wconf 79' lang='lat' dir='ltr'><strong>ntulis,</strong></span> <span class='ocrx_word' id='word_1_122' title='bbox 939 1503 1167 1592; x_wconf 83' lang='lat' dir='ltr'><strong>relinquebant.</strong></span> 
     </span>
     <span class='ocr_line' id='line_1_16' title="bbox 105 1587 1165 1676; baseline 0.003 -24"><span class='ocrx_word' id='word_1_123' title='bbox 105 1609 225 1676; x_wconf 84' lang='lat' dir='ltr'><strong>mogus</strong></span> <span class='ocrx_word' id='word_1_124' title='bbox 272 1609 322 1652; x_wconf 89' lang='lat' dir='ltr'><strong>srs</strong></span> <span class='ocrx_word' id='word_1_125' title='bbox 346 1604 450 1652; x_wconf 79' lang='lat' dir='ltr'><strong>remen</strong></span> <span class='ocrx_word' id='word_1_126' title='bbox 477 1609 584 1652; x_wconf 85' lang='lat' dir='ltr'><strong>esrum</strong></span> <span class='ocrx_word' id='word_1_127' title='bbox 606 1587 639 1651; x_wconf 93' lang='lat' dir='ltr'><strong>in</strong></span> <span class='ocrx_word' id='word_1_128' title='bbox 662 1609 766 1652; x_wconf 82' lang='lat' dir='ltr'><strong>urcem</strong></span> <span class='ocrx_word' id='word_1_129' title='bbox 789 1611 862 1654; x_wconf 89' lang='lat' dir='ltr'><strong>suos</strong></span> <span class='ocrx_word' id='word_1_130' title='bbox 884 1605 1058 1673; x_wconf 84' lang='lat' dir='ltr'><strong>prosecntoe</strong></span> <span class='ocrx_word' id='word_1_131' title='bbox 1081 1605 1165 1668; x_wconf 81' lang='lat' dir='ltr'><strong>sunt,</strong></span> 
     </span>
     <span class='ocr_line' id='line_1_17' title="bbox 107 1609 1167 1761; baseline 0.005 -24"><span class='ocrx_word' id='word_1_132' title='bbox 107 1697 165 1738; x_wconf 91' lang='lat' dir='ltr'><strong>nec</strong></span> <span class='ocrx_word' id='word_1_133' title='bbox 190 1609 381 1760; x_wconf 67' lang='lat' dir='ltr'><strong>probibente</strong></span> <span class='ocrx_word' id='word_1_134' title='bbox 398 1673 485 1750; x_wconf 83' lang='lat' dir='ltr'><strong>ullo‚&#39;</strong></span> <span class='ocrx_word' id='word_1_135' title='bbox 503 1695 559 1738; x_wconf 88' lang='lat' dir='ltr'><strong>nec</strong></span> <span class='ocrx_word' id='word_1_136' title='bbox 572 1687 721 1739; x_wconf 81' lang='lat' dir='ltr'><strong>recente:</strong></span> <span class='ocrx_word' id='word_1_137' title='bbox 744 1675 827 1761; x_wconf 86' lang='lat' dir='ltr'><strong>quis,</strong></span> <span class='ocrx_word' id='word_1_138' title='bbox 844 1675 929 1760; x_wconf 89' lang='lat' dir='ltr'><strong>quod</strong></span> <span class='ocrx_word' id='word_1_139' title='bbox 945 1676 1021 1742; x_wconf 88' lang='lat' dir='ltr'><strong>utile</strong></span> <span class='ocrx_word' id='word_1_140' title='bbox 1035 1677 1167 1742; x_wconf 86' lang='lat' dir='ltr'><strong>obsessis</strong></span> 
     </span>
     <span class='ocr_line' id='line_1_18' title="bbox 107 1760 1165 1845; baseline 0.004 -21"><span class='ocrx_word' id='word_1_141' title='bbox 107 1763 146 1824; x_wconf 88' lang='lat' dir='ltr'><strong>sd</strong></span> <span class='ocrx_word' id='word_1_142' title='bbox 164 1762 371 1826; x_wconf 83' lang='lat' dir='ltr'><strong>minuendam</strong></span> <span class='ocrx_word' id='word_1_143' title='bbox 387 1760 531 1824; x_wconf 80' lang='lat' dir='ltr'><strong>inbellem</strong></span> <span class='ocrx_word' id='word_1_144' title='bbox 556 1760 800 1837; x_wconf 86' lang='lat' dir='ltr'><strong>multitudinem,</strong></span> <span class='ocrx_word' id='word_1_145' title='bbox 815 1761 848 1825; x_wconf 90' lang='lat' dir='ltr'><strong>id</strong></span> <span class='ocrx_word' id='word_1_146' title='bbox 863 1783 974 1845; x_wconf 84' lang='lat' dir='ltr'><strong>petum</strong></span> <span class='ocrx_word' id='word_1_147' title='bbox 991 1762 1165 1828; x_wconf 82' lang='lat' dir='ltr'><strong>humanum</strong></span> 
     </span>
     <span class='ocr_line' id='line_1_19' title="bbox 108 1845 1168 1933; baseline 0.004 -23"><span class='ocrx_word' id='word_1_148' title='bbox 108 1859 187 1910; x_wconf 79' lang='lat' dir='ltr'><strong>eret.</strong></span> <span class='ocrx_word' id='word_1_149' title='bbox 235 1847 307 1910; x_wconf 86' lang='lat' dir='ltr'><strong>Alis</strong></span> <span class='ocrx_word' id='word_1_150' title='bbox 322 1847 461 1910; x_wconf 84' lang='lat' dir='ltr'><strong>msxime</strong></span> <span class='ocrx_word' id='word_1_151' title='bbox 475 1846 575 1929; x_wconf 90' lang='lat' dir='ltr'><strong>plebis</strong></span> <span class='ocrx_word' id='word_1_152' title='bbox 589 1845 692 1922; x_wconf 88' lang='lat' dir='ltr'><strong>turbe,</strong></span> <span class='ocrx_word' id='word_1_153' title='bbox 709 1869 803 1932; x_wconf 84' lang='lat' dir='ltr'><strong>quem</strong></span> <span class='ocrx_word' id='word_1_154' title='bbox 817 1869 876 1912; x_wconf 89' lang='lat' dir='ltr'><strong>uec</strong></span> <span class='ocrx_word' id='word_1_155' title='bbox 895 1870 1006 1933; x_wconf 79' lang='lat' dir='ltr'><strong>capere</strong></span> <span class='ocrx_word' id='word_1_156' title='bbox 1020 1862 1085 1914; x_wconf 86' lang='lat' dir='ltr'><strong>tsrn</strong></span> <span class='ocrx_word' id='word_1_157' title='bbox 1100 1850 1168 1914; x_wconf 87' lang='lat' dir='ltr'><strong>exi·</strong></span> 
     </span>
     <span class='ocr_line' id='line_1_20' title="bbox 108 1932 1166 2020; baseline 0.006 -25"><span class='ocrx_word' id='word_1_158' title='bbox 108 1955 192 2020; x_wconf 80' lang='lat' dir='ltr'><strong>gnus</strong></span> <span class='ocrx_word' id='word_1_159' title='bbox 214 1933 313 2009; x_wconf 88' lang='lat' dir='ltr'><strong>collis,</strong></span> <span class='ocrx_word' id='word_1_160' title='bbox 330 1953 389 1996; x_wconf 86' lang='lat' dir='ltr'><strong>nec</strong></span> <span class='ocrx_word' id='word_1_161' title='bbox 409 1933 493 1997; x_wconf 80' lang='lat' dir='ltr'><strong>clere</strong></span> <span class='ocrx_word' id='word_1_162' title='bbox 506 1933 539 1994; x_wconf 94' lang='lat' dir='ltr'><strong>in</strong></span> <span class='ocrx_word' id='word_1_163' title='bbox 556 1946 643 1996; x_wconf 80' lang='lat' dir='ltr'><strong>tonte</strong></span> <span class='ocrx_word' id='word_1_164' title='bbox 667 1933 776 2017; x_wconf 87' lang='lat' dir='ltr'><strong>inopis</strong></span> <span class='ocrx_word' id='word_1_165' title='bbox 795 1932 944 1998; x_wconf 79' lang='lat' dir='ltr'><strong>frumenti</strong></span> <span class='ocrx_word' id='word_1_166' title='bbox 968 1947 1104 2020; x_wconf 83' lang='lat' dir='ltr'><strong>poteret,</strong></span> <span class='ocrx_word' id='word_1_167' title='bbox 1125 1957 1166 2002; x_wconf 86' lang='lat' dir='ltr'><strong>ex</strong></span> 
     </span>
     <span class='ocr_line' id='line_1_21' title="bbox 107 2018 1169 2105; baseline 0.004 -23"><span class='ocrx_word' id='word_1_168' title='bbox 107 2019 189 2084; x_wconf 84' lang='lat' dir='ltr'><strong>urbe</strong></span> <span class='ocrx_word' id='word_1_169' title='bbox 210 2018 308 2083; x_wconf 80' lang='lat' dir='ltr'><strong>effusa</strong></span> <span class='ocrx_word' id='word_1_170' title='bbox 324 2018 409 2082; x_wconf 85' lang='lat' dir='ltr'><strong>velut</strong></span> <span class='ocrx_word' id='word_1_171' title='bbox 433 2019 559 2105; x_wconf 74' lang='lat' dir='ltr'><strong>agmine</strong></span> <span class='ocrx_word' id='word_1_172' title='bbox 582 2018 648 2103; x_wconf 86' lang='lat' dir='ltr'><strong>jsrn</strong></span> <span class='ocrx_word' id='word_1_173' title='bbox 675 2039 739 2082; x_wconf 90' lang='lat' dir='ltr'><strong>uno</strong></span> <span class='ocrx_word' id='word_1_174' title='bbox 761 2021 853 2103; x_wconf 88' lang='lat' dir='ltr'><strong>petiit</strong></span> <span class='ocrx_word' id='word_1_175' title='bbox 874 2021 1065 2088; x_wconf 86' lang='lat' dir='ltr'><strong>aniculum.</strong></span> <span class='ocrx_word' id='word_1_176' title='bbox 1095 2021 1169 2086; x_wconf 92' lang='lat' dir='ltr'><strong>inde</strong></span> 
     </span>
     <span class='ocr_line' id='line_1_22' title="bbox 109 2103 1169 2193; baseline 0.005 -25"><span class='ocrx_word' id='word_1_177' title='bbox 109 2127 183 2190; x_wconf 77' lang='lat' dir='ltr'><strong>pers</strong></span> <span class='ocrx_word' id='word_1_178' title='bbox 198 2127 256 2190; x_wconf 86' lang='lat' dir='ltr'><strong>per</strong></span> <span class='ocrx_word' id='word_1_179' title='bbox 269 2127 363 2193; x_wconf 80' lang='lat' dir='ltr'><strong>agros</strong></span> <span class='ocrx_word' id='word_1_180' title='bbox 377 2103 500 2189; x_wconf 77' lang='lat' dir='ltr'><strong>dilapsi,</strong></span> <span class='ocrx_word' id='word_1_181' title='bbox 517 2124 588 2186; x_wconf 84' lang='lat' dir='ltr'><strong>pers</strong></span> <span class='ocrx_word' id='word_1_182' title='bbox 604 2104 698 2168; x_wconf 89' lang='lat' dir='ltr'><strong>urbes</strong></span> <span class='ocrx_word' id='word_1_183' title='bbox 718 2118 830 2188; x_wconf 85' lang='lat' dir='ltr'><strong>petunt</strong></span> <span class='ocrx_word' id='word_1_184' title='bbox 845 2105 1005 2183; x_wconf 81' lang='lat' dir='ltr'><strong>finitimas,</strong></span> <span class='ocrx_word' id='word_1_185' title='bbox 1021 2109 1087 2184; x_wconf 87' lang='lat' dir='ltr'><strong>sine</strong></span> <span class='ocrx_word' id='word_1_186' title='bbox 1101 2108 1169 2173; x_wconf 91' lang='lat' dir='ltr'><strong>ullo</strong></span> 
     </span>
     <span class='ocr_line' id='line_1_23' title="bbox 109 2189 1168 2274; baseline 0.003 -20"><span class='ocrx_word' id='word_1_187' title='bbox 109 2191 192 2255; x_wconf 86' lang='lat' dir='ltr'><strong>duce</strong></span> <span class='ocrx_word' id='word_1_188' title='bbox 214 2204 269 2255; x_wconf 87' lang='lat' dir='ltr'><strong>snt</strong></span> <span class='ocrx_word' id='word_1_189' title='bbox 290 2211 455 2268; x_wconf 85' lang='lat' dir='ltr'><strong>consensu,</strong></span> <span class='ocrx_word' id='word_1_190' title='bbox 470 2211 558 2252; x_wconf 85' lang='lat' dir='ltr'><strong>suum</strong></span> <span class='ocrx_word' id='word_1_191' title='bbox 582 2189 714 2274; x_wconf 88' lang='lat' dir='ltr'><strong>quisque</strong></span> <span class='ocrx_word' id='word_1_192' title='bbox 738 2211 836 2272; x_wconf 89' lang='lat' dir='ltr'><strong>spem,</strong></span> <span class='ocrx_word' id='word_1_193' title='bbox 852 2215 910 2256; x_wconf 85' lang='lat' dir='ltr'><strong>sus</strong></span> <span class='ocrx_word' id='word_1_194' title='bbox 928 2192 1066 2269; x_wconf 87' lang='lat' dir='ltr'><strong>consilis,</strong></span> <span class='ocrx_word' id='word_1_195' title='bbox 1083 2215 1168 2257; x_wconf 89' lang='lat' dir='ltr'><strong>com·</strong></span> 
     </span>
     <span class='ocr_line' id='line_1_24' title="bbox 111 2275 1170 2361; baseline 0.002 -21"><span class='ocrx_word' id='word_1_196' title='bbox 111 2277 261 2347; x_wconf 87' lang='lat' dir='ltr'><strong>munibus</strong></span> <span class='ocrx_word' id='word_1_197' title='bbox 278 2276 457 2361; x_wconf 81' lang='lat' dir='ltr'><strong>deploratis,</strong></span> <span class='ocrx_word' id='word_1_198' title='bbox 472 2289 686 2360; x_wconf 81' lang='lat' dir='ltr'><strong>exsequentes.</strong></span> <span class='ocrx_word' id='word_1_199' title='bbox 732 2275 861 2340; x_wconf 80' lang='lat' dir='ltr'><strong>Flamen</strong></span> <span class='ocrx_word' id='word_1_200' title='bbox 876 2278 1000 2342; x_wconf 90' lang='lat' dir='ltr'><strong>interim</strong></span> <span class='ocrx_word' id='word_1_201' title='bbox 1018 2278 1170 2354; x_wconf 82' lang='lat' dir='ltr'><strong>Quirina-</strong></span> 
     </span>
     <span class='ocr_line' id='line_1_25' title="bbox 111 2361 1170 2454; baseline 0.002 -28"><span class='ocrx_word' id='word_1_202' title='bbox 111 2364 148 2427; x_wconf 91' lang='lat' dir='ltr'><strong>lis</strong></span> <span class='ocrx_word' id='word_1_203' title='bbox 170 2364 370 2454; x_wconf 80' lang='lat' dir='ltr'><strong>virginesque</strong></span> <span class='ocrx_word' id='word_1_204' title='bbox 387 2361 533 2437; x_wconf 80' lang='lat' dir='ltr'><strong>Vestales,</strong></span> <span class='ocrx_word' id='word_1_205' title='bbox 559 2362 675 2424; x_wconf 89' lang='lat' dir='ltr'><strong>omisss</strong></span> <span class='ocrx_word' id='word_1_206' title='bbox 703 2381 808 2425; x_wconf 85' lang='lat' dir='ltr'><strong>rerum</strong></span> <span class='ocrx_word' id='word_1_207' title='bbox 834 2383 962 2426; x_wconf 81' lang='lat' dir='ltr'><strong>sussum</strong></span> <span class='ocrx_word' id='word_1_208' title='bbox 989 2385 1074 2440; x_wconf 86' lang='lat' dir='ltr'><strong>curs,</strong></span> <span class='ocrx_word' id='word_1_209' title='bbox 1098 2385 1170 2449; x_wconf 84' lang='lat' dir='ltr'><strong>quae</strong></span> 
     </span>
     <span class='ocr_line' id='line_1_26' title="bbox 111 2446 1171 2532; baseline 0.002 -20"><span class='ocrx_word' id='word_1_210' title='bbox 111 2471 273 2512; x_wconf 84' lang='lat' dir='ltr'><strong>sectorum</strong></span> <span class='ocrx_word' id='word_1_211' title='bbox 294 2469 400 2512; x_wconf 86' lang='lat' dir='ltr'><strong>secum</strong></span> <span class='ocrx_word' id='word_1_212' title='bbox 422 2447 559 2522; x_wconf 85' lang='lat' dir='ltr'><strong>lerends,</strong></span> <span class='ocrx_word' id='word_1_213' title='bbox 576 2469 647 2532; x_wconf 77' lang='lat' dir='ltr'><strong>quse</strong></span> <span class='ocrx_word' id='word_1_214' title='bbox 665 2446 753 2530; x_wconf 85' lang='lat' dir='ltr'><strong>(quis</strong></span> <span class='ocrx_word' id='word_1_215' title='bbox 766 2448 846 2511; x_wconf 86' lang='lat' dir='ltr'><strong>vires</strong></span> <span class='ocrx_word' id='word_1_216' title='bbox 861 2448 900 2512; x_wconf 87' lang='lat' dir='ltr'><strong>sd</strong></span> <span class='ocrx_word' id='word_1_217' title='bbox 914 2449 1022 2512; x_wconf 86' lang='lat' dir='ltr'><strong>omnis</strong></span> <span class='ocrx_word' id='word_1_218' title='bbox 1040 2447 1171 2514; x_wconf 84' lang='lat' dir='ltr'><strong>ferendo</strong></span> 
     </span>
     <span class='ocr_line' id='line_1_27' title="bbox 110 2531 1171 2621; baseline 0.001 -22"><span class='ocrx_word' id='word_1_219' title='bbox 110 2535 257 2613; x_wconf 80' lang='lat' dir='ltr'><strong>deerunt)</strong></span> <span class='ocrx_word' id='word_1_220' title='bbox 280 2534 486 2621; x_wconf 79' lang='lat' dir='ltr'><strong>relinquenda</strong></span> <span class='ocrx_word' id='word_1_221' title='bbox 510 2545 624 2609; x_wconf 90' lang='lat' dir='ltr'><strong>essent,</strong></span> <span class='ocrx_word' id='word_1_222' title='bbox 639 2531 864 2610; x_wconf 76' lang='lat' dir='ltr'><strong>consultantes,</strong></span> <span class='ocrx_word' id='word_1_223' title='bbox 887 2537 995 2620; x_wconf 90' lang='lat' dir='ltr'><strong>quisve</strong></span> <span class='ocrx_word' id='word_1_224' title='bbox 1019 2557 1057 2599; x_wconf 84' lang='lat' dir='ltr'><strong>es</strong></span> <span class='ocrx_word' id='word_1_225' title='bbox 1081 2534 1171 2600; x_wconf 90' lang='lat' dir='ltr'><strong>locus</strong></span> 
     </span>
     <span class='ocr_line' id='line_1_28' title="bbox 111 2617 1172 2703; baseline 0.002 -19"><span class='ocrx_word' id='word_1_226' title='bbox 111 2619 199 2685; x_wconf 81' lang='lat' dir='ltr'><strong>fideli</strong></span> <span class='ocrx_word' id='word_1_227' title='bbox 213 2621 434 2685; x_wconf 85' lang='lat' dir='ltr'><strong>sdservsturus</strong></span> <span class='ocrx_word' id='word_1_228' title='bbox 448 2617 592 2684; x_wconf 88' lang='lat' dir='ltr'><strong>custodis</strong></span> <span class='ocrx_word' id='word_1_229' title='bbox 604 2631 685 2683; x_wconf 86' lang='lat' dir='ltr'><strong>esset</strong></span> <span class='ocrx_word' id='word_1_230' title='bbox 694 2640 704 2694; x_wconf 83' lang='lat'>3</span> <span class='ocrx_word' id='word_1_231' title='bbox 725 2620 880 2703; x_wconf 89' lang='lat' dir='ltr'><strong>optimum</strong></span> <span class='ocrx_word' id='word_1_232' title='bbox 896 2619 1028 2698; x_wconf 87' lang='lat' dir='ltr'><strong>ducunt,</strong></span> <span class='ocrx_word' id='word_1_233' title='bbox 1043 2621 1172 2686; x_wconf 85' lang='lat' dir='ltr'><strong>conditu</strong></span> 
     </span>
     <span class='ocr_line' id='line_1_29' title="bbox 112 2704 1171 2790; baseline 0.002 -20"><span class='ocrx_word' id='word_1_234' title='bbox 112 2709 144 2770; x_wconf 93' lang='lat' dir='ltr'><strong>in</strong></span> <span class='ocrx_word' id='word_1_235' title='bbox 167 2706 297 2770; x_wconf 90' lang='lat' dir='ltr'><strong>doliolis</strong></span> <span class='ocrx_word' id='word_1_236' title='bbox 318 2706 433 2772; x_wconf 80' lang='lat' dir='ltr'><strong>sacello</strong></span> <span class='ocrx_word' id='word_1_237' title='bbox 454 2706 601 2790; x_wconf 83' lang='lat' dir='ltr'><strong>proximo</strong></span> <span class='ocrx_word' id='word_1_238' title='bbox 615 2705 735 2768; x_wconf 79' lang='lat' dir='ltr'><strong>sedibus</strong></span> <span class='ocrx_word' id='word_1_239' title='bbox 756 2704 893 2769; x_wconf 81' lang='lat' dir='ltr'><strong>fluminis</strong></span> <span class='ocrx_word' id='word_1_240' title='bbox 913 2704 1100 2784; x_wconf 76' lang='lat' dir='ltr'><strong>Quirinalis,</strong></span> <span class='ocrx_word' id='word_1_241' title='bbox 1115 2707 1171 2772; x_wconf 92' lang='lat' dir='ltr'><strong>ubi</strong></span> 
     </span>
     <span class='ocr_line' id='line_1_30' title="bbox 112 2789 1171 2880; baseline 0 -24"><span class='ocrx_word' id='word_1_242' title='bbox 112 2813 201 2858; x_wconf 92' lang='lat' dir='ltr'><strong>nunc</strong></span> <span class='ocrx_word' id='word_1_243' title='bbox 214 2792 327 2878; x_wconf 87' lang='lat' dir='ltr'><strong>despui</strong></span> <span class='ocrx_word' id='word_1_244' title='bbox 342 2793 453 2879; x_wconf 81' lang='lat' dir='ltr'><strong>religio</strong></span> <span class='ocrx_word' id='word_1_245' title='bbox 467 2805 524 2868; x_wconf 89' lang='lat' dir='ltr'><strong>est,</strong></span> <span class='ocrx_word' id='word_1_246' title='bbox 539 2789 705 2854; x_wconf 83' lang='lat' dir='ltr'><strong>defodere:</strong></span> <span class='ocrx_word' id='word_1_247' title='bbox 728 2803 829 2856; x_wconf 85' lang='lat' dir='ltr'><strong>cetero</strong></span> <span class='ocrx_word' id='word_1_248' title='bbox 842 2792 928 2874; x_wconf 85' lang='lat' dir='ltr'><strong>inter</strong></span> <span class='ocrx_word' id='word_1_249' title='bbox 941 2815 974 2870; x_wconf 82' lang='lat' dir='ltr'><strong>se</strong></span> <span class='ocrx_word' id='word_1_250' title='bbox 988 2815 1085 2858; x_wconf 89' lang='lat' dir='ltr'><strong>onere</strong></span> <span class='ocrx_word' id='word_1_251' title='bbox 1097 2815 1171 2880; x_wconf 88' lang='lat' dir='ltr'><strong>psr-</strong></span> 
     </span>
     <span class='ocr_line' id='line_1_31' title="bbox 113 2877 1169 2964; baseline 0.001 -21"><span class='ocrx_word' id='word_1_252' title='bbox 113 2879 173 2944; x_wconf 85' lang='lat' dir='ltr'><strong>tito</strong></span> <span class='ocrx_word' id='word_1_253' title='bbox 195 2877 304 2943; x_wconf 86' lang='lat' dir='ltr'><strong>ferunt</strong></span> <span class='ocrx_word' id='word_1_254' title='bbox 318 2879 378 2955; x_wconf 82' lang='lat' dir='ltr'><strong>vis,</strong></span> <span class='ocrx_word' id='word_1_255' title='bbox 394 2901 466 2964; x_wconf 84' lang='lat' dir='ltr'><strong>quae</strong></span> <span class='ocrx_word' id='word_1_256' title='bbox 481 2877 613 2942; x_wconf 86' lang='lat' dir='ltr'><strong>sublicio</strong></span> <span class='ocrx_word' id='word_1_257' title='bbox 629 2889 724 2962; x_wconf 83' lang='lat' dir='ltr'><strong>ponte</strong></span> <span class='ocrx_word' id='word_1_258' title='bbox 737 2877 824 2942; x_wconf 88' lang='lat' dir='ltr'><strong>ducit</strong></span> <span class='ocrx_word' id='word_1_259' title='bbox 838 2879 877 2943; x_wconf 83' lang='lat' dir='ltr'><strong>sd</strong></span> <span class='ocrx_word' id='word_1_260' title='bbox 893 2879 1084 2945; x_wconf 83' lang='lat' dir='ltr'><strong>Juniculunr.</strong></span> <span class='ocrx_word' id='word_1_261' title='bbox 1129 2878 1169 2947; x_wconf 93' lang='lat' dir='ltr'><strong>In</strong></span> 
     </span>
     <span class='ocr_line' id='line_1_32' title="bbox 114 2961 1269 3050; baseline 0.003 -22"><span class='ocrx_word' id='word_1_262' title='bbox 114 2963 257 3030; x_wconf 81' lang='lat' dir='ltr'><strong>sociive</strong></span> <span class='ocrx_word' id='word_1_263' title='bbox 282 2987 335 3029; x_wconf 86' lang='lat' dir='ltr'><strong>ess</strong></span> <span class='ocrx_word' id='word_1_264' title='bbox 356 2985 455 3050; x_wconf 91' lang='lat' dir='ltr'><strong>quum</strong></span> <span class='ocrx_word' id='word_1_265' title='bbox 476 2963 515 3027; x_wconf 91' lang='lat' dir='ltr'><strong>L.</strong></span> <span class='ocrx_word' id='word_1_266' title='bbox 533 2961 691 3042; x_wconf 83' lang='lat' dir='ltr'><strong>Albinius,</strong></span> <span class='ocrx_word' id='word_1_267' title='bbox 712 2962 753 3027; x_wconf 95' lang='lat' dir='ltr'><strong>de</strong></span> <span class='ocrx_word' id='word_1_268' title='bbox 774 2963 866 3048; x_wconf 89' lang='lat' dir='ltr'><strong>plebe</strong></span> <span class='ocrx_word' id='word_1_269' title='bbox 890 2965 1036 3030; x_wconf 81' lang='lat' dir='ltr'><strong>Romans</strong></span> <span class='ocrx_word' id='word_1_270' title='bbox 1061 2965 1269 3048; x_wconf 77' lang='lat' dir='ltr'><strong>hom0,smnn</strong></span> 
     </span>
     <span class='ocr_line' id='line_1_33' title="bbox 114 3049 1263 3136; baseline 0.003 -22"><span class='ocrx_word' id='word_1_271' title='bbox 114 3050 362 3136; x_wconf 84' lang='lat' dir='ltr'><strong>conspexissent,</strong></span> <span class='ocrx_word' id='word_1_272' title='bbox 392 3049 534 3135; x_wconf 76' lang='lat' dir='ltr'><strong>plaustro</strong></span> <span class='ocrx_word' id='word_1_273' title='bbox 559 3049 725 3135; x_wconf 86' lang='lat' dir='ltr'><strong>conjugem</strong></span> <span class='ocrx_word' id='word_1_274' title='bbox 751 3071 788 3114; x_wconf 88' lang='lat' dir='ltr'><strong>sc</strong></span> <span class='ocrx_word' id='word_1_275' title='bbox 813 3050 930 3116; x_wconf 87' lang='lat' dir='ltr'><strong>liberos</strong></span> <span class='ocrx_word' id='word_1_276' title='bbox 951 3051 1066 3117; x_wconf 83' lang='lat' dir='ltr'><strong>vehens</strong></span> <span class='ocrx_word' id='word_1_277' title='bbox 1086 3053 1263 3117; x_wconf 67' lang='lat' dir='ltr'><strong>interiet-e</strong></span> 
     </span>
     <span class='ocr_line' id='line_1_34' title="bbox 116 3133 1172 3220; baseline 0.005 -21"><span class='ocrx_word' id='word_1_278' title='bbox 116 3150 253 3200; x_wconf 77' lang='lat' dir='ltr'><strong>ceteram</strong></span> <span class='ocrx_word' id='word_1_279' title='bbox 268 3136 406 3213; x_wconf 79' lang='lat' dir='ltr'><strong>turbem,</strong></span> <span class='ocrx_word' id='word_1_280' title='bbox 422 3158 493 3220; x_wconf 87' lang='lat' dir='ltr'><strong>quae</strong></span> <span class='ocrx_word' id='word_1_281' title='bbox 506 3134 627 3199; x_wconf 90' lang='lat' dir='ltr'><strong>inutilis</strong></span> <span class='ocrx_word' id='word_1_282' title='bbox 641 3133 725 3200; x_wconf 89' lang='lat' dir='ltr'><strong>bello</strong></span> <span class='ocrx_word' id='word_1_283' title='bbox 740 3135 819 3200; x_wconf 90' lang='lat' dir='ltr'><strong>urbe</strong></span> <span class='ocrx_word' id='word_1_284' title='bbox 837 3137 1027 3203; x_wconf 76' lang='lat' dir='ltr'><strong>excedebat:</strong></span> <span class='ocrx_word' id='word_1_285' title='bbox 1050 3138 1172 3204; x_wconf 72' lang='lat' dir='ltr'><strong>⁶⁷selvo</strong></span> 
     </span>
     <span class='ocr_line' id='line_1_35' title="bbox 113 3219 1173 3310; baseline 0.005 -24"><span class='ocrx_word' id='word_1_286' title='bbox 113 3225 208 3286; x_wconf 87' lang='lat' dir='ltr'><strong>etism</strong></span> <span class='ocrx_word' id='word_1_287' title='bbox 219 3229 287 3286; x_wconf 82' lang='lat' dir='ltr'><strong>turn</strong></span> <span class='ocrx_word' id='word_1_288' title='bbox 299 3222 480 3286; x_wconf 87' lang='lat' dir='ltr'><strong>discrimine</strong></span> <span class='ocrx_word' id='word_1_289' title='bbox 489 3220 665 3286; x_wconf 82' lang='lat' dir='ltr'><strong>divinarum</strong></span> <span class='ocrx_word' id='word_1_290' title='bbox 678 3219 951 3310; x_wconf 76' lang='lat' dir='ltr'><strong>humanarumque</strong></span> <span class='ocrx_word' id='word_1_291' title='bbox 961 3247 1076 3302; x_wconf 86' lang='lat' dir='ltr'><strong>rerum,</strong></span> <span class='ocrx_word' id='word_1_292' title='bbox 1090 3227 1173 3292; x_wconf 90' lang='lat' dir='ltr'><strong>inre·</strong></span> 
     </span>
     <span class='ocr_line' id='line_1_36' title="bbox 115 3305 1173 3396; baseline 0.005 -25"><span class='ocrx_word' id='word_1_293' title='bbox 115 3307 261 3396; x_wconf 82' lang='lat' dir='ltr'><strong>ligiosum</strong></span> <span class='ocrx_word' id='word_1_294' title='bbox 277 3321 373 3384; x_wconf 81' lang='lat' dir='ltr'><strong>retus,</strong></span> <span class='ocrx_word' id='word_1_295' title='bbox 389 3307 566 3372; x_wconf 86' lang='lat' dir='ltr'><strong>secerdotes</strong></span> <span class='ocrx_word' id='word_1_296' title='bbox 580 3305 724 3390; x_wconf 89' lang='lat' dir='ltr'><strong>publicos</strong></span> <span class='ocrx_word' id='word_1_297' title='bbox 743 3329 893 3394; x_wconf 84' lang='lat' dir='ltr'><strong>sscrsque</strong></span> <span class='ocrx_word' id='word_1_298' title='bbox 907 3311 1017 3395; x_wconf 91' lang='lat' dir='ltr'><strong>populi</strong></span> <span class='ocrx_word' id='word_1_299' title='bbox 1034 3313 1173 3377; x_wconf 78' lang='lat' dir='ltr'><strong>Romani</strong></span> 
     </span>
     <span class='ocr_line' id='line_1_37' title="bbox 115 3393 1173 3482; baseline 0.005 -25"><span class='ocrx_word' id='word_1_300' title='bbox 115 3395 249 3478; x_wconf 88' lang='lat' dir='ltr'><strong>pedibus</strong></span> <span class='ocrx_word' id='word_1_301' title='bbox 272 3394 327 3470; x_wconf 86' lang='lat' dir='ltr'><strong>ire,</strong></span> <span class='ocrx_word' id='word_1_302' title='bbox 343 3393 497 3481; x_wconf 77' lang='lat' dir='ltr'><strong>ferrique3</strong></span> <span class='ocrx_word' id='word_1_303' title='bbox 527 3411 699 3482; x_wconf 77' lang='lat' dir='ltr'><strong>sescenos</strong></span> <span class='ocrx_word' id='word_1_304' title='bbox 720 3393 754 3455; x_wconf 93' lang='lat' dir='ltr'><strong>in</strong></span> <span class='ocrx_word' id='word_1_305' title='bbox 769 3393 915 3458; x_wconf 86' lang='lat' dir='ltr'><strong>vehiculo</strong></span> <span class='ocrx_word' id='word_1_306' title='bbox 940 3397 1095 3481; x_wconf 90' lang='lat' dir='ltr'><strong>eonspiei;</strong></span> <span class='ocrx_word' id='word_1_307' title='bbox 1118 3399 1173 3462; x_wconf 91' lang='lat' dir='ltr'><strong>de·</strong></span> 
     </span>
     <span class='ocr_line' id='line_1_38' title="bbox 114 3477 1172 3567; baseline 0.005 -25"><span class='ocrx_word' id='word_1_308' title='bbox 114 3479 265 3544; x_wconf 88' lang='lat' dir='ltr'><strong>scendere</strong></span> <span class='ocrx_word' id='word_1_309' title='bbox 296 3501 426 3543; x_wconf 89' lang='lat' dir='ltr'><strong>uxorem</strong></span> <span class='ocrx_word' id='word_1_310' title='bbox 456 3502 492 3544; x_wconf 83' lang='lat' dir='ltr'><strong>ec</strong></span> <span class='ocrx_word' id='word_1_311' title='bbox 520 3499 634 3564; x_wconf 83' lang='lat' dir='ltr'><strong>pueros</strong></span> <span class='ocrx_word' id='word_1_312' title='bbox 657 3477 764 3563; x_wconf 82' lang='lat' dir='ltr'><strong>jussit,</strong></span> <span class='ocrx_word' id='word_1_313' title='bbox 795 3479 932 3567; x_wconf 84' lang='lat' dir='ltr'><strong>virgines</strong></span> <span class='ocrx_word' id='word_1_314' title='bbox 959 3503 1112 3567; x_wconf 86' lang='lat' dir='ltr'><strong>sscrsqne</strong></span> <span class='ocrx_word' id='word_1_315' title='bbox 1139 3484 1172 3548; x_wconf 91' lang='lat' dir='ltr'><strong>in</strong></span> 
     </span>
     <span class='ocr_line' id='line_1_39' title="bbox 116 3563 1172 3650; baseline 0.004 -22"><span class='ocrx_word' id='word_1_316' title='bbox 116 3565 293 3650; x_wconf 74' lang='lat' dir='ltr'><strong>plaustrum</strong></span> <span class='ocrx_word' id='word_1_317' title='bbox 319 3566 478 3650; x_wconf 86' lang='lat' dir='ltr'><strong>inposuit:</strong></span> <span class='ocrx_word' id='word_1_318' title='bbox 510 3577 543 3629; x_wconf 87' lang='lat' dir='ltr'><strong>et</strong></span> <span class='ocrx_word' id='word_1_319' title='bbox 560 3563 663 3641; x_wconf 80' lang='lat' dir='ltr'><strong>Crete,</strong></span> <span class='ocrx_word' id='word_1_320' title='bbox 686 3587 750 3650; x_wconf 92' lang='lat' dir='ltr'><strong>quo</strong></span> <span class='ocrx_word' id='word_1_321' title='bbox 774 3565 835 3630; x_wconf 89' lang='lat' dir='ltr'><strong>iter</strong></span> <span class='ocrx_word' id='word_1_322' title='bbox 857 3567 1070 3632; x_wconf 77' lang='lat' dir='ltr'><strong>sacerdotibus</strong></span> <span class='ocrx_word' id='word_1_323' title='bbox 1095 3581 1172 3646; x_wconf 84' lang='lat' dir='ltr'><strong>erut,</strong></span> 
     </span>
    </p>

    <p class='ocr_par' dir='ltr' id='par_1_4' title="bbox 117 3653 1175 3821">
     <span class='ocr_line' id='line_1_40' title="bbox 156 3653 270 3716; baseline 0.018 -2"><span class='ocrx_word' id='word_1_324' title='bbox 156 3653 270 3716; x_wconf 75' lang='lat' dir='ltr'><strong>reexit.</strong></span> 
     </span>
     <span class='ocr_line' id='line_1_41' title="bbox 117 3673 1175 3821; baseline 0.003 -19"><span class='ocrx_word' id='word_1_325' title='bbox 117 3673 257 3802; x_wconf 71' lang='lat' dir='ltr'><strong>peXLI.</strong></span> <span class='ocrx_word' id='word_1_326' title='bbox 284 3738 397 3803; x_wconf 85' lang='lat' dir='ltr'><strong>Romss</strong></span> <span class='ocrx_word' id='word_1_327' title='bbox 412 3735 548 3814; x_wconf 83' lang='lat' dir='ltr'><strong>interim,</strong></span> <span class='ocrx_word' id='word_1_328' title='bbox 564 3734 637 3800; x_wconf 85' lang='lat' dir='ltr'><strong>sutis</strong></span> <span class='ocrx_word' id='word_1_329' title='bbox 651 3736 717 3821; x_wconf 88' lang='lat' dir='ltr'><strong>jsm</strong></span> <span class='ocrx_word' id='word_1_330' title='bbox 733 3736 892 3816; x_wconf 86' lang='lat' dir='ltr'><strong>omnibns,</strong></span> <span class='ocrx_word' id='word_1_331' title='bbox 906 3748 942 3803; x_wconf 89' lang='lat' dir='ltr'><strong>ut</strong></span> <span class='ocrx_word' id='word_1_332' title='bbox 954 3738 988 3804; x_wconf 91' lang='lat' dir='ltr'><strong>in</strong></span> <span class='ocrx_word' id='word_1_333' title='bbox 1002 3738 1058 3803; x_wconf 84' lang='lat' dir='ltr'><strong>toli</strong></span> <span class='ocrx_word' id='word_1_334' title='bbox 1072 3761 1116 3818; x_wconf 88' lang='lat' dir='ltr'><strong>re,</strong></span> <span class='ocrx_word' id='word_1_335' title='bbox 1133 3741 1175 3805; x_wconf 85' lang='lat' dir='ltr'><strong>nd</strong></span> 
     </span>
    </p>
   </div>
   <div class='ocr_carea' id='block_1_3' title="bbox 1 3921 1273 4421">
    <p class='ocr_par' dir='ltr' id='par_1_5' title="bbox 1 3921 1273 4421">
     <span class='ocr_line' id='line_1_42' title="bbox 149 3921 1175 3984; baseline 0 -13"><span class='ocrx_word' id='word_1_336' title='bbox 149 3921 366 3984; x_wconf 62' lang='lat' dir='ltr'><strong>wltonem</strong></span> <span class='ocrx_word' id='word_1_337' title='bbox 384 3921 491 3969; x_wconf 63' lang='lat' dir='ltr'><strong>nme</strong></span> <span class='ocrx_word' id='word_1_338' title='bbox 508 3923 632 3982; x_wconf 69' lang='lat' dir='ltr'><strong>superem</strong></span> <span class='ocrx_word' id='word_1_339' title='bbox 663 3933 711 3979; x_wconf 86' lang='lat' dir='ltr'><strong>que</strong></span> <span class='ocrx_word' id='word_1_340' title='bbox 726 3933 818 3981; x_wconf 82' lang='lat' dir='ltr'><strong>rerum,</strong></span> <span class='ocrx_word' id='word_1_341' title='bbox 830 3923 972 3969; x_wconf 81' lang='lat' dir='ltr'><strong>ethunronu</strong></span> <span class='ocrx_word' id='word_1_342' title='bbox 987 3922 1076 3968; x_wconf 81' lang='lat' dir='ltr'><strong>divinis</strong></span> <span class='ocrx_word' id='word_1_343' title='bbox 1091 3924 1175 3971; x_wconf 83' lang='lat' dir='ltr'><strong>cedere</strong></span> 
     </span>
     <span class='ocr_line' id='line_1_43' title="bbox 1 3979 1174 4050; baseline 0.002 -16"><span class='ocrx_word' id='word_1_344' title='bbox 1 3985 2 4008; x_wconf 64' lang='lat'>¹</span> <span class='ocrx_word' id='word_1_345' title='bbox 116 3985 631 4050; x_wconf 53' lang='lat' dir='ltr'><strong>maerentemqtttnttrennquenant,</strong></span> <span class='ocrx_word' id='word_1_346' title='bbox 660 3979 811 4046; x_wconf 82' lang='lat' dir='ltr'><strong>juberentur.</strong></span> <span class='ocrx_word' id='word_1_347' title='bbox 844 3987 988 4046; x_wconf 78' lang='lat' dir='ltr'><strong>Plerumque</strong></span> <span class='ocrx_word' id='word_1_348' title='bbox 1005 3999 1095 4046; x_wconf 77' lang='lat' dir='ltr'><strong>magns</strong></span> <span class='ocrx_word' id='word_1_349' title='bbox 1110 3989 1174 4036; x_wconf 79' lang='lat' dir='ltr'><strong>cels·</strong></span> 
     </span>
     <span class='ocr_line' id='line_1_44' title="bbox 1 4048 1273 4114; baseline 0.001 -17"><span class='ocrx_word' id='word_1_350' title='bbox 1 4051 2 4070; x_wconf 66' lang='lat'>¹</span> <span class='ocrx_word' id='word_1_351' title='bbox 117 4055 180 4112; x_wconf 88' lang='lat' dir='ltr'><strong>qood</strong></span> <span class='ocrx_word' id='word_1_352' title='bbox 202 4053 313 4099; x_wconf 74' lang='lat' dir='ltr'><strong>humens</strong></span> <span class='ocrx_word' id='word_1_353' title='bbox 336 4051 418 4098; x_wconf 88' lang='lat' dir='ltr'><strong>omnis</strong></span> <span class='ocrx_word' id='word_1_354' title='bbox 444 4052 509 4098; x_wconf 81' lang='lat' dir='ltr'><strong>mels</strong></span> <span class='ocrx_word' id='word_1_355' title='bbox 534 4055 631 4111; x_wconf 83' lang='lat' dir='ltr'><strong>possent</strong></span> <span class='ocrx_word' id='word_1_356' title='bbox 663 4049 736 4094; x_wconf 78' lang='lat' dir='ltr'><strong>mites</strong></span> <span class='ocrx_word' id='word_1_357' title='bbox 746 4051 828 4096; x_wconf 85' lang='lat' dir='ltr'><strong>omnis</strong></span> <span class='ocrx_word' id='word_1_358' title='bbox 840 4048 897 4114; x_wconf 78' lang='lat' dir='ltr'><strong>jure</strong></span> <span class='ocrx_word' id='word_1_359' title='bbox 908 4051 1174 4108; x_wconf 73' lang='lat' dir='ltr'><strong>confundisseturbst,</strong></span> <span class='ocrx_word' id='word_1_360' title='bbox 1268 4049 1273 4059; x_wconf 85' lang='grc'><em>“</em></span> 
     </span>
     <span class='ocr_line' id='line_1_45' title="bbox 117 4113 1175 4178; baseline -0.001 -16"><span class='ocrx_word' id='word_1_361' title='bbox 117 4113 220 4178; x_wconf 77' lang='lat' dir='ltr'><strong>sujicere</strong></span> <span class='ocrx_word' id='word_1_362' title='bbox 247 4117 280 4163; x_wconf 83' lang='lat' dir='ltr'><strong>sd</strong></span> <span class='ocrx_word' id='word_1_363' title='bbox 301 4121 446 4176; x_wconf 62' lang='lat' dir='ltr'><strong>metentem</strong></span> <span class='ocrx_word' id='word_1_364' title='bbox 464 4115 630 4164; x_wconf 77' lang='lat' dir='ltr'><strong>nummorum</strong></span> <span class='ocrx_word' id='word_1_365' title='bbox 663 4113 1175 4176; x_wconf 74' lang='lat' dir='ltr'><strong>necquisqustnestulliusnislnrgoepro·</strong></span> 
     </span>
     <span class='ocr_line' id='line_1_46' title="bbox 115 4179 1175 4238; baseline -0.001 -11"><span class='ocrx_word' id='word_1_366' title='bbox 115 4179 288 4227; x_wconf 80' lang='lat' dir='ltr'><strong>celsmitstem·</strong></span> <span class='ocrx_word' id='word_1_367' title='bbox 663 4179 768 4238; x_wconf 74' lang='lat' dir='ltr'><strong>priequs</strong></span> <span class='ocrx_word' id='word_1_368' title='bbox 802 4179 887 4226; x_wconf 72' lang='lat' dir='ltr'><strong>ulutls</strong></span> <span class='ocrx_word' id='word_1_369' title='bbox 924 4191 1024 4225; x_wconf 85' lang='lat' dir='ltr'><strong>memor.</strong></span> <span class='ocrx_word' id='word_1_370' title='bbox 1061 4179 1175 4226; x_wconf 76' lang='lat' dir='ltr'><strong>Albinius</strong></span> 
     </span>
     <span class='ocr_line' id='line_1_47' title="bbox 149 4239 1267 4305; baseline 0.002 -15"><span class='ocrx_word' id='word_1_371' title='bbox 149 4243 286 4293; x_wconf 73' lang='lat' dir='ltr'><strong>dl&#39;Sslm</strong></span> <span class='ocrx_word' id='word_1_372' title='bbox 313 4241 382 4288; x_wconf 77' lang='lat' dir='ltr'><strong>eiiam</strong></span> <span class='ocrx_word' id='word_1_373' title='bbox 409 4247 459 4288; x_wconf 78' lang='lat' dir='ltr'><strong>tum</strong></span> <span class='ocrx_word' id='word_1_374' title='bbox 486 4241 630 4305; x_wconf 76' lang='lat' dir='ltr'><strong>discrimine]</strong></span> <span class='ocrx_word' id='word_1_375' title='bbox 663 4243 893 4290; x_wconf 73' lang='lat' dir='ltr'><strong>etiamtumdivins</strong></span> <span class='ocrx_word' id='word_1_376' title='bbox 906 4239 964 4304; x_wconf 83' lang='lat' dir='ltr'><strong>jnrs</strong></span> <span class='ocrx_word' id='word_1_377' title='bbox 977 4243 1022 4290; x_wconf 86' lang='lat' dir='ltr'><strong>sibi</strong></span> <span class='ocrx_word' id='word_1_378' title='bbox 1037 4243 1176 4304; x_wconf 67' lang='lat' dir='ltr'><strong>etquisne·</strong></span> <span class='ocrx_word' id='word_1_379' title='bbox 1265 4264 1267 4268; x_wconf 56' lang='lat'><strong><em>¹</em></strong></span> 
     </span>
     <span class='ocr_line' id='line_1_48' title="bbox 115 4305 989 4368; baseline -0.002 -12"><span class='ocrx_word' id='word_1_380' title='bbox 115 4307 207 4367; x_wconf 78' lang='lat' dir='ltr'><strong>Quum,</strong></span> <span class='ocrx_word' id='word_1_381' title='bbox 220 4310 297 4355; x_wconf 81' lang='lat' dir='ltr'><strong>etism</strong></span> <span class='ocrx_word' id='word_1_382' title='bbox 315 4307 346 4352; x_wconf 85' lang='lat' dir='ltr'><strong>in·</strong></span> <span class='ocrx_word' id='word_1_383' title='bbox 357 4313 425 4353; x_wconf 75' lang='lat' dir='ltr'><strong>tento</strong></span> <span class='ocrx_word' id='word_1_384' title='bbox 442 4308 515 4362; x_wconf 75' lang='lat' dir='ltr'><strong>malo,</strong></span> <span class='ocrx_word' id='word_1_385' title='bbox 525 4320 631 4354; x_wconf 72' lang='lat' dir='ltr'><strong>mere-</strong></span> <span class='ocrx_word' id='word_1_386' title='bbox 663 4305 847 4356; x_wconf 81' lang='lat' dir='ltr'><strong>tessltudinibus</strong></span> <span class='ocrx_word' id='word_1_387' title='bbox 857 4308 989 4368; x_wconf 84' lang='lat' dir='ltr'><strong>sntcponit.</strong></span> 
     </span>
     <span class='ocr_line' id='line_1_49' title="bbox 116 4371 631 4421; baseline 0.002 -4"><span class='ocrx_word' id='word_1_388' title='bbox 116 4379 155 4420; x_wconf 84' lang='lat' dir='ltr'><strong>nu</strong></span> <span class='ocrx_word' id='word_1_389' title='bbox 164 4374 298 4421; x_wconf 70' lang='lat' dir='ltr'><strong>dimirnen</strong></span> <span class='ocrx_word' id='word_1_390' title='bbox 310 4371 446 4418; x_wconf 72' lang='lat' dir='ltr'><strong>diriomm</strong></span> <span class='ocrx_word' id='word_1_391' title='bbox 457 4371 631 4418; x_wconf 76' lang='lat' dir='ltr'><strong>humansrum·</strong></span> 
     </span>
    </p>
   </div>
   <div class='ocr_carea' id='block_1_4' title="bbox 0 0 1540 4924">
    <p class='ocr_par' dir='ltr' id='par_1_6' title="bbox 0 0 1540 4924">
     <span class='ocr_line' id='line_1_50' title="bbox 0 0 1540 4924; baseline 0 0"><span class='ocrx_word' id='word_1_392' title='bbox 0 0 1540 4924; x_wconf 95' lang='lat' dir='ltr'><strong> </strong></span> 
     </span>
    </p>
   </div>
  </div>
 </body>
</html>
