<?xml version="1.0" encoding="UTF-8"?>
<!DOCTYPE html PUBLIC "-//W3C//DTD XHTML 1.0 Transitional//EN"
    "http://www.w3.org/TR/xhtml1/DTD/xhtml1-transitional.dtd">
<html xmlns="http://www.w3.org/1999/xhtml" xml:lang="en" lang="en">
 <head>
  <title>
</title>
<meta http-equiv="Content-Type" content="text/html;charset=utf-8" />
  <meta name='ocr-system' content='tesseract 3.04.00' />
  <meta name='ocr-capabilities' content='ocr_page ocr_carea ocr_par ocr_line ocrx_word'/>
</head>
<body>
  <div class='ocr_page' id='page_1' title='image "./tliviipatavinih02crevgoog_0063.png"; bbox 0 0 2986 4930; ppageno 0'>
   <div class='ocr_carea' id='block_1_1' title="bbox 331 284 993 348">
    <p class='ocr_par' dir='ltr' id='par_1_1' title="bbox 331 284 993 348">
     <span class='ocr_line' id='line_1_1' title="bbox 331 284 993 348; baseline 0 -2"><span class='ocrx_word' id='word_1_1' title='bbox 331 284 370 348; x_wconf 78' lang='lat'>56</span> <span class='ocrx_word' id='word_1_2' title='bbox 721 285 831 346; x_wconf 85' lang='lat' dir='ltr'>Tl&#39;l&#39;l</span> <span class='ocrx_word' id='word_1_3' title='bbox 859 285 993 346; x_wconf 85' lang='lat' dir='ltr'>Llllll</span> 
     </span>
    </p>
   </div>
   <div class='ocr_carea' id='block_1_2' title="bbox 165 448 1387 1043">
    <p class='ocr_par' dir='ltr' id='par_1_2' title="bbox 165 448 1387 1043">
     <span class='ocr_line' id='line_1_2' title="bbox 328 448 1385 534; baseline 0.002 -22"><span class='ocrx_word' id='word_1_4' title='bbox 328 448 405 514; x_wconf 89' lang='lat' dir='ltr'>inde</span> <span class='ocrx_word' id='word_1_5' title='bbox 419 469 653 534; x_wconf 82' lang='lat' dir='ltr'>concursusque</span> <span class='ocrx_word' id='word_1_6' title='bbox 667 449 787 533; x_wconf 88' lang='lat' dir='ltr'>populi,</span> <span class='ocrx_word' id='word_1_7' title='bbox 802 449 983 515; x_wconf 87' lang='lat' dir='ltr'>mirantium</span> <span class='ocrx_word' id='word_1_8' title='bbox 1023 449 1076 514; x_wconf 87' lang='lat' dir='ltr'>uid</span> <span class='ocrx_word' id='word_1_9' title='bbox 1092 451 1137 516; x_wconf 86' lang='lat' dir='ltr'>rei</span> <span class='ocrx_word' id='word_1_10' title='bbox 1152 461 1240 516; x_wconf 83' lang='lat' dir='ltr'>esset.</span> <span class='ocrx_word' id='word_1_11' title='bbox 1278 449 1385 514; x_wconf 81' lang='lat' dir='ltr'>Tanc-</span> 
     </span>
     <span class='ocr_line' id='line_1_3' title="bbox 328 534 1384 624; baseline -0.001 -24"><span class='ocrx_word' id='word_1_12' title='bbox 328 535 394 620; x_wconf 92' lang='lat' dir='ltr'>quil</span> <span class='ocrx_word' id='word_1_13' title='bbox 417 537 498 600; x_wconf 91' lang='lat' dir='ltr'>inter</span> <span class='ocrx_word' id='word_1_14' title='bbox 519 534 688 600; x_wconf 87' lang='lat' dir='ltr'>tumultum</span> <span class='ocrx_word' id='word_1_15' title='bbox 711 535 814 600; x_wconf 86' lang='lat' dir='ltr'>claudi</span> <span class='ocrx_word' id='word_1_16' title='bbox 838 537 955 624; x_wconf 79' lang='lat' dir='ltr'>regiam</span> <span class='ocrx_word' id='word_1_17' title='bbox 974 539 1011 622; x_wconf 93' lang='lat' dir='ltr'>ju</span> <span class='ocrx_word' id='word_1_18' title='bbox 1053 549 1075 612; x_wconf 83' lang='lat' dir='ltr'>t,</span> <span class='ocrx_word' id='word_1_19' title='bbox 1092 535 1227 601; x_wconf 83' lang='lat' dir='ltr'>arbitros</span> <span class='ocrx_word' id='word_1_20' title='bbox 1247 535 1384 622; x_wconf 62' lang='lat' dir='ltr'>ejecisse</span> 
     </span>
     <span class='ocr_line' id='line_1_4' title="bbox 328 620 1387 708; baseline 0.001 -23"><span class='ocrx_word' id='word_1_21' title='bbox 328 620 431 698; x_wconf 88' lang='lat' dir='ltr'>simul,</span> <span class='ocrx_word' id='word_1_22' title='bbox 448 643 519 706; x_wconf 84' lang='lat' dir='ltr'>quae</span> <span class='ocrx_word' id='word_1_23' title='bbox 532 621 674 687; x_wconf 81' lang='lat' dir='ltr'>curando</span> <span class='ocrx_word' id='word_1_24' title='bbox 695 621 818 685; x_wconf 83' lang='lat' dir='ltr'>vulneri</span> <span class='ocrx_word' id='word_1_25' title='bbox 838 643 917 707; x_wconf 91' lang='lat' dir='ltr'>opus</span> <span class='ocrx_word' id='word_1_26' title='bbox 938 635 1020 699; x_wconf 74' lang='lat' dir='ltr'>sunt,</span> <span class='ocrx_word' id='word_1_27' title='bbox 1036 637 1197 708; x_wconf 79' lang='lat' dir='ltr'>tamquam</span> <span class='ocrx_word' id='word_1_28' title='bbox 1219 643 1290 707; x_wconf 88' lang='lat' dir='ltr'>spes</span> <span class='ocrx_word' id='word_1_29' title='bbox 1311 620 1387 686; x_wconf 89' lang='lat' dir='ltr'>sub-</span> 
     </span>
     <span class='ocr_line' id='line_1_5' title="bbox 329 707 1385 794; baseline 0 -22"><span class='ocrx_word' id='word_1_30' title='bbox 329 720 418 784; x_wconf 84' lang='lat' dir='ltr'>esset,</span> <span class='ocrx_word' id='word_1_31' title='bbox 434 707 544 772; x_wconf 88' lang='lat' dir='ltr'>sedulo</span> <span class='ocrx_word' id='word_1_32' title='bbox 565 721 745 793; x_wconf 88' lang='lat' dir='ltr'>comparat:</span> <span class='ocrx_word' id='word_1_33' title='bbox 768 707 871 785; x_wconf 90' lang='lat' dir='ltr'>simul,</span> <span class='ocrx_word' id='word_1_34' title='bbox 888 709 914 771; x_wconf 92' lang='lat' dir='ltr'>si</span> <span class='ocrx_word' id='word_1_35' title='bbox 932 708 1082 774; x_wconf 81' lang='lat' dir='ltr'>destituet</span> <span class='ocrx_word' id='word_1_36' title='bbox 1095 731 1175 794; x_wconf 86' lang='lat' dir='ltr'>spos,</span> <span class='ocrx_word' id='word_1_37' title='bbox 1190 708 1252 772; x_wconf 86' lang='lat' dir='ltr'>ulia</span> <span class='ocrx_word' id='word_1_38' title='bbox 1273 709 1385 793; x_wconf 80' lang='lat' dir='ltr'>praesi·</span> 
     </span>
     <span class='ocr_line' id='line_1_6' title="bbox 167 791 1386 881; baseline 0.002 -25"><span class='ocrx_word' id='word_1_39' title='bbox 167 807 265 856; x_wconf 69' lang='lat' dir='ltr'>sunu·</span> <span class='ocrx_word' id='word_1_40' title='bbox 280 791 383 862; x_wconf 72' lang='lat' dir='ltr'>era-dia</span> <span class='ocrx_word' id='word_1_41' title='bbox 400 793 536 862; x_wconf 90' lang='lat' dir='ltr'>molitur.</span> <span class='ocrx_word' id='word_1_42' title='bbox 582 795 691 858; x_wconf 88' lang='lat' dir='ltr'>Servio</span> <span class='ocrx_word' id='word_1_43' title='bbox 712 815 846 879; x_wconf 84' lang='lat' dir='ltr'>propere</span> <span class='ocrx_word' id='word_1_44' title='bbox 863 795 965 860; x_wconf 82' lang='lat' dir='ltr'>adulto</span> <span class='ocrx_word' id='word_1_45' title='bbox 980 817 1076 880; x_wconf 91' lang='lat' dir='ltr'>quum</span> <span class='ocrx_word' id='word_1_46' title='bbox 1098 817 1179 881; x_wconf 86' lang='lat' dir='ltr'>pene</span> <span class='ocrx_word' id='word_1_47' title='bbox 1192 815 1386 880; x_wconf 77' lang='lat' dir='ltr'>exsanguem</span> 
     </span>
     <span class='ocr_line' id='line_1_7' title="bbox 166 879 1386 961; baseline 0.002 -19"><span class='ocrx_word' id='word_1_48' title='bbox 166 885 312 950; x_wconf 54' lang='lat' dir='ltr'>mmmmm</span> <span class='ocrx_word' id='word_1_49' title='bbox 330 881 433 944; x_wconf 89' lang='lat' dir='ltr'>virum</span> <span class='ocrx_word' id='word_1_50' title='bbox 454 879 660 958; x_wconf 81' lang='lat' dir='ltr'>ostendisset3</span> <span class='ocrx_word' id='word_1_51' title='bbox 683 883 828 944; x_wconf 82' lang='lat' dir='ltr'>dextram</span> <span class='ocrx_word' id='word_1_52' title='bbox 850 893 960 944; x_wconf 86' lang='lat' dir='ltr'>tenens</span> <span class='ocrx_word' id='word_1_53' title='bbox 983 895 1062 961; x_wconf 86' lang='lat' dir='ltr'>orat,</span> <span class='ocrx_word' id='word_1_54' title='bbox 1081 903 1123 946; x_wconf 92' lang='lat' dir='ltr'>ne</span> <span class='ocrx_word' id='word_1_55' title='bbox 1144 881 1277 948; x_wconf 84' lang='lat' dir='ltr'>inultam</span> <span class='ocrx_word' id='word_1_56' title='bbox 1299 902 1386 944; x_wconf 82' lang='lat' dir='ltr'>mor·-</span> 
     </span>
     <span class='ocr_line' id='line_1_8' title="bbox 165 943 1386 1043; baseline -0.001 -12"><span class='ocrx_word' id='word_1_57' title='bbox 165 943 276 999; x_wconf 68' lang='lat' dir='ltr'>⁶¹le</span> <span class='ocrx_word' id='word_1_58' title='bbox 330 979 395 1032; x_wconf 87' lang='lat' dir='ltr'>tem</span> <span class='ocrx_word' id='word_1_59' title='bbox 417 966 527 1043; x_wconf 89' lang='lat' dir='ltr'>soceri,</span> <span class='ocrx_word' id='word_1_60' title='bbox 543 989 583 1030; x_wconf 87' lang='lat' dir='ltr'>ne</span> <span class='ocrx_word' id='word_1_61' title='bbox 600 987 725 1030; x_wconf 89' lang='lat' dir='ltr'>socrum</span> <span class='ocrx_word' id='word_1_62' title='bbox 747 967 881 1030; x_wconf 90' lang='lat' dir='ltr'>inimicis</span> <span class='ocrx_word' id='word_1_63' title='bbox 902 965 1041 1032; x_wconf 91' lang='lat' dir='ltr'>ludibrio</span> <span class='ocrx_word' id='word_1_64' title='bbox 1062 990 1127 1032; x_wconf 87' lang='lat' dir='ltr'>csse</span> <span class='ocrx_word' id='word_1_65' title='bbox 1149 968 1240 1032; x_wconf 89' lang='lat' dir='ltr'>sinat.</span> <span class='ocrx_word' id='word_1_66' title='bbox 1287 967 1386 1030; x_wconf 79' lang='lat' dir='ltr'>Tusco</span> 
     </span>
    </p>
   </div>
   <div class='ocr_carea' id='block_1_3' title="bbox 153 1050 1481 3186">
    <p class='ocr_par' dir='ltr' id='par_1_3' title="bbox 326 1050 1387 1310">
     <span class='ocr_line' id='line_1_9' title="bbox 328 1050 1387 1138; baseline 0.001 -21"><span class='ocrx_word' id='word_1_67' title='bbox 328 1063 382 1129; x_wconf 89' lang='lat' dir='ltr'>est,</span> <span class='ocrx_word' id='word_1_68' title='bbox 401 1050 515 1138; x_wconf 90' lang='lat' dir='ltr'>inquit,</span> <span class='ocrx_word' id='word_1_69' title='bbox 533 1054 630 1128; x_wconf 80' lang='lat' dir='ltr'>Serui,</span> <span class='ocrx_word' id='word_1_70' title='bbox 648 1055 678 1117; x_wconf 86' lang='lat' dir='ltr'>si</span> <span class='ocrx_word' id='word_1_71' title='bbox 698 1055 748 1116; x_wconf 86' lang='lat' dir='ltr'>uir</span> <span class='ocrx_word' id='word_1_72' title='bbox 766 1076 806 1128; x_wconf 87' lang='lat' dir='ltr'>es,</span> <span class='ocrx_word' id='word_1_73' title='bbox 822 1075 967 1137; x_wconf 63' lang='lat' dir='ltr'>regnum·</span> <span class='ocrx_word' id='word_1_74' title='bbox 993 1076 1052 1118; x_wconf 82' lang='lat' dir='ltr'>uon</span> <span class='ocrx_word' id='word_1_75' title='bbox 1072 1075 1183 1130; x_wconf 85' lang='lat' dir='ltr'>eorum,</span> <span class='ocrx_word' id='word_1_76' title='bbox 1199 1055 1253 1138; x_wconf 83' lang='lat' dir='ltr'>qui</span> <span class='ocrx_word' id='word_1_77' title='bbox 1271 1055 1387 1118; x_wconf 85' lang='lat' dir='ltr'>olienis</span> 
     </span>
     <span class='ocr_line' id='line_1_10' title="bbox 326 1138 1386 1224; baseline 0.001 -21"><span class='ocrx_word' id='word_1_78' title='bbox 326 1138 464 1204; x_wconf 80' lang='lat' dir='ltr'>munibus</span> <span class='ocrx_word' id='word_1_79' title='bbox 473 1141 633 1222; x_wconf 84' lang='lat' dir='ltr'>pessimum</span> <span class='ocrx_word' id='word_1_80' title='bbox 635 1139 767 1224; x_wconf 83' lang='lat' dir='ltr'>facinus</span> <span class='ocrx_word' id='word_1_81' title='bbox 764 1139 881 1224; x_wconf 85' lang='lat' dir='ltr'>fecere.</span> <span class='ocrx_word' id='word_1_82' title='bbox 914 1142 1014 1223; x_wconf 85' lang='lat' dir='ltr'>Erige</span> <span class='ocrx_word' id='word_1_83' title='bbox 1027 1150 1067 1217; x_wconf 86' lang='lat' dir='ltr'>te,</span> <span class='ocrx_word' id='word_1_84' title='bbox 1084 1142 1225 1224; x_wconf 84' lang='lat' dir='ltr'>Deosque</span> <span class='ocrx_word' id='word_1_85' title='bbox 1238 1141 1326 1202; x_wconf 82' lang='lat' dir='ltr'>duces</span> <span class='ocrx_word' id='word_1_86' title='bbox 1339 1161 1386 1204; x_wconf 88' lang='lat' dir='ltr'>se·</span> 
     </span>
     <span class='ocr_line' id='line_1_11' title="bbox 327 1224 1387 1310; baseline -0.001 -21"><span class='ocrx_word' id='word_1_87' title='bbox 327 1247 427 1310; x_wconf 82' lang='lat' dir='ltr'>quere,</span> <span class='ocrx_word' id='word_1_88' title='bbox 442 1228 498 1310; x_wconf 87' lang='lat' dir='ltr'>qui</span> <span class='ocrx_word' id='word_1_89' title='bbox 510 1227 624 1288; x_wconf 82' lang='lat' dir='ltr'>clarum</span> <span class='ocrx_word' id='word_1_90' title='bbox 644 1227 699 1288; x_wconf 81' lang='lat' dir='ltr'>loc</span> <span class='ocrx_word' id='word_1_91' title='bbox 707 1224 786 1309; x_wconf 86' lang='lat' dir='ltr'>fure</span> <span class='ocrx_word' id='word_1_92' title='bbox 803 1235 896 1307; x_wconf 84' lang='lat' dir='ltr'>caput</span> <span class='ocrx_word' id='word_1_93' title='bbox 914 1227 1020 1289; x_wconf 82' lang='lat' dir='ltr'>divino</span> <span class='ocrx_word' id='word_1_94' title='bbox 1041 1229 1190 1310; x_wconf 79' lang='lat' dir='ltr'>quondam</span> <span class='ocrx_word' id='word_1_95' title='bbox 1204 1225 1387 1309; x_wconf 72' lang='lat' dir='ltr'>circumfuso</span> 
     </span>
    </p>

    <p class='ocr_par' dir='ltr' id='par_1_4' title="bbox 306 1311 1481 1824">
     <span class='ocr_line' id='line_1_12' title="bbox 326 1311 1388 1400; baseline 0.002 -26"><span class='ocrx_word' id='word_1_96' title='bbox 326 1313 396 1396; x_wconf 83' lang='lat' dir='ltr'>igni</span> <span class='ocrx_word' id='word_1_97' title='bbox 401 1314 632 1395; x_wconf 77' lang='lat' dir='ltr'>portenderunt.</span> <span class='ocrx_word' id='word_1_98' title='bbox 667 1311 758 1374; x_wconf 82' lang='lat' dir='ltr'>Nunc</span> <span class='ocrx_word' id='word_1_99' title='bbox 769 1321 797 1374; x_wconf 83' lang='lat' dir='ltr'>te</span> <span class='ocrx_word' id='word_1_100' title='bbox 808 1313 865 1376; x_wconf 84' lang='lat' dir='ltr'>illa</span> <span class='ocrx_word' id='word_1_101' title='bbox 876 1313 1002 1376; x_wconf 75' lang='lat' dir='ltr'>scelestis</span> <span class='ocrx_word' id='word_1_102' title='bbox 1015 1311 1290 1400; x_wconf 79' lang='lat' dir='ltr'>⁴eseitetflommu.</span> <span class='ocrx_word' id='word_1_103' title='bbox 1305 1333 1388 1376; x_wconf 85' lang='lat' dir='ltr'>nuno</span> 
     </span>
     <span class='ocr_line' id='line_1_13' title="bbox 325 1397 1387 1483; baseline -0.001 -22"><span class='ocrx_word' id='word_1_104' title='bbox 325 1400 532 1483; x_wconf 72' lang='lat' dir='ltr'>expergiscere</span> <span class='ocrx_word' id='word_1_105' title='bbox 543 1419 621 1462; x_wconf 84' lang='lat' dir='ltr'>vere.</span> <span class='ocrx_word' id='word_1_106' title='bbox 650 1397 696 1460; x_wconf 83' lang='lat' dir='ltr'>Et</span> <span class='ocrx_word' id='word_1_107' title='bbox 709 1418 765 1460; x_wconf 86' lang='lat' dir='ltr'>nos</span> <span class='ocrx_word' id='word_1_108' title='bbox 772 1399 934 1482; x_wconf 84' lang='lat' dir='ltr'>peregrini</span> <span class='ocrx_word' id='word_1_109' title='bbox 947 1400 1148 1481; x_wconf 82' lang='lat' dir='ltr'>regnavimus.</span> <span class='ocrx_word' id='word_1_110' title='bbox 1178 1398 1242 1474; x_wconf 79' lang='lat' dir='ltr'>Qui</span> <span class='ocrx_word' id='word_1_111' title='bbox 1255 1400 1307 1474; x_wconf 90' lang='lat' dir='ltr'>sis,</span> <span class='ocrx_word' id='word_1_112' title='bbox 1322 1419 1387 1462; x_wconf 84' lang='lat' dir='ltr'>nou</span> 
     </span>
     <span class='ocr_line' id='line_1_14' title="bbox 325 1483 1481 1566; baseline 0 -18"><span class='ocrx_word' id='word_1_113' title='bbox 325 1485 406 1548; x_wconf 75' lang='lat' dir='ltr'>unde</span> <span class='ocrx_word' id='word_1_114' title='bbox 419 1493 509 1548; x_wconf 71' lang='lat' dir='ltr'>nanc</span> <span class='ocrx_word' id='word_1_115' title='bbox 522 1485 574 1559; x_wconf 85' lang='lat' dir='ltr'>sis,</span> <span class='ocrx_word' id='word_1_116' title='bbox 589 1493 710 1565; x_wconf 76' lang='lat' dir='ltr'>reputa.</span> <span class='ocrx_word' id='word_1_117' title='bbox 736 1483 772 1547; x_wconf 90' lang='lat' dir='ltr'>Si</span> <span class='ocrx_word' id='word_1_118' title='bbox 784 1493 838 1547; x_wconf 83' lang='lat' dir='ltr'>tua</span> <span class='ocrx_word' id='word_1_119' title='bbox 854 1506 889 1546; x_wconf 84' lang='lat' dir='ltr'>re</span> <span class='ocrx_word' id='word_1_120' title='bbox 901 1483 1001 1548; x_wconf 75' lang='lat' dir='ltr'>urbita</span> <span class='ocrx_word' id='word_1_121' title='bbox 1011 1486 1140 1548; x_wconf 84' lang='lat' dir='ltr'>consiliu</span> <span class='ocrx_word' id='word_1_122' title='bbox 1154 1493 1286 1566; x_wconf 77' lang='lat' dir='ltr'>torpent,</span> <span class='ocrx_word' id='word_1_123' title='bbox 1302 1493 1336 1546; x_wconf 89' lang='lat' dir='ltr'>ut</span> <span class='ocrx_word' id='word_1_124' title='bbox 1350 1492 1387 1548; x_wconf 82' lang='lat' dir='ltr'>tu</span> <span class='ocrx_word' id='word_1_125' title='bbox 1480 1533 1481 1536; x_wconf 16' lang='grc' dir='ltr'>η</span> 
     </span>
     <span class='ocr_line' id='line_1_15' title="bbox 324 1567 1387 1655; baseline 0 -21"><span class='ocrx_word' id='word_1_126' title='bbox 324 1591 391 1634; x_wconf 86' lang='lat' dir='ltr'>mec</span> <span class='ocrx_word' id='word_1_127' title='bbox 404 1591 535 1654; x_wconf 79' lang='lat' dir='ltr'>sequere.</span> <span class='ocrx_word' id='word_1_128' title='bbox 563 1567 674 1644; x_wconf 87' lang='lat' dir='ltr'>Quum</span> <span class='ocrx_word' id='word_1_129' title='bbox 689 1567 809 1632; x_wconf 89' lang='lat' dir='ltr'>clamor</span> <span class='ocrx_word' id='word_1_130' title='bbox 823 1569 1008 1655; x_wconf 89' lang='lat' dir='ltr'>inpetusque</span> <span class='ocrx_word' id='word_1_131' title='bbox 1023 1568 1233 1634; x_wconf 87' lang='lat' dir='ltr'>multitudinis</span> <span class='ocrx_word' id='word_1_132' title='bbox 1249 1569 1302 1632; x_wconf 83' lang='lat' dir='ltr'>vix</span> <span class='ocrx_word' id='word_1_133' title='bbox 1316 1591 1387 1634; x_wconf 89' lang='lat' dir='ltr'>sus-</span> 
     </span>
     <span class='ocr_line' id='line_1_16' title="bbox 306 1654 1386 1740; baseline -0.002 -18"><span class='ocrx_word' id='word_1_134' title='bbox 306 1655 419 1722; x_wconf 83' lang='lat' dir='ltr'>&#39;tineri</span> <span class='ocrx_word' id='word_1_135' title='bbox 444 1666 561 1740; x_wconf 89' lang='lat' dir='ltr'>posset,</span> <span class='ocrx_word' id='word_1_136' title='bbox 583 1676 623 1720; x_wconf 84' lang='lat' dir='ltr'>ex</span> <span class='ocrx_word' id='word_1_137' title='bbox 645 1655 808 1738; x_wconf 81' lang='lat' dir='ltr'>superiore</span> <span class='ocrx_word' id='word_1_138' title='bbox 834 1667 923 1738; x_wconf 84' lang='lat' dir='ltr'>purte</span> <span class='ocrx_word' id='word_1_139' title='bbox 948 1655 1064 1720; x_wconf 81' lang='lat' dir='ltr'>sedium</span> <span class='ocrx_word' id='word_1_140' title='bbox 1086 1677 1146 1740; x_wconf 87' lang='lat' dir='ltr'>por</span> <span class='ocrx_word' id='word_1_141' title='bbox 1165 1654 1326 1732; x_wconf 79' lang='lat' dir='ltr'>fenestras,</span> <span class='ocrx_word' id='word_1_142' title='bbox 1350 1656 1386 1720; x_wconf 89' lang='lat' dir='ltr'>in</span> 
     </span>
     <span class='ocr_line' id='line_1_17' title="bbox 323 1739 1384 1824; baseline 0.003 -20"><span class='ocrx_word' id='word_1_143' title='bbox 323 1761 439 1804; x_wconf 82' lang='lat' dir='ltr'>novam</span> <span class='ocrx_word' id='word_1_144' title='bbox 454 1741 536 1806; x_wconf 84' lang='lat' dir='ltr'>viam</span> <span class='ocrx_word' id='word_1_145' title='bbox 550 1761 664 1817; x_wconf 86' lang='lat' dir='ltr'>versas,</span> <span class='ocrx_word' id='word_1_146' title='bbox 680 1739 858 1824; x_wconf 75' lang='lat' dir='ltr'>(habitabat</span> <span class='ocrx_word' id='word_1_147' title='bbox 874 1740 957 1805; x_wconf 88' lang='lat' dir='ltr'>enim</span> <span class='ocrx_word' id='word_1_148' title='bbox 978 1763 1035 1806; x_wconf 86' lang='lat' dir='ltr'>rex</span> <span class='ocrx_word' id='word_1_149' title='bbox 1049 1741 1113 1806; x_wconf 68' lang='lat' dir='ltr'>lad</span> <span class='ocrx_word' id='word_1_150' title='bbox 1126 1741 1216 1806; x_wconf 85' lang='lat' dir='ltr'>Josis</span> <span class='ocrx_word' id='word_1_151' title='bbox 1232 1741 1384 1823; x_wconf 74' lang='lat' dir='ltr'>Statoris)</span> 
     </span>
    </p>

    <p class='ocr_par' dir='ltr' id='par_1_5' title="bbox 225 1825 1386 2690">
     <span class='ocr_line' id='line_1_18' title="bbox 225 1825 1386 1913; baseline -0.005 -19"><span class='ocrx_word' id='word_1_152' title='bbox 225 1884 228 1894; x_wconf 78' lang='grc'>,</span> <span class='ocrx_word' id='word_1_153' title='bbox 322 1825 477 1912; x_wconf 90' lang='lat' dir='ltr'>populum</span> <span class='ocrx_word' id='word_1_154' title='bbox 490 1825 648 1912; x_wconf 80' lang='lat' dir='ltr'>Tanaquil</span> <span class='ocrx_word' id='word_1_155' title='bbox 663 1825 861 1913; x_wconf 75' lang='lat' dir='ltr'>adloquiturt</span> <span class='ocrx_word' id='word_1_156' title='bbox 877 1826 974 1892; x_wconf 86' lang='lat' dir='ltr'>Jubet</span> <span class='ocrx_word' id='word_1_157' title='bbox 985 1829 1061 1891; x_wconf 85' lang='lat' dir='ltr'>bono</span> <span class='ocrx_word' id='word_1_158' title='bbox 1075 1830 1179 1894; x_wconf 83' lang='lat' dir='ltr'>animo</span> <span class='ocrx_word' id='word_1_159' title='bbox 1193 1849 1264 1907; x_wconf 81' lang='lat' dir='ltr'>esse,</span> <span class='ocrx_word' id='word_1_160' title='bbox 1279 1827 1386 1912; x_wconf 52' lang='grc' dir='ltr'>δευρί,</span> 
     </span>
     <span class='ocr_line' id='line_1_19' title="bbox 322 1911 1384 1998; baseline 0.003 -21"><span class='ocrx_word' id='word_1_161' title='bbox 322 1913 493 1998; x_wconf 78' lang='lat' dir='ltr'>tumstrisse</span> <span class='ocrx_word' id='word_1_162' title='bbox 503 1935 601 1996; x_wconf 86' lang='lat' dir='ltr'>regem</span> <span class='ocrx_word' id='word_1_163' title='bbox 611 1911 709 1977; x_wconf 77' lang='lat' dir='ltr'>subito</span> <span class='ocrx_word' id='word_1_164' title='bbox 720 1913 919 1996; x_wconf 76' lang='lat' dir='ltr'>istmfemrm</span> <span class='ocrx_word' id='word_1_165' title='bbox 929 1915 1015 1978; x_wconf 82' lang='lat' dir='ltr'>laud</span> <span class='ocrx_word' id='word_1_166' title='bbox 1027 1917 1090 1978; x_wconf 82' lang='lat' dir='ltr'>ulte</span> <span class='ocrx_word' id='word_1_167' title='bbox 1101 1916 1134 1978; x_wconf 83' lang='lat' dir='ltr'>in</span> <span class='ocrx_word' id='word_1_168' title='bbox 1145 1935 1252 1996; x_wconf 81' lang='lat' dir='ltr'>corpus</span> <span class='ocrx_word' id='word_1_169' title='bbox 1262 1916 1384 1980; x_wconf 84' lang='lat' dir='ltr'>descen·</span> 
     </span>
     <span class='ocr_line' id='line_1_20' title="bbox 322 1999 1384 2083; baseline 0 -15"><span class='ocrx_word' id='word_1_170' title='bbox 322 1999 407 2068; x_wconf 76' lang='lat' dir='ltr'>disse.</span> <span class='ocrx_word' id='word_1_171' title='bbox 420 1999 491 2083; x_wconf 85' lang='lat' dir='ltr'>jam</span> <span class='ocrx_word' id='word_1_172' title='bbox 513 2001 608 2064; x_wconf 83' lang='lat' dir='ltr'>adse</span> <span class='ocrx_word' id='word_1_173' title='bbox 628 2000 750 2064; x_wconf 83' lang='lat' dir='ltr'>redisse.</span> <span class='ocrx_word' id='word_1_174' title='bbox 793 2000 963 2082; x_wconf 82' lang='lat' dir='ltr'>Inspectum</span> <span class='ocrx_word' id='word_1_175' title='bbox 980 2002 1096 2076; x_wconf 77' lang='lat' dir='ltr'>uiduus,</span> <span class='ocrx_word' id='word_1_176' title='bbox 1111 1999 1245 2066; x_wconf 82' lang='lat' dir='ltr'>absterso</span> <span class='ocrx_word' id='word_1_177' title='bbox 1266 2021 1384 2068; x_wconf 69' lang='lat' dir='ltr'>mamre.</span> 
     </span>
     <span class='ocr_line' id='line_1_21' title="bbox 322 2085 1385 2170; baseline 0.001 -20"><span class='ocrx_word' id='word_1_178' title='bbox 322 2087 425 2150; x_wconf 80' lang='lat' dir='ltr'>omniu</span> <span class='ocrx_word' id='word_1_179' title='bbox 444 2085 583 2150; x_wconf 81' lang='lat' dir='ltr'>salubria</span> <span class='ocrx_word' id='word_1_180' title='bbox 597 2107 669 2150; x_wconf 86' lang='lat' dir='ltr'>esse.</span> <span class='ocrx_word' id='word_1_181' title='bbox 691 2086 841 2168; x_wconf 79' lang='lat' dir='ltr'>confidere</span> <span class='ocrx_word' id='word_1_182' title='bbox 856 2107 956 2168; x_wconf 85' lang='lat' dir='ltr'>prope</span> <span class='ocrx_word' id='word_1_183' title='bbox 976 2088 1056 2150; x_wconf 82' lang='lat' dir='ltr'>diem</span> <span class='ocrx_word' id='word_1_184' title='bbox 1077 2089 1173 2170; x_wconf 72' lang='lat' dir='ltr'>ipsum</span> <span class='ocrx_word' id='word_1_185' title='bbox 1188 2108 1237 2152; x_wconf 88' lang='lat' dir='ltr'>eos</span> <span class='ocrx_word' id='word_1_186' title='bbox 1256 2087 1385 2152; x_wconf 81' lang='lat' dir='ltr'>visuros.</span> 
     </span>
     <span class='ocr_line' id='line_1_22' title="bbox 320 2170 1385 2254; baseline 0.004 -19"><span class='ocrx_word' id='word_1_187' title='bbox 320 2171 452 2236; x_wconf 83' lang='lat' dir='ltr'>Interim</span> <span class='ocrx_word' id='word_1_188' title='bbox 479 2171 545 2236; x_wconf 85' lang='lat' dir='ltr'>Ser.</span> <span class='ocrx_word' id='word_1_189' title='bbox 573 2171 678 2234; x_wconf 84' lang='lat' dir='ltr'>Tullio</span> <span class='ocrx_word' id='word_1_190' title='bbox 695 2170 807 2254; x_wconf 85' lang='lat' dir='ltr'>jubere</span> <span class='ocrx_word' id='word_1_191' title='bbox 828 2173 975 2254; x_wconf 84' lang='lat' dir='ltr'>populum</span> <span class='ocrx_word' id='word_1_192' title='bbox 1004 2173 1086 2236; x_wconf 81' lang='lat' dir='ltr'>dicto</span> <span class='ocrx_word' id='word_1_193' title='bbox 1114 2175 1286 2238; x_wconf 68' lang='lat' dir='ltr'>audientes</span> <span class='ocrx_word' id='word_1_194' title='bbox 1310 2195 1385 2240; x_wconf 87' lang='lat' dir='ltr'>esse.</span> 
     </span>
     <span class='ocr_line' id='line_1_23' title="bbox 321 2256 1385 2342; baseline 0.002 -20"><span class='ocrx_word' id='word_1_195' title='bbox 321 2259 402 2322; x_wconf 83' lang='lat' dir='ltr'>Eum</span> <span class='ocrx_word' id='word_1_196' title='bbox 411 2257 492 2342; x_wconf 78' lang='lat' dir='ltr'>jrsrc</span> <span class='ocrx_word' id='word_1_197' title='bbox 507 2259 707 2333; x_wconf 72' lang='lat' dir='ltr'>redditurum,</span> <span class='ocrx_word' id='word_1_198' title='bbox 724 2256 952 2342; x_wconf 75' lang='lat' dir='ltr'>⁷obiturumque</span> <span class='ocrx_word' id='word_1_199' title='bbox 972 2259 1039 2321; x_wconf 82' lang='lat' dir='ltr'>clia</span> <span class='ocrx_word' id='word_1_200' title='bbox 1062 2261 1144 2342; x_wconf 85' lang='lat' dir='ltr'>regis</span> <span class='ocrx_word' id='word_1_201' title='bbox 1164 2261 1269 2322; x_wconf 82' lang='lat' dir='ltr'>munio</span> <span class='ocrx_word' id='word_1_202' title='bbox 1290 2273 1385 2326; x_wconf 63' lang='lat' dir='ltr'>esset.</span> 
     </span>
     <span class='ocr_line' id='line_1_24' title="bbox 323 2341 1385 2432; baseline 0.001 -23"><span class='ocrx_word' id='word_1_203' title='bbox 323 2343 450 2409; x_wconf 84' lang='lat' dir='ltr'>Servius</span> <span class='ocrx_word' id='word_1_204' title='bbox 465 2366 537 2407; x_wconf 93' lang='lat' dir='ltr'>cum</span> <span class='ocrx_word' id='word_1_205' title='bbox 553 2342 687 2407; x_wconf 83' lang='lat' dir='ltr'>⁸trabea</span> <span class='ocrx_word' id='word_1_206' title='bbox 700 2353 731 2406; x_wconf 89' lang='lat' dir='ltr'>et</span> <span class='ocrx_word' id='word_1_207' title='bbox 749 2341 911 2409; x_wconf 84' lang='lat' dir='ltr'>lictoribus</span> <span class='ocrx_word' id='word_1_208' title='bbox 933 2341 1058 2428; x_wconf 80' lang='lat' dir='ltr'>prodit3</span> <span class='ocrx_word' id='word_1_209' title='bbox 1081 2366 1128 2422; x_wconf 88' lang='lat' dir='ltr'>ac,</span> <span class='ocrx_word' id='word_1_210' title='bbox 1144 2344 1218 2410; x_wconf 89' lang='lat' dir='ltr'>sede</span> <span class='ocrx_word' id='word_1_211' title='bbox 1232 2344 1318 2432; x_wconf 84' lang='lat' dir='ltr'>regia</span> <span class='ocrx_word' id='word_1_212' title='bbox 1332 2367 1385 2410; x_wconf 89' lang='lat' dir='ltr'>se·</span> 
     </span>
     <span class='ocr_line' id='line_1_25' title="bbox 320 2427 1386 2518; baseline 0.002 -24"><span class='ocrx_word' id='word_1_213' title='bbox 320 2427 408 2508; x_wconf 88' lang='lat' dir='ltr'>dens,</span> <span class='ocrx_word' id='word_1_214' title='bbox 425 2429 487 2494; x_wconf 76' lang='lat' dir='ltr'>iulia</span> <span class='ocrx_word' id='word_1_215' title='bbox 507 2429 660 2506; x_wconf 84' lang='lat' dir='ltr'>decernit,</span> <span class='ocrx_word' id='word_1_216' title='bbox 677 2428 718 2493; x_wconf 88' lang='lat' dir='ltr'>de</span> <span class='ocrx_word' id='word_1_217' title='bbox 740 2427 808 2494; x_wconf 84' lang='lat' dir='ltr'>aliis</span> <span class='ocrx_word' id='word_1_218' title='bbox 830 2429 1047 2495; x_wconf 87' lang='lat' dir='ltr'>consulturum</span> <span class='ocrx_word' id='word_1_219' title='bbox 1070 2453 1102 2494; x_wconf 89' lang='lat' dir='ltr'>se</span> <span class='ocrx_word' id='word_1_220' title='bbox 1123 2453 1228 2518; x_wconf 84' lang='lat' dir='ltr'>regem</span> <span class='ocrx_word' id='word_1_221' title='bbox 1252 2453 1318 2495; x_wconf 88' lang='lat' dir='ltr'>esse</span> <span class='ocrx_word' id='word_1_222' title='bbox 1341 2433 1386 2496; x_wconf 89' lang='lat' dir='ltr'>si·</span> 
     </span>
     <span class='ocr_line' id='line_1_26' title="bbox 321 2513 1386 2603; baseline 0.002 -23"><span class='ocrx_word' id='word_1_223' title='bbox 321 2515 430 2584; x_wconf 86' lang='lat' dir='ltr'>mulat.</span> <span class='ocrx_word' id='word_1_224' title='bbox 465 2517 588 2602; x_wconf 89' lang='lat' dir='ltr'>ltaque,</span> <span class='ocrx_word' id='word_1_225' title='bbox 604 2537 660 2600; x_wconf 87' lang='lat' dir='ltr'>per</span> <span class='ocrx_word' id='word_1_226' title='bbox 675 2513 795 2602; x_wconf 82' lang='lat' dir='ltr'>aliquot</span> <span class='ocrx_word' id='word_1_227' title='bbox 809 2514 888 2598; x_wconf 85' lang='lat' dir='ltr'>dies,</span> <span class='ocrx_word' id='word_1_228' title='bbox 902 2538 999 2602; x_wconf 90' lang='lat' dir='ltr'>quum</span> <span class='ocrx_word' id='word_1_229' title='bbox 1010 2518 1077 2603; x_wconf 84' lang='lat' dir='ltr'>jam</span> <span class='ocrx_word' id='word_1_230' title='bbox 1093 2517 1283 2602; x_wconf 85' lang='lat' dir='ltr'>exspirasset</span> <span class='ocrx_word' id='word_1_231' title='bbox 1298 2517 1386 2582; x_wconf 80' lang='lat' dir='ltr'>Ter·</span> 
     </span>
     <span class='ocr_line' id='line_1_27' title="bbox 321 2601 1386 2690; baseline 0.003 -23"><span class='ocrx_word' id='word_1_232' title='bbox 321 2602 458 2688; x_wconf 88' lang='lat' dir='ltr'>quinius,</span> <span class='ocrx_word' id='word_1_233' title='bbox 479 2601 581 2668; x_wconf 82' lang='lat' dir='ltr'>celum</span> <span class='ocrx_word' id='word_1_234' title='bbox 603 2618 716 2680; x_wconf 84' lang='lat' dir='ltr'>morte,</span> <span class='ocrx_word' id='word_1_235' title='bbox 739 2623 797 2688; x_wconf 85' lang='lat' dir='ltr'>per</span> <span class='ocrx_word' id='word_1_236' title='bbox 818 2602 951 2688; x_wconf 88' lang='lat' dir='ltr'>speciem</span> <span class='ocrx_word' id='word_1_237' title='bbox 977 2603 1089 2669; x_wconf 83' lang='lat' dir='ltr'>alienae</span> <span class='ocrx_word' id='word_1_238' title='bbox 1113 2603 1283 2690; x_wconf 82' lang='lat' dir='ltr'>iungendoe</span> <span class='ocrx_word' id='word_1_239' title='bbox 1304 2605 1386 2670; x_wconf 86' lang='lat' dir='ltr'>vicis</span> 
     </span>
    </p>

    <p class='ocr_par' dir='ltr' id='par_1_6' title="bbox 156 2686 1385 2774">
     <span class='ocr_line' id='line_1_28' title="bbox 156 2686 1385 2774; baseline 0 -18"><span class='ocrx_word' id='word_1_240' title='bbox 156 2709 288 2760; x_wconf 60' lang='lat' dir='ltr'>meatu</span> <span class='ocrx_word' id='word_1_241' title='bbox 320 2711 392 2756; x_wconf 88' lang='lat' dir='ltr'>suas</span> <span class='ocrx_word' id='word_1_242' title='bbox 413 2711 489 2774; x_wconf 88' lang='lat' dir='ltr'>opes</span> <span class='ocrx_word' id='word_1_243' title='bbox 513 2689 660 2754; x_wconf 83' lang='lat' dir='ltr'>firmavit</span> <span class='ocrx_word' id='word_1_244' title='bbox 683 2700 750 2754; x_wconf 91' lang='lat' dir='ltr'>tum</span> <span class='ocrx_word' id='word_1_245' title='bbox 766 2687 895 2753; x_wconf 89' lang='lat' dir='ltr'>demum</span> <span class='ocrx_word' id='word_1_246' title='bbox 917 2686 1018 2773; x_wconf 90' lang='lat' dir='ltr'>palnm</span> <span class='ocrx_word' id='word_1_247' title='bbox 1043 2689 1135 2768; x_wconf 81' lang='lat' dir='ltr'>fecto,</span> <span class='ocrx_word' id='word_1_248' title='bbox 1151 2703 1184 2754; x_wconf 85' lang='lat' dir='ltr'>ct</span> <span class='ocrx_word' id='word_1_249' title='bbox 1203 2689 1385 2773; x_wconf 89' lang='lat' dir='ltr'>complora-</span> 
     </span>
    </p>

    <p class='ocr_par' dir='ltr' id='par_1_7' title="bbox 155 2773 1386 2862">
     <span class='ocr_line' id='line_1_29' title="bbox 155 2773 1386 2862; baseline -0.001 -21"><span class='ocrx_word' id='word_1_250' title='bbox 155 2774 291 2825; x_wconf 46' lang='grc' dir='ltr'>ΜΛΝ·</span> <span class='ocrx_word' id='word_1_251' title='bbox 322 2775 408 2841; x_wconf 89' lang='lat' dir='ltr'>tione</span> <span class='ocrx_word' id='word_1_252' title='bbox 428 2775 461 2839; x_wconf 91' lang='lat' dir='ltr'>in</span> <span class='ocrx_word' id='word_1_253' title='bbox 486 2777 575 2862; x_wconf 81' lang='lat' dir='ltr'>regia</span> <span class='ocrx_word' id='word_1_254' title='bbox 595 2787 673 2852; x_wconf 88' lang='lat' dir='ltr'>ortu,</span> <span class='ocrx_word' id='word_1_255' title='bbox 699 2774 826 2840; x_wconf 84' lang='lat' dir='ltr'>Servius</span> <span class='ocrx_word' id='word_1_256' title='bbox 851 2773 1001 2859; x_wconf 76' lang='lat' dir='ltr'>praesidio</span> <span class='ocrx_word' id='word_1_257' title='bbox 1023 2774 1115 2840; x_wconf 89' lang='lat' dir='ltr'>firmo</span> <span class='ocrx_word' id='word_1_258' title='bbox 1142 2775 1292 2853; x_wconf 89' lang='lat' dir='ltr'>munitus,</span> <span class='ocrx_word' id='word_1_259' title='bbox 1314 2777 1386 2862; x_wconf 88' lang='lat' dir='ltr'>pri-</span> 
     </span>
    </p>

    <p class='ocr_par' dir='ltr' id='par_1_8' title="bbox 153 2837 1386 2966">
     <span class='ocr_line' id='line_1_30' title="bbox 153 2837 1386 2966; baseline 0 -40"><span class='ocrx_word' id='word_1_260' title='bbox 153 2837 306 2966; x_wconf 51' lang='lat' dir='ltr'>{ffiffig</span> <span class='ocrx_word' id='word_1_261' title='bbox 322 2882 393 2926; x_wconf 89' lang='lat' dir='ltr'>mus</span> <span class='ocrx_word' id='word_1_262' title='bbox 417 2862 538 2946; x_wconf 89' lang='lat' dir='ltr'>injussu</span> <span class='ocrx_word' id='word_1_263' title='bbox 564 2860 685 2946; x_wconf 88' lang='lat' dir='ltr'>populi,</span> <span class='ocrx_word' id='word_1_264' title='bbox 704 2859 867 2924; x_wconf 86' lang='lat' dir='ltr'>voluntate</span> <span class='ocrx_word' id='word_1_265' title='bbox 886 2860 1017 2926; x_wconf 79' lang='lat' dir='ltr'>Petrum</span> <span class='ocrx_word' id='word_1_266' title='bbox 1040 2862 1192 2949; x_wconf 79' lang='lat' dir='ltr'>regnavit.</span> <span class='ocrx_word' id='word_1_267' title='bbox 1236 2861 1320 2932; x_wconf 81' lang='lat' dir='ltr'>Anci</span> <span class='ocrx_word' id='word_1_268' title='bbox 1343 2862 1386 2926; x_wconf 91' lang='lat' dir='ltr'>li-</span> 
     </span>
    </p>

    <p class='ocr_par' dir='ltr' id='par_1_9' title="bbox 154 2943 1386 3186">
     <span class='ocr_line' id='line_1_31' title="bbox 154 2943 1386 3033; baseline 0 -17"><span class='ocrx_word' id='word_1_269' title='bbox 154 2965 306 3032; x_wconf 79' lang='lat' dir='ltr'>nsrsjassus.</span> <span class='ocrx_word' id='word_1_270' title='bbox 323 2946 401 3022; x_wconf 88' lang='lat' dir='ltr'>beri,</span> <span class='ocrx_word' id='word_1_271' title='bbox 423 2947 489 3033; x_wconf 84' lang='lat' dir='ltr'>jum</span> <span class='ocrx_word' id='word_1_272' title='bbox 516 2952 604 3012; x_wconf 66' lang='lat' dir='ltr'>tum*</span> <span class='ocrx_word' id='word_1_273' title='bbox 625 2943 858 3031; x_wconf 85' lang='lat' dir='ltr'>comprehensis</span> <span class='ocrx_word' id='word_1_274' title='bbox 882 2947 1006 3012; x_wconf 88' lang='lat' dir='ltr'>sceleris</span> <span class='ocrx_word' id='word_1_275' title='bbox 1030 2947 1193 3025; x_wconf 86' lang='lat' dir='ltr'>ministris,</span> <span class='ocrx_word' id='word_1_276' title='bbox 1216 2960 1252 3014; x_wconf 91' lang='lat' dir='ltr'>ut</span> <span class='ocrx_word' id='word_1_277' title='bbox 1278 2948 1386 3016; x_wconf 83' lang='lat' dir='ltr'>visere</span> 
     </span>
     <span class='ocr_line' id='line_1_32' title="bbox 319 3031 1385 3121; baseline 0.002 -21"><span class='ocrx_word' id='word_1_278' title='bbox 319 3053 437 3121; x_wconf 84' lang='lat' dir='ltr'>regem,</span> <span class='ocrx_word' id='word_1_279' title='bbox 456 3046 488 3097; x_wconf 89' lang='lat' dir='ltr'>et</span> <span class='ocrx_word' id='word_1_280' title='bbox 510 3045 613 3098; x_wconf 80' lang='lat' dir='ltr'>tentas</span> <span class='ocrx_word' id='word_1_281' title='bbox 635 3053 701 3096; x_wconf 89' lang='lat' dir='ltr'>esse</span> <span class='ocrx_word' id='word_1_282' title='bbox 725 3051 802 3114; x_wconf 89' lang='lat' dir='ltr'>opes</span> <span class='ocrx_word' id='word_1_283' title='bbox 826 3031 927 3096; x_wconf 87' lang='lat' dir='ltr'>Servii</span> <span class='ocrx_word' id='word_1_284' title='bbox 950 3035 1136 3104; x_wconf 85' lang='lat' dir='ltr'>nunciatum</span> <span class='ocrx_word' id='word_1_285' title='bbox 1157 3045 1214 3112; x_wconf 89' lang='lat' dir='ltr'>est,</span> <span class='ocrx_word' id='word_1_286' title='bbox 1232 3035 1385 3104; x_wconf 84' lang='lat' dir='ltr'>Suesssm</span> 
     </span>
     <span class='ocr_line' id='line_1_33' title="bbox 321 3117 821 3186; baseline -0.01 0"><span class='ocrx_word' id='word_1_287' title='bbox 321 3118 498 3186; x_wconf 83' lang='lat' dir='ltr'>Pometiam</span> <span class='ocrx_word' id='word_1_288' title='bbox 513 3119 692 3184; x_wconf 87' lang='lat' dir='ltr'>exsulatum</span> <span class='ocrx_word' id='word_1_289' title='bbox 709 3117 821 3184; x_wconf 86' lang='lat' dir='ltr'>ierant.</span> 
     </span>
    </p>
   </div>
   <div class='ocr_carea' id='block_1_4' title="bbox 447 3259 1247 3324">
    <p class='ocr_par' dir='ltr' id='par_1_10' title="bbox 447 3259 1247 3324">
     <span class='ocr_line' id='line_1_34' title="bbox 447 3259 1247 3324; baseline 0.004 -20"><span class='ocrx_word' id='word_1_290' title='bbox 447 3259 700 3324; x_wconf 53' lang='lat' dir='ltr'>ecflictim-Cres,</span> <span class='ocrx_word' id='word_1_291' title='bbox 792 3261 999 3310; x_wconf 71' lang='lat' dir='ltr'>seeretltaeu.</span> <span class='ocrx_word' id='word_1_292' title='bbox 1091 3259 1247 3308; x_wconf 71' lang='lat' dir='ltr'>remeses</span> 
     </span>
    </p>
   </div>
   <div class='ocr_carea' id='block_1_5' title="bbox 311 3369 1389 4469">
    <p class='ocr_par' dir='ltr' id='par_1_11' title="bbox 313 3369 1387 3629">
     <span class='ocr_line' id='line_1_35' title="bbox 348 3369 1384 3436; baseline 0.002 -16"><span class='ocrx_word' id='word_1_293' title='bbox 348 3372 475 3422; x_wconf 62' lang='lat' dir='ltr'>suscitet</span> <span class='ocrx_word' id='word_1_294' title='bbox 485 3405 567 3422; x_wconf 86' lang='grc'><strong>.....</strong></span> <span class='ocrx_word' id='word_1_295' title='bbox 584 3374 739 3436; x_wconf 73' lang='lat' dir='ltr'>eaepcrglsme</span> <span class='ocrx_word' id='word_1_296' title='bbox 766 3373 830 3436; x_wconf 80' lang='lat' dir='ltr'>nere]</span> <span class='ocrx_word' id='word_1_297' title='bbox 864 3388 921 3422; x_wconf 85' lang='lat' dir='ltr'>nere</span> <span class='ocrx_word' id='word_1_298' title='bbox 943 3375 1058 3435; x_wconf 77' lang='lat' dir='ltr'>versum,</span> <span class='ocrx_word' id='word_1_299' title='bbox 1079 3381 1140 3422; x_wconf 81' lang='lat' dir='ltr'>teste</span> <span class='ocrx_word' id='word_1_300' title='bbox 1162 3374 1246 3422; x_wconf 69' lang='lat' dir='ltr'>euno</span> <span class='ocrx_word' id='word_1_301' title='bbox 1265 3373 1297 3420; x_wconf 83' lang='lat' dir='ltr'>erl</span> <span class='ocrx_word' id='word_1_302' title='bbox 1316 3369 1384 3422; x_wconf 82' lang='lat' dir='ltr'>Vll.</span> 
     </span>
     <span class='ocr_line' id='line_1_36' title="bbox 315 3437 1385 3500; baseline -0.001 -17"><span class='ocrx_word' id='word_1_303' title='bbox 315 3437 447 3500; x_wconf 74' lang='lat' dir='ltr'>Eleganter</span> <span class='ocrx_word' id='word_1_304' title='bbox 464 3441 550 3487; x_wconf 79' lang='lat' dir='ltr'>alludit</span> <span class='ocrx_word' id='word_1_305' title='bbox 572 3440 604 3485; x_wconf 86' lang='lat' dir='ltr'>ad</span> <span class='ocrx_word' id='word_1_306' title='bbox 625 3451 739 3485; x_wconf 87' lang='lat' dir='ltr'>somnum</span> <span class='ocrx_word' id='word_1_307' title='bbox 759 3439 831 3484; x_wconf 85' lang='lat' dir='ltr'>illurn</span> <span class='ocrx_word' id='word_1_308' title='bbox 864 3439 918 3490; x_wconf 76' lang='lat' dir='ltr'>AEn.</span> <span class='ocrx_word' id='word_1_309' title='bbox 930 3455 953 3487; x_wconf 80' lang='lat' dir='ltr'>c.</span> <span class='ocrx_word' id='word_1_310' title='bbox 964 3439 1020 3486; x_wconf 82' lang='lat'>612.</span> <span class='ocrx_word' id='word_1_311' title='bbox 1031 3441 1078 3487; x_wconf 84' lang='lat' dir='ltr'>tris</span> <span class='ocrx_word' id='word_1_312' title='bbox 1088 3439 1147 3486; x_wconf 89' lang='lat' dir='ltr'>dicit</span> <span class='ocrx_word' id='word_1_313' title='bbox 1162 3451 1215 3486; x_wconf 86' lang='lat' dir='ltr'>esse</span> <span class='ocrx_word' id='word_1_314' title='bbox 1229 3449 1318 3499; x_wconf 72' lang='lat' dir='ltr'>geom</span> <span class='ocrx_word' id='word_1_315' title='bbox 1328 3439 1385 3482; x_wconf 80' lang='lat' dir='ltr'>tra-</span> 
     </span>
     <span class='ocr_line' id='line_1_37' title="bbox 314 3498 1386 3564; baseline -0.001 -16"><span class='ocrx_word' id='word_1_316' title='bbox 314 3498 424 3564; x_wconf 85' lang='lat' dir='ltr'>ejuselem</span> <span class='ocrx_word' id='word_1_317' title='bbox 441 3503 518 3550; x_wconf 82' lang='lat' dir='ltr'>Servii</span> <span class='ocrx_word' id='word_1_318' title='bbox 533 3503 610 3564; x_wconf 87' lang='lat' dir='ltr'>puerl,</span> <span class='ocrx_word' id='word_1_319' title='bbox 622 3505 711 3562; x_wconf 85' lang='lat' dir='ltr'>dequo</span> <span class='ocrx_word' id='word_1_320' title='bbox 726 3516 831 3564; x_wconf 81' lang='lat' dir='ltr'>suprec.</span> <span class='ocrx_word' id='word_1_321' title='bbox 863 3505 971 3554; x_wconf 75' lang='lat' dir='ltr'>beatum.</span> <span class='ocrx_word' id='word_1_322' title='bbox 1009 3504 1092 3552; x_wconf 85' lang='lat' dir='ltr'>Unum</span> <span class='ocrx_word' id='word_1_323' title='bbox 1108 3504 1155 3550; x_wconf 88' lang='lat' dir='ltr'>dils</span> <span class='ocrx_word' id='word_1_324' title='bbox 1171 3503 1386 3560; x_wconf 69' lang='lat' dir='ltr'>uentumqucd</span> 
     </span>
     <span class='ocr_line' id='line_1_38' title="bbox 313 3565 1387 3629; baseline -0.003 -15"><span class='ocrx_word' id='word_1_325' title='bbox 313 3567 355 3614; x_wconf 85' lang='grc'>89.</span> <span class='ocrx_word' id='word_1_326' title='bbox 863 3575 900 3615; x_wconf 88' lang='lat' dir='ltr'>est</span> <span class='ocrx_word' id='word_1_327' title='bbox 914 3576 1011 3616; x_wconf 77' lang='lat' dir='ltr'>tantum</span> <span class='ocrx_word' id='word_1_328' title='bbox 1029 3569 1059 3616; x_wconf 83' lang='lat' dir='ltr'>da</span> <span class='ocrx_word' id='word_1_329' title='bbox 1079 3581 1193 3629; x_wconf 84' lang='lat' dir='ltr'>purpura.</span> <span class='ocrx_word' id='word_1_330' title='bbox 1226 3565 1301 3614; x_wconf 80' lang='lat' dir='ltr'>Aliud</span> <span class='ocrx_word' id='word_1_331' title='bbox 1317 3565 1387 3626; x_wconf 73' lang='lat' dir='ltr'>regl-</span> 
     </span>
    </p>

    <p class='ocr_par' dir='ltr' id='par_1_12' title="bbox 311 3631 1389 4079">
     <span class='ocr_line' id='line_1_39' title="bbox 345 3631 1385 3698; baseline -0.003 -19"><span class='ocrx_word' id='word_1_332' title='bbox 345 3631 362 3679; x_wconf 81' lang='grc' dir='ltr'><strong><em>δ</em></strong></span> <span class='ocrx_word' id='word_1_333' title='bbox 378 3631 419 3679; x_wconf 84' lang='lat' dir='ltr'>Ari</span> <span class='ocrx_word' id='word_1_334' title='bbox 427 3633 496 3680; x_wconf 72' lang='lat' dir='ltr'>donis</span> <span class='ocrx_word' id='word_1_335' title='bbox 504 3631 617 3696; x_wconf 75' lang='lat' dir='ltr'>Statoris]</span> <span class='ocrx_word' id='word_1_336' title='bbox 629 3631 721 3679; x_wconf 81' lang='lat' dir='ltr'>llldem.</span> <span class='ocrx_word' id='word_1_337' title='bbox 730 3631 830 3694; x_wconf 78' lang='lat' dir='ltr'>Ellipsis</span> <span class='ocrx_word' id='word_1_338' title='bbox 862 3647 914 3690; x_wconf 85' lang='lat' dir='ltr'>um,</span> <span class='ocrx_word' id='word_1_339' title='bbox 922 3635 987 3698; x_wconf 89' lang='lat' dir='ltr'>quod</span> <span class='ocrx_word' id='word_1_340' title='bbox 997 3639 1034 3680; x_wconf 85' lang='lat' dir='ltr'>est</span> <span class='ocrx_word' id='word_1_341' title='bbox 1045 3645 1202 3694; x_wconf 82' lang='lat' dir='ltr'>purpureum.</span> <span class='ocrx_word' id='word_1_342' title='bbox 1212 3632 1285 3678; x_wconf 82' lang='lat' dir='ltr'>hebet</span> <span class='ocrx_word' id='word_1_343' title='bbox 1295 3635 1385 3676; x_wconf 81' lang='lat' dir='ltr'>temen</span> 
     </span>
     <span class='ocr_line' id='line_1_40' title="bbox 313 3693 1387 3758; baseline -0.002 -15"><span class='ocrx_word' id='word_1_344' title='bbox 313 3696 478 3744; x_wconf 73' lang='lat' dir='ltr'>uuutmima</span> <span class='ocrx_word' id='word_1_345' title='bbox 509 3695 829 3758; x_wconf 75' lang='lat' dir='ltr'>Sicsuprac.83.odMsr·</span> <span class='ocrx_word' id='word_1_346' title='bbox 862 3699 944 3745; x_wconf 84' lang='lat' dir='ltr'>album</span> <span class='ocrx_word' id='word_1_347' title='bbox 963 3699 1061 3757; x_wconf 85' lang='lat' dir='ltr'>sllquid.</span> <span class='ocrx_word' id='word_1_348' title='bbox 1089 3697 1199 3744; x_wconf 83' lang='lat' dir='ltr'>Tertium</span> <span class='ocrx_word' id='word_1_349' title='bbox 1214 3693 1387 3757; x_wconf 43' lang='lat' dir='ltr'>augurale&amp;</span> 
     </span>
     <span class='ocr_line' id='line_1_41' title="bbox 313 3759 1389 3822; baseline -0.004 -16"><span class='ocrx_word' id='word_1_350' title='bbox 313 3761 362 3806; x_wconf 68' lang='grc' dir='ltr'>οἱα.</span> <span class='ocrx_word' id='word_1_351' title='bbox 861 3775 968 3822; x_wconf 87' lang='lat' dir='ltr'>purpura</span> <span class='ocrx_word' id='word_1_352' title='bbox 979 3769 1003 3808; x_wconf 87' lang='lat' dir='ltr'>et</span> <span class='ocrx_word' id='word_1_353' title='bbox 1014 3775 1092 3809; x_wconf 85' lang='lat' dir='ltr'>cocco.</span> <span class='ocrx_word' id='word_1_354' title='bbox 1125 3760 1219 3807; x_wconf 75' lang='lat' dir='ltr'>Troice</span> <span class='ocrx_word' id='word_1_355' title='bbox 1235 3771 1324 3806; x_wconf 87' lang='lat' dir='ltr'>nomen</span> <span class='ocrx_word' id='word_1_356' title='bbox 1341 3759 1389 3804; x_wconf 80' lang='lat' dir='ltr'>in-</span> 
     </span>
     <span class='ocr_line' id='line_1_42' title="bbox 345 3823 1388 3889; baseline -0.006 -17"><span class='ocrx_word' id='word_1_357' title='bbox 345 3824 388 3872; x_wconf 73' lang='lat'>0&#39;</span> <span class='ocrx_word' id='word_1_358' title='bbox 398 3825 516 3889; x_wconf 75' lang='lat' dir='ltr'>Sopitum]</span> <span class='ocrx_word' id='word_1_359' title='bbox 535 3825 584 3872; x_wconf 87' lang='lat' dir='ltr'>Usu</span> <span class='ocrx_word' id='word_1_360' title='bbox 596 3839 712 3872; x_wconf 85' lang='lat' dir='ltr'>sensuum</span> <span class='ocrx_word' id='word_1_361' title='bbox 729 3829 829 3874; x_wconf 85' lang='lat' dir='ltr'>mentis·</span> <span class='ocrx_word' id='word_1_362' title='bbox 862 3827 891 3873; x_wconf 85' lang='lat' dir='ltr'>de</span> <span class='ocrx_word' id='word_1_363' title='bbox 900 3828 975 3873; x_wconf 83' lang='lat' dir='ltr'>luisse</span> <span class='ocrx_word' id='word_1_364' title='bbox 987 3828 1079 3880; x_wconf 82' lang='lat' dir='ltr'>volunt.</span> <span class='ocrx_word' id='word_1_365' title='bbox 1091 3827 1156 3886; x_wconf 85' lang='lat' dir='ltr'>quod</span> <span class='ocrx_word' id='word_1_366' title='bbox 1172 3825 1318 3885; x_wconf 77' lang='lat' dir='ltr'>quibusdem</span> <span class='ocrx_word' id='word_1_367' title='bbox 1330 3823 1388 3870; x_wconf 79' lang='lat' dir='ltr'>vel.</span> 
     </span>
     <span class='ocr_line' id='line_1_43' title="bbox 312 3887 1384 3951; baseline -0.002 -15"><span class='ocrx_word' id='word_1_368' title='bbox 312 3903 360 3949; x_wconf 89' lang='lat' dir='ltr'>que</span> <span class='ocrx_word' id='word_1_369' title='bbox 390 3891 523 3950; x_wconf 75' lang='lat' dir='ltr'>privatum,</span> <span class='ocrx_word' id='word_1_370' title='bbox 542 3891 568 3936; x_wconf 85' lang='lat' dir='ltr'>in</span> <span class='ocrx_word' id='word_1_371' title='bbox 590 3891 723 3951; x_wconf 85' lang='lat' dir='ltr'>deliquium</span> <span class='ocrx_word' id='word_1_372' title='bbox 751 3893 827 3938; x_wconf 83' lang='lat' dir='ltr'>animi</span> <span class='ocrx_word' id='word_1_373' title='bbox 860 3899 888 3940; x_wconf 87' lang='lat' dir='ltr'>ut</span> <span class='ocrx_word' id='word_1_374' title='bbox 910 3891 1019 3948; x_wconf 73' lang='lat' dir='ltr'>erasmo,</span> <span class='ocrx_word' id='word_1_375' title='bbox 1039 3905 1081 3936; x_wconf 84' lang='lat' dir='ltr'>seu</span> <span class='ocrx_word' id='word_1_376' title='bbox 1101 3890 1182 3935; x_wconf 71' lang='lat' dir='ltr'>tuno</span> <span class='ocrx_word' id='word_1_377' title='bbox 1203 3887 1384 3936; x_wconf 72' lang='lat' dir='ltr'>dismsicolorl·</span> 
     </span>
     <span class='ocr_line' id='line_1_44' title="bbox 312 3953 1384 4016; baseline -0.001 -17"><span class='ocrx_word' id='word_1_378' title='bbox 312 3954 415 4014; x_wconf 84' lang='lat' dir='ltr'>lapsum.</span> <span class='ocrx_word' id='word_1_379' title='bbox 450 3953 489 4002; x_wconf 82' lang='lat' dir='ltr'>Sic</span> <span class='ocrx_word' id='word_1_380' title='bbox 504 3955 577 4014; x_wconf 71' lang='lat' dir='ltr'>insta,</span> <span class='ocrx_word' id='word_1_381' title='bbox 591 3953 828 4016; x_wconf 80' lang='lat' dir='ltr'>Vlll.6.1mpuctus</span> <span class='ocrx_word' id='word_1_382' title='bbox 860 3957 1118 4015; x_wconf 72' lang='lat' dir='ltr'>busdiatinguereturs</span> <span class='ocrx_word' id='word_1_383' title='bbox 1144 3955 1209 4013; x_wconf 87' lang='lat' dir='ltr'>quod</span> <span class='ocrx_word' id='word_1_384' title='bbox 1226 3959 1307 3999; x_wconf 68' lang='lat' dir='ltr'>umen</span> <span class='ocrx_word' id='word_1_385' title='bbox 1328 3965 1384 3999; x_wconf 87' lang='lat' dir='ltr'>non</span> 
     </span>
     <span class='ocr_line' id='line_1_45' title="bbox 311 4017 1384 4079; baseline -0.002 -15"><span class='ocrx_word' id='word_1_386' title='bbox 311 4017 358 4064; x_wconf 83' lang='lat' dir='ltr'>imo</span> <span class='ocrx_word' id='word_1_387' title='bbox 368 4019 402 4064; x_wconf 82' lang='lat' dir='ltr'>tta</span> <span class='ocrx_word' id='word_1_388' title='bbox 412 4023 447 4064; x_wconf 84' lang='lat' dir='ltr'>est</span> <span class='ocrx_word' id='word_1_389' title='bbox 456 4031 520 4074; x_wconf 70' lang='lat' dir='ltr'>secu,</span> <span class='ocrx_word' id='word_1_390' title='bbox 532 4023 558 4066; x_wconf 85' lang='lat' dir='ltr'>ut</span> <span class='ocrx_word' id='word_1_391' title='bbox 565 4019 687 4079; x_wconf 79' lang='lat' dir='ltr'>sopiretur.</span> <span class='ocrx_word' id='word_1_392' title='bbox 859 4021 972 4068; x_wconf 85' lang='lat' dir='ltr'>convenit</span> <span class='ocrx_word' id='word_1_393' title='bbox 982 4020 1008 4064; x_wconf 89' lang='lat' dir='ltr'>ln</span> <span class='ocrx_word' id='word_1_394' title='bbox 1019 4033 1073 4068; x_wconf 76' lang='lat' dir='ltr'>eum</span> <span class='ocrx_word' id='word_1_395' title='bbox 1085 4031 1140 4078; x_wconf 65' lang='lat' dir='ltr'>qun</span> <span class='ocrx_word' id='word_1_396' title='bbox 1151 4018 1197 4064; x_wconf 84' lang='lat' dir='ltr'>dlis</span> <span class='ocrx_word' id='word_1_397' title='bbox 1208 4023 1301 4063; x_wconf 72' lang='lat' dir='ltr'>morata</span> <span class='ocrx_word' id='word_1_398' title='bbox 1316 4023 1384 4070; x_wconf 77' lang='lat' dir='ltr'>ent.</span> 
     </span>
    </p>

    <p class='ocr_par' dir='ltr' id='par_1_13' title="bbox 311 4081 1385 4404">
     <span class='ocr_line' id='line_1_46' title="bbox 346 4081 1382 4150; baseline -0.005 -18"><span class='ocrx_word' id='word_1_399' title='bbox 346 4081 546 4144; x_wconf 71' lang='lat' dir='ltr'>ruiturumque</span> <span class='ocrx_word' id='word_1_400' title='bbox 566 4083 613 4130; x_wconf 73' lang='lat' dir='ltr'>assa</span> <span class='ocrx_word' id='word_1_401' title='bbox 641 4085 705 4146; x_wconf 76' lang='lat' dir='ltr'>regis</span> <span class='ocrx_word' id='word_1_402' title='bbox 733 4085 826 4150; x_wconf 78' lang='lat' dir='ltr'>munta]</span> <span class='ocrx_word' id='word_1_403' title='bbox 860 4085 897 4132; x_wconf 80' lang='lat' dir='ltr'>Ee</span> <span class='ocrx_word' id='word_1_404' title='bbox 913 4086 1026 4142; x_wconf 82' lang='lat' dir='ltr'>usi,post</span> <span class='ocrx_word' id='word_1_405' title='bbox 1041 4095 1110 4143; x_wconf 76' lang='lat' dir='ltr'>reges</span> <span class='ocrx_word' id='word_1_406' title='bbox 1128 4088 1235 4139; x_wconf 72' lang='lat' dir='ltr'>eremos,</span> <span class='ocrx_word' id='word_1_407' title='bbox 1254 4081 1382 4136; x_wconf 62' lang='lat' dir='ltr'>connum.</span> 
     </span>
     <span class='ocr_line' id='line_1_47' title="bbox 312 4146 1385 4203; baseline -0.002 -10"><span class='ocrx_word' id='word_1_408' title='bbox 312 4147 402 4193; x_wconf 78' lang='lat' dir='ltr'>Parum</span> <span class='ocrx_word' id='word_1_409' title='bbox 414 4147 521 4194; x_wconf 83' lang='lat' dir='ltr'>interest.</span> <span class='ocrx_word' id='word_1_410' title='bbox 552 4147 599 4198; x_wconf 84' lang='lat' dir='ltr'>Sed</span> <span class='ocrx_word' id='word_1_411' title='bbox 610 4155 692 4196; x_wconf 86' lang='lat' dir='ltr'>tamen</span> <span class='ocrx_word' id='word_1_412' title='bbox 704 4148 756 4196; x_wconf 81' lang='lat' dir='ltr'>Jec.</span> <span class='ocrx_word' id='word_1_413' title='bbox 769 4151 829 4195; x_wconf 86' lang='lat' dir='ltr'>Gro-</span> <span class='ocrx_word' id='word_1_414' title='bbox 861 4151 903 4196; x_wconf 86' lang='lat' dir='ltr'>sed</span> <span class='ocrx_word' id='word_1_415' title='bbox 922 4163 976 4194; x_wconf 86' lang='lat' dir='ltr'>raro</span> <span class='ocrx_word' id='word_1_416' title='bbox 995 4161 1023 4194; x_wconf 87' lang='lat' dir='ltr'>sc</span> <span class='ocrx_word' id='word_1_417' title='bbox 1040 4147 1111 4193; x_wconf 85' lang='lat' dir='ltr'>certis</span> <span class='ocrx_word' id='word_1_418' title='bbox 1130 4146 1306 4203; x_wconf 76' lang='lat' dir='ltr'>messionibus,</span> <span class='ocrx_word' id='word_1_419' title='bbox 1326 4157 1385 4191; x_wconf 72' lang='lat' dir='ltr'>ma-</span> 
     </span>
     <span class='ocr_line' id='line_1_48' title="bbox 312 4210 1384 4274; baseline 0 -18"><span class='ocrx_word' id='word_1_420' title='bbox 312 4211 738 4274; x_wconf 76' lang='lat' dir='ltr'>novimannotsvitqusmplurimos</span> <span class='ocrx_word' id='word_1_421' title='bbox 756 4215 830 4274; x_wconf 80' lang='lat' dir='ltr'>serip-</span> <span class='ocrx_word' id='word_1_422' title='bbox 862 4217 937 4260; x_wconf 87' lang='lat' dir='ltr'>nente</span> <span class='ocrx_word' id='word_1_423' title='bbox 953 4213 1039 4257; x_wconf 80' lang='lat' dir='ltr'>saltem</span> <span class='ocrx_word' id='word_1_424' title='bbox 1059 4211 1198 4270; x_wconf 65' lang='lat' dir='ltr'>republiess</span> <span class='ocrx_word' id='word_1_425' title='bbox 1222 4210 1384 4270; x_wconf 74' lang='lat' dir='ltr'>triumphen-</span> 
     </span>
     <span class='ocr_line' id='line_1_49' title="bbox 312 4275 1382 4340; baseline 0.002 -19"><span class='ocrx_word' id='word_1_426' title='bbox 312 4282 349 4321; x_wconf 87' lang='lat' dir='ltr'>tos</span> <span class='ocrx_word' id='word_1_427' title='bbox 379 4289 499 4336; x_wconf 79' lang='lat' dir='ltr'>apponere</span> <span class='ocrx_word' id='word_1_428' title='bbox 528 4291 591 4326; x_wconf 77' lang='lat' dir='ltr'>esser</span> <span class='ocrx_word' id='word_1_429' title='bbox 622 4281 686 4340; x_wconf 91' lang='lat' dir='ltr'>quod</span> <span class='ocrx_word' id='word_1_430' title='bbox 716 4280 829 4326; x_wconf 82' lang='lat' dir='ltr'>exhibent</span> <span class='ocrx_word' id='word_1_431' title='bbox 862 4286 915 4330; x_wconf 70' lang='lat' dir='ltr'>test</span> <span class='ocrx_word' id='word_1_432' title='bbox 937 4287 1056 4337; x_wconf 71' lang='lat' dir='ltr'>augurest</span> <span class='ocrx_word' id='word_1_433' title='bbox 1080 4275 1190 4335; x_wconf 73' lang='lat' dir='ltr'>Equites.</span> <span class='ocrx_word' id='word_1_434' title='bbox 1207 4276 1233 4320; x_wconf 87' lang='lat' dir='ltr'>in</span> <span class='ocrx_word' id='word_1_435' title='bbox 1252 4279 1382 4323; x_wconf 66' lang='lat' dir='ltr'>trenam·</span> 
     </span>
     <span class='ocr_line' id='line_1_50' title="bbox 311 4338 1330 4404; baseline 0.005 -19"><span class='ocrx_word' id='word_1_436' title='bbox 311 4345 596 4404; x_wconf 80' lang='lat' dir='ltr'>quoquetresenostris.</span> <span class='ocrx_word' id='word_1_437' title='bbox 862 4338 1330 4402; x_wconf 70' lang='lat' dir='ltr'>nonaequorum,1diuusouinttltbus</span> 
     </span>
    </p>

    <p class='ocr_par' dir='ltr' id='par_1_14' title="bbox 343 4405 828 4469">
     <span class='ocr_line' id='line_1_51' title="bbox 343 4405 828 4469; baseline 0.004 -17"><span class='ocrx_word' id='word_1_438' title='bbox 343 4405 359 4464; x_wconf 77' lang='grc' dir='ltr'>β</span> <span class='ocrx_word' id='word_1_439' title='bbox 377 4405 475 4469; x_wconf 63' lang='lat' dir='ltr'>voles]</span> <span class='ocrx_word' id='word_1_440' title='bbox 499 4407 598 4456; x_wconf 80' lang='lat' dir='ltr'>sueton.</span> <span class='ocrx_word' id='word_1_441' title='bbox 618 4409 643 4454; x_wconf 87' lang='lat' dir='ltr'>in</span> <span class='ocrx_word' id='word_1_442' title='bbox 661 4409 722 4456; x_wconf 86' lang='lat' dir='ltr'>libro</span> <span class='ocrx_word' id='word_1_443' title='bbox 739 4410 770 4454; x_wconf 86' lang='lat' dir='ltr'>de</span> <span class='ocrx_word' id='word_1_444' title='bbox 786 4421 828 4467; x_wconf 77' lang='lat' dir='ltr'>gs·</span> 
     </span>
    </p>
   </div>
   <div class='ocr_carea' id='block_1_6' title="bbox 0 2 1498 4930">
    <p class='ocr_par' dir='ltr' id='par_1_15' title="bbox 0 2 1498 4930">
     <span class='ocr_line' id='line_1_52' title="bbox 0 2 1498 4930; baseline 0 3"><span class='ocrx_word' id='word_1_445' title='bbox 0 2 1498 4930; x_wconf 95' lang='lat' dir='ltr'> </span> 
     </span>
    </p>
   </div>
  </div>
 </body>
</html>
