2978 4918
342 227 345 240 ’
455 259 848 326 L1n.11.cnt².xtx.
964 353 973 367 ι
1123 271 1179 326 tos

109 441 161 487 nus
181 419 324 510 plebem
356 439 460 494 metus
484 428 618 508 incessit,
648 443 683 494 ut
708 429 891 494 intentiores
916 439 1021 494 essent
1035 426 1076 493 ad
1091 427 1338 496 dicionem·

110 513 305 592 parendum.
338 535 444 602 neque
471 515 565 594 enim,
592 530 627 581 ut
652 517 685 580 in
707 515 900 594 consulibus,
926 515 981 603 qui
1004 517 1074 602 pari
1105 510 1321 603 potham-

109 609 200 662 estate
215 614 343 678 assent,
356 601 484 666 ulterius
499 601 660 680 auxilium,
679 625 780 690 neque
794 603 981 688 provocatio
1003 616 1088 679 erat;
1121 625 1178 668 ne·

110 703 165 768 que
180 685 291 750 ullum
310 709 459 774 usquam,
471 688 529 752 nisi
545 690 577 752 in
593 711 671 754 cura
683 691 827 776 parendi,
838 688 1005 754 auxilium.
1051 689 1178 755 Sabinis

111 769 199 835 etiam
227 787 364 847 creatus
393 773 505 839 Romae
527 773 665 840 dictator
691 783 742 860 (eo
757 778 858 865 magis
882 775 968 862 qnod
990 789 1123 861 propter
1144 799 1178 843 se

111 871 249 924 creatum
266 859 488 944 crediderant)
504 876 623 926 metum
639 861 778 928 incussit
793 862 899 949 itaque
913 860 1085 949 legatosde
1100 885 1178 948 pace

112 944 251 1011 mittunt.
277 945 408 1033 quibus,
431 948 594 1013 orantibus
616 947 802 1014 dictatorem
826 963 1045 1035 senatumque,
1069 962 1104 1014 ut
1123 971 1177 1014 ve·

112 1029 193 1095 uiam
209 1034 335 1097 erroris
356 1031 538 1099 hominibus
557 1033 809 1114 adolescentibus
830 1034 955 1113 darent,
971 1056 1176 1119 responsum3

113 1119 229 1202 ignosci
242 1121 485 1186 adolescentibus
492 1143 591 1206 posse,
601 1121 720 1187 senibus
730 1143 895 1207 nonposse,
908 1123 963 1206 qui
975 1121 1055 1185 helia
1063 1145 1102 1186 es
1115 1121 1177 1187 bel·

112 1205 150 1268 lis
162 1217 314 1270 sererent.
339 1219 445 1271 actum
469 1221 575 1272 tamen
596 1221 643 1273 est
661 1207 703 1273 de
724 1229 818 1292 pace:
843 1209 1064 1293 inpetrataque
1085 1206 1176 1284 foret,

112 1289 148 1370 si,
163 1293 253 1377 quod
281 1291 424 1378 inpensas
448 1293 567 1359 lactum
593 1293 624 1358 in
648 1292 766 1358 bellum
790 1307 868 1372 erat,
888 1307 1040 1379 praestare
1064 1293 1176 1358 Sabini

115 1375 159 1457 (id
175 1379 263 1443 enim
281 1378 476 1464 postulatum
492 1381 573 1462 erut)
588 1380 621 1443 in
636 1379 778 1445 animum
793 1380 1003 1445 induxissent.
1050 1377 1174 1450 Bellum

112 1462 282 1530 indictum.
298 1466 405 1531 tacitae
421 1466 556 1531 inducite
572 1467 713 1553 quietum
728 1487 847 1531 annum
863 1479 1003 1530 tenuere.
1211 1543 1213 1550 Ι

153 1551 254 1616 ΧΙΧ.
280 1551 436 1618 Consules
464 1553 532 1618 Ser.
557 1551 612 1618 Sul
637 1552 727 1630 icius,
756 1552 813 1617 Μ’.
835 1551 972 1618 Tullius.
997 1551 1079 1632 nihil
1103 1552 1174 1641 dig·
1185 1569 1319 1622 uum

113 1657 189 1701 num
205 1639 493 1704 memoriaactum.
546 1638 588 1704 T.
647 1639 754 1704 botius
775 1639 890 1705 deinde
914 1651 946 1704 et
963 1639 1001 1705 C.
1013 1639 1174 1706 Vetusius.
1184 1641 1214 1684 Α·
1227 1639 1254 1686 ⁰·
1266 1637 1322 1688 ⁴⁰⁸·

114 1721 177 1788 llis
199 1724 386 1790 consulibus
403 1725 532 1791 Fidenoe
553 1726 696 1803 obsessae,
714 1725 933 1791 Crustumeria
955 1738 1058 1812 capta,
1086 1725 1175 1792 Prae-
1272 1787 1275 1794 ,

111 1825 199 1876 neste
227 1810 269 1877 ab
296 1811 422 1877 Latinis
447 1811 488 1877 ad
514 1811 676 1876 Romarm
697 1810 839 1878 descivit.
861 1835 920 1878 nec
946 1811 1029 1877 ultra
1055 1811 1174 1878 bellum

112 1895 281 1975 Latinum,
304 1898 318 1938 ¹
348 1897 461 1963 liscens
484 1898 547 1963 ‘am
593 1920 628 1962 er
653 1897 774 1986 aliquot
798 1921 910 1977 annos,
932 1897 1077 1964 dilatum.
1132 1903 1281 1967 hasnum

111 1983 298 2049 Postumius
312 1921 460 2065 ἕστατον,
475 1921 518 2051 l.
582 1985 688 2049 butius
709 1985 859 2074 magister
880 1985 1033 2074 equiturn,
1051 1986 1241 2075 magnis⁰¹¹¹¹¹
1249 1983 1318 2034 ¹⁸¹¹·

109 2070 371 2222 copiisqpeditum
387 2071 528 2157 equitum
554 2095 592 2136 ue
607 2070 750 2156 profecti,
771 2073 811 2136 ad
833 2070 937 2137 lacum
955 2071 1115 2160 Regillum
1141 2048 1249 2161 infffc„
1261 2113 1317 2164 ,ὀᾶ

110 2179 188 2245 agro
243 2157 396 2223 asculano
410 2157 529 2246 agmini
565 2159 680 2222 ostium
701 2158 920 2224 obcurrerunt.
942 2171 983 2238 et,
1000 2161 1076 2246 quia
1091 2159 1317 2230 Tar-acm.

110 2245 237 2330 quinios
256 2267 323 2309 esse
349 2245 383 2308 in
410 2245 550 2310 exercitu
574 2243 761 2310 Latinorum
782 2244 925 2310 auditum
950 2258 1009 2319 est,
1027 2246 1174 2312 sustineri

110 2332 158 2394 ira
180 2351 248 2394 non
276 2331 393 2418 potuit,
416 2331 494 2417 quin
517 2331 678 2416 extemplo
702 2331 917 2415 confligerent.
963 2330 1053 2420 Ergo
1077 2333 1172 2397 etiam
1183 2345 1311 2409 Pugnant

108 2417 265 2500 proelium
291 2417 498 2504 ¹¹nliquanto,
517 2437 614 2568 puam
638 2429 752 2493 cetera,
766 2417 894 2504 gravius
916 2432 1011 2565 atpue
1036 2418 1174 2483 atrocius
1183 2409 1307 2473 ΜΒΝ

110 2501 181 2570 luit.
203 2525 272 2569 non
287 2503 373 2570 enim
388 2503 517 2568 ducesa
560 2503 731 2592 regendam
758 2503 853 2566 modo
867 2505 954 2567 consi
970 2503 1000 2566 io
1022 2525 1089 2567 rem
1116 2476 1270 2567 ad-¹⁸⁰¹²¹²¹’

108 2587 208 2669 luere,
226 2590 294 2669 sed,
318 2589 343 2629 ¹¹
355 2590 486 2655 suismet
500 2589 575 2676 ipsis
595 2587 780 2676 corporibus
801 2587 997 2668 dimicantes,
1019 2590 1175 2655 miscuere

109 2678 297 2743 certamina.
326 2697 386 2742 nec
409 2677 576 2764 quisquam
597 2691 765 2762 procerum
780 2673 879 2742 ferme
893 2673 954 2738 hac
969 2687 1024 2739 aut
1038 2673 1110 2739 illa·
1131 2697 1173 2742 ex

109 2765 177 2829 scie
201 2765 273 2830 sine
296 2764 439 2842 vulnere,
461 2775 578 2848 praeter
598 2761 784 2828 dictatorem
813 2761 1007 2840 Romanurn,
1030 2763 1175 2827 excessit

109 2848 148 2914 In
171 2851 388 2930 Postumium,
405 2851 509 2936 prima
529 2850 563 2913 in
585 2849 652 2915 acie
675 2872 749 2914 suos
773 2849 997 2914 adhortantem
1017 2848 1176 2914 instruen-

110 2949 248 3026 temque,
278 2935 507 3023 wl'arquinius
531 2936 704 3022 Superbus,
720 2958 812 3023 quum
836 2957 909 3000 uam
931 2935 999 3021 jam
1027 2951 1121 3000 aetate
1144 2948 1177 3000 et

110 3023 231 3090 viribus
257 3037 327 3090 erat
348 3023 487 3112 gravior,
503 3044 620 3110 equum
640 3021 772 3087 infestus
796 2959 942 3087 admisit:
965 3021 1111 3109 ictusque
1133 3021 1175 3086 ab

110 3107 219 3189 latere,
235 3131 398 3177 concursu
413 3131 542 3174 suorum
565 3123 710 3195 receptus
731 3109 764 3172 in
788 3121 892 3174 tutum
915 3119 971 3173 cst.
1017 3107 1061 3188 Et
1075 3106 1113 3171 ad
1130 3110 1176 3172 al-

109 3207 210 3262 terum
227 3219 331 3263 cornu
347 3195 501 3262 AEbutius
525 3195 677 3283 magister
741 3195 842 3260 uitum
863 3195 896 3258 in
912 3193 1083 3259 Octavium
1100 3192 1175 3260 Ma·

109 3283 232 3350 milium
255 3285 288 3348 in
332 3297 404 3350 tum
428 3281 570 3348 dederat.
593 3303 652 3346 nec
667 3279 726 3347 sele
740 3283 777 3347 lit
797 3281 926 3346 veniens
952 3278 1175 3345 Tusculanum

110 3367 240 3436 ducem:
277 3371 287 3410 ¹
313 3383 544 3455 contraquam
569 3367 679 3433 atille
706 3367 843 3434 concitat
869 3388 997 3454 equum.
1024 3377 1174 3452 tantaque

111 3457 155 3522 ris
179 3455 336 3524 ¹¹infestis
360 3455 556 3521 venientium
584 3453 681 3520 hastis
705 3453 775 3535 suit,
791 3467 827 3519 ut
849 3451 1016 3520 brachium
1033 3450 1173 3519 AEbutio

520 3623 677 3674 ltllccGron.
690 3625 759 3675 cm.

110 3805 155 3850 m,
165 3799 194 3842 ut
208 3794 395 3844 movimur
411 3793 437 3840 in
449 3792 551 3840 notio.
561 3793 592 3839 ad
602 3805 624 3838 c.
691 3791 721 3842 12
743 3793 883 3856 rammam
901 3789 1029 3854 Superius]
1055 3787 1175 3848 Dionysio
1215 3843 1216 3849 ¹

110 3857 131 3902 i·
144 3871 224 3920 ιαμ-ι.
656 3859 754 3906 ridetur
765 3858 950 3917 mentastrum
961 3853 1100 3910 scammis,
1112 3851 1172 3898 Tan

140 3922 299 3989 swam]
319 3923 394 3980 Quod
410 3922 504 3970 occulte
518 3921 625 3971 oollsmis
657 3923 769 3984 quinium
789 3923 936 3982 Superbum,
956 3925 1016 3966 tunc
1035 3929 1173 3978 nonagena·

111 3986 344 4050 mbnrparmuu.
657 3989 693 4036 rio
703 3987 853 4047 proximum,
865 3987 890 4032 in
902 3983 1099 4032 sslaaeieiuiase.

141 4049 338 4118 io'Attqrcato]
372 4051 538 4114 Hsurlpcqu.
571 4050 625 4099 Att-
689 4049 721 4099 13
738 4053 826 4100 Cmtrc
844 4047 923 4112 quem]
941 4047 1030 4096 contra
1044 4045 1173 4093 Aibutium

111 4121 216 4173 mium
237 4119 323 4167 haberi
345 4117 419 4165 debet
439 4123 556 4178 tanquam
580 4117 626 4164 ali·
656 4117 708 4178 ipss
726 4128 822 4179 quoque
839 4113 966 4160 Mamilius
983 4124 1076 4173 equum
1092 4110 1173 4160 concis

112 4181 166 4236 nid
182 4185 291 4232 medum
313 4183 380 4230 tuter
397 4181 497 4246 mm
517 4187 543 4228 et
562 4183 624 4229 mut
656 4187 701 4230 tat.

112 4245 165 4294 ¹³·-
690 4243 834 4322 ransart
851 4242 992 4290 wamiam
1008 4239 1093 4304 raso]
1112 4237 1172 4292 our.

141 4309 166 4360 ll
184 4313 287 4362 Suiruet
303 4311 364 4375 ipsit
385 4307 527 4374 corporibus]
559 4309 626 4374 Lege
655 4309 808 4372 dmnscmpti
822 4307 995 4354 amantium.
1029 4303 1172 4376 Undetiro·

109 4379 293 4428 mansonario
305 4379 362 4442 iuri.
397 4377 437 4425 Sic
447 4376 514 4424 culm
530 4389 625 4440 semper
656 4377 744 4422 novius
768 4373 835 4421 haud
861 4369 1051 4431 improbabiliter
1074 4366 1172 4429 conjicit

109 4438 153 4488 irre
163 4441 251 4493 livius.
656 4437 959 4505 lambentiumstuppieeq.

670 4511 754 4567 ’Μ
