3034 4916
337 153 395 219 ⁵94
644 193 649 200 .
714 143 827 206 τιτι
855 143 991 206 u1v1r

176 321 314 374 tac-ssa
339 310 433 380 simul
460 313 629 396 con'spema
656 313 731 376 sunt
759 307 903 376 llnuims
929 307 1030 398 signs,
1055 309 1217 397 extemplo
1240 331 1261 374 a
1286 307 1392 393 primo

177 387 314 440 ΝΜ
341 397 533 468 Samnitium
554 397 679 484 agmine
694 396 733 460 nd
749 397 952 462 novissimum
970 397 1111 464 fremitus
1129 397 1298 484 perfertur,
1313 398 1393 459 Eni-

340 509 387 564 re,
401 488 437 550 id
445 486 524 570 qaod
535 486 702 559 timuerint,
714 483 758 546 ad
771 483 985 568 inpediendam
996 486 1057 549 iter
1067 485 1232 550 Manes.
1267 483 1394 546 Nullam

229 565 235 574 ¹
342 575 416 639 inde
428 570 563 655 nefugae
572 571 691 653 quidem
699 577 811 651 patere
824 572 916 634 mam.
930 571 984 634 illo
997 573 1062 634 loco
1075 580 1130 634 urst
1145 571 1311 634 cudendum
1323 589 1392 644 esse,

341 669 406 734 ortt,
421 659 528 722 stratis
541 656 683 732 tenes,
701 675 760 737 per
772 677 899 738 corpora
912 676 1015 720 comm
1028 659 1221 720 euadendum.

385 742 548 808 XXXVl.
570 741 596 780 ⁴⁰
608 741 646 806 ln
675 740 781 804 medio
809 742 947 806 sarcines
974 743 1161 829 conjiciunt3
1190 741 1303 806 srmsti
1334 742 1395 806 suis

342 831 474 918 quisque
484 827 649 893 ordinibus
663 827 824 892 instruunt
836 827 946 893 aciem.
967 827 1039 892 anr
1055 829 1204 915 exiguum
1218 829 1304 892 inter
1318 827 1396 890 dues

342 917 423 982 acies
443 929 510 980 erat
534 914 681 998 spatium,
701 925 733 978 et
756 913 882 978 steberrt
902 929 1126 999 exspectantes,
1148 914 1225 979 dum
1241 913 1283 978 sb
1297 912 1395 976 hosti·

344 1003 401 1068 bus
415 1004 503 1088 pn'us
515 1001 651 1084 inpetus,
667 1001 756 1082 prius
770 999 889 1065 clamor
900 998 1061 1084 inciperet.
1077 1000 1196 1064 neutris
1210 1001 1337 1066 animus
1351 1011 1395 1064 est

343 1089 384 1154 nd
405 1085 623 1174 pugnandum.
666 1085 854 1172 Diversique
877 1086 990 1172 integri
1011 1101 1106 1174 etque
1121 1087 1230 1152 intacti
1245 1087 1394 1162 abissent,

343 1177 377 1240 ni
392 1174 516 1240 cedenti
530 1175 718 1250 instaturum
743 1171 878 1237 alterurn
893 1173 1076 1238 timuissent.
1099 1195 1154 1237 sus
1177 1185 1292 1260 sponte
1313 1173 1397 1235 inter

344 1261 458 1326 invitos
472 1259 772 1346 tergiversantesque
794 1261 897 1358 segnis
919 1279 1037 1347 pugna,
1053 1259 1189 1324 clamore
1210 1259 1335 1322 incerto
1350 1271 1396 1322 at-

345 1370 406 1433 que
420 1347 534 1430 inpari,
550 1345 664 1429 coepit:
687 1366 746 1408 nec
762 1346 891 1432 vestigio
905 1347 1069 1431 quisquam
1087 1347 1282 1409 movebatur.
1309 1344 1395 1408 Tum

346 1432 455 1500 consul
481 1431 653 1507 Romanus,
671 1444 704 1495 ut
719 1452 785 1494 rem
800 1432 961 1507 excitaret,
976 1431 1118 1517 equitum
1139 1453 1256 1516 paucas
1278 1444 1397 1494 turmns

241 1561 247 1571 ·
344 1537 437 1586 extra
452 1518 594 1582 ordinem
615 1517 750 1580 inmisit:
774 1538 1027 1603 quorumquam
1051 1518 1192 1604 plerique
1213 1517 1334 1601 delapsi
1356 1537 1395 1580 ex

345 1607 433 1694 equis
447 1617 559 1681 essent,
575 1603 673 1668 etalii
688 1603 823 1679 turbati3
845 1619 877 1668 et
891 1603 931 1668 ab
948 1601 1136 1668 Samnitium
1152 1605 1219 1670 acie
1233 1603 1273 1668 ad
1289 1603 1397 1688 obpri-

347 1691 478 1757 mendos
493 1712 556 1767 eos,
572 1690 626 1774 qui
645 1687 832 1766 ceciderunt,
849 1703 882 1753 et
894 1688 934 1756 ud
950 1711 1024 1754 suos
1038 1689 1172 1754 tuendos
1186 1690 1227 1754 ab
1244 1691 1397 1756 Romanis

344 1797 530 1864 procursum
545 1789 602 1840 est.
648 1775 728 1839 Inde
742 1775 917 1859 paullulum
932 1777 1054 1841 irritata
1067 1797 1175 1864 pugne
1189 1789 1247 1852 est,
1268 1775 1322 1839 sed
1344 1776 1398 1840 nli·

345 1879 464 1950 quanto
483 1879 515 1927 et
537 1861 662 1946 inpigre
683 1865 792 1947 magis,
808 1872 841 1924 et
855 1861 961 1946 plures
980 1877 1204 1948 procurrerunt
1221 1864 1396 1928 Samnites:

345 1965 377 2014 et
392 1951 536 2013 turbatus
550 1969 645 2033 eques
660 1947 715 2010 su'a
731 1948 797 2031 ipse
811 1945 950 2011 subsidia
962 1950 1078 2013 territis
1092 1951 1181 2034 equis
1191 1949 1397 2034 proculcavit.

345 2036 422 2100 hinc
436 2033 630 2122 fugacoepte
653 2044 751 2096 totam
777 2033 890 2098 evertit
910 2034 1009 2098 aciem
1030 2035 1219 2102 Romanum.
1264 2036 1399 2120 Jamque

346 2122 379 2186 in
393 2137 483 2209 terge
494 2119 682 2208 fugientium
695 2119 853 2184 Samnites
864 2119 1061 2207 pugnabant,
1074 2141 1169 2208 quum
1181 2121 1306 2198 consul,
1319 2143 1399 2207 equo

345 2221 519 2294 praevectus
533 2207 572 2270 ml
589 2220 713 2290 portam
728 2218 914 2284 castrorum,
927 2228 964 2270 nc
979 2210 1113 2272 statione
1127 2209 1271 2292 equitum
1287 2208 1333 2272 ibi
1344 2208 1399 2269 ob

345 2298 459 2381 posita,
479 2293 656 2378 edictoque,
671 2291 749 2368 41ιιι,
765 2295 940 2377 quietemque
954 2295 998 2357 ad
1018 2297 1130 2358 unllam
1154 2297 1291 2358 tenderet
1301 2299 1325 2374 ¹¹,
1339 2297 1401 2358 sive

346 2383 401 2446 ille
408 2381 646 2455 Romamne
653 2380 866 2457 semetsemet,
873 2380 1200 2464 melancholicus&
1217 2379 1343 2445 ”treci
1368 2401 1401 2442 ss

347 2461 506 2544 minitans,
522 2465 644 2531 obstitit
657 2463 786 2550 profuse
808 2463 1010 2530 tendentibus
1030 2467 1094 2530 suis
1115 2465 1148 2531 in
1174 2479 1286 2531 cestra.
1334 2401 1403 2543 guo

288 2584 291 2592 ·
340 2556 459 2639 pergis,
475 2552 590 2638 inquit,
604 2552 713 2622 miles?
735 2551 930 2616 ethicorum
945 2563 976 2617 et
988 2555 1071 2622 nt'ros
1086 2555 1232 2617 inuenies.
1247 2575 1312 2630 nec,
1335 2556 1402 2617 nino

345 2639 611 2716 mmktmnisi
620 2638 982 2704 nictorcudraiutrabis.
1008 2639 1401 2725 Proindeelige,cumcive,

346 2727 491 2802 sumne,
500 2725 754 2810 pssgnarentalis.
800 2723 885 2790 Haec
894 2722 1021 2789 dicente
1030 2723 1171 2802 consule,
1182 2725 1304 2810 equites
1312 2725 1403 2790 inles-

346 2813 387 2876 tis
401 2809 583 2896 cuspidibus
597 2807 904 2887 circumfunduntur,
921 2831 958 2875 sc
973 2811 1111 2896 peditem
1127 2811 1159 2876 in
1175 2833 1317 2899 pugnum
1332 2810 1403 2875 red·

347 2898 393 2962 ire
401 2899 526 2999 jubent.
572 2895 645 2960 Non
661 2896 760 2959 virtus
781 2895 882 2960 solum
897 2897 1069 2974 consulem,
1085 2897 1138 2962 sed
1159 2898 1223 2962 fors
1237 2899 1331 2974 etiam
1347 2897 1404 2962 ad·

342 2986 443 3070 jnvrt3
465 2981 550 3071 qnod
566 3003 631 3045 nou
653 2980 834 3046 institerunt
856 2982 1025 3062 Samnites,
1039 2985 1172 3068 spatium
1197 3003 1237 3050 ue
1251 2985 1404 3050 circums-

388 3069 445 3134 ndi
469 3070 570 3167 signe,
595 3063 799 3152 vertendique
823 3068 921 3133 aciem
947 3092 967 3133 a
991 3070 1102 3134 cestris
1128 3071 1160 3134 in
1174 3002 1310 3134 lostem
1334 3069 1401 3146 fuit.

346 3091 435 3241 llum
451 3153 503 3219 alit
517 3153 596 3218 elios
615 3152 746 3230 hortari,
769 3167 805 3218 ut
901 3168 1004 3220 terent
1021 3175 1180 3244 pugnam:
1203 3155 1404 3221 centuriones

348 3242 390 3308 ab
412 3239 569 3326 signiferis
594 3253 685 3326 rapta
706 3239 796 3325 signa
812 3175 947 3306 ilsllslre:
970 3256 1001 3306 et
1016 3241 1182 3307 ostendere
1196 3241 1273 3321 suis,
1289 3264 1405 3325 paucos

347 3343 379 3394 et
400 3326 566 3392 ordinibus
592 3319 806 3410 incompositis
824 3325 921 3392 effuse
935 3328 1043 3392 venire
1063 3325 1179 3394 hostes.
1225 3328 1316 3392 Inter
1337 3330 1403 3392 lraec

348 3412 470 3490 consul,
487 3433 598 3476 manus
618 3410 658 3476 ad
679 3409 794 3475 coelum
814 3411 982 3490 adtollens,
998 3435 1074 3478 voce
1088 3413 1184 3495 clera,
1198 3414 1243 3479 ita
1258 3427 1294 3480 ut
1308 3436 1404 3480 exau·

349 3499 484 3580 ditetur,
499 3496 652 3583 templum
666 3496 739 3560 Jovi
763 3497 881 3563 Statori
908 3511 1011 3577 vovet,
1033 3500 1060 3564 si
1082 3501 1272 3565 constitisset
1293 3523 1312 3564 a
1334 3499 1406 3588 fuga

352 3587 500 3654 Romana
513 3585 606 3661 ecies,
623 3581 903 3672 redintegratoque
916 3586 1029 3672 pretio
1044 3585 1205 3652 cecidisset
1219 3586 1406 3672 vicissetque

727 3792 741 3836 Β
752 3801 860 3860 merel
871 3799 946 3848 Gron.
958 3799 1027 3846 Cret.

382 3997 415 4046 so
439 3999 471 4046 ιιι
496 3997 571 4046 maso
596 3999 698 4046 mm
724 3969 861 4061 misus]
893 3999 952 4046 sens
984 3995 1016 4044 as
1040 3995 1127 4042 muna
1153 3991 1262 4041 maeret.
1302 3989 1405 4046 msam

351 4061 416 4122 Lege
426 4077 484 4110 cunr
494 4062 546 4109 dac.
557 4063 692 4111 Gronoticr
707 4061 731 4106 in
742 4061 851 4110 medians.
911 4075 990 4122 unque
1000 4061 1093 4120 scripti,
1103 4066 1128 4106 et
1139 4063 1197 4106 vett.
1206 4053 1266 4104 eniti
1276 4056 1406 4117 pratum

365 4124 412 4172 ·st
434 4126 468 4173 Ut
484 4129 618 4188 qtslctttttqtoe
633 4126 664 4174 ad
678 4125 766 4172 nnllam
780 4139 866 4186 perge·
893 4077 1209 4179 interamnensem

351 4194 394 4246 ret,
405 4221 412 4234 ·
424 4221 432 4238 .
441 4203 486 4250 pro
502 4189 564 4236 burte
577 4189 695 4252 misem]
714 4189 786 4238 Haud
801 4191 865 4238 mul·
929 4187 1052 4238 w'ffloe
1070 4189 1121 4250 ἰμο
1134 4181 1259 4248 maiam]
1275 4185 1337 4232 uec
1347 4184 1407 4256 ¹⁹⁶⁸!

352 4260 405 4301 tum
425 4255 531 4300 interest.
566 4255 612 4302 Sed
633 4255 740 4316 plerique
759 4255 827 4313 editi,
839 4262 864 4302 et
897 4268 953 4320 quse
969 4254 1067 4300 iunoni
1084 4251 1195 4314 equitum
1214 4249 1408 4312 imperinm-

351 4319 446 4366 codices
458 4317 568 4372 licentii,
579 4325 603 4366 et
621 4325 669 4366 tres
685 4331 699 4365 e
714 4320 811 4378 nostris,
820 4320 864 4367 hs·
897 4319 977 4366 uttam
988 4317 1144 4377 tirgientibua·
