3032 4924
460 231 628 292 Linvr.
655 228 843 291 crnxx.
1105 237 1183 298 ¹sm
1226 305 1231 310 .

127 392 216 460 Illud
236 391 414 458 nomadum
430 392 566 470 ridetur,
585 406 619 458 nt
637 393 736 460 sciant
756 392 910 470 homines,
925 413 998 478 quse
1019 401 1050 456 et
1069 405 1225 477 quantae.
1236 413 1261 460 c
1274 413 1332 462 stu

128 481 247 546 decora
262 478 350 544 foeda
364 478 521 563 cupiditas
536 480 623 565 regni
638 479 735 544 alnon
751 480 876 568 ingrata
889 478 1004 555 solum*
1015 477 1070 544 sed
1085 479 1186 544 invisa
1195 479 1224 524 A.
1235 479 1262 526 0·
1274 479 1329 527 ³⁸¹·

127 567 234 645 etiam,
252 565 435 630 reddiderit.
460 565 618 630 Homines
629 589 727 650 prope
738 565 985 652 quadringentos
996 565 1187 650 produxisse

127 653 255 729 dicitur,
287 652 403 738 quibus
420 653 499 716 sine
533 651 657 716 foenore
692 653 880 736 ⁹⁰expensas
916 652 1063 736 pecunias
1098 652 1186 716 tulis·

126 752 192 818 ser,
209 755 347 826 quorum
370 738 455 803 bone
479 741 594 814 venire,
625 759 704 822 qnos
732 738 807 802 duci
836 737 978 802 addictos
1004 737 1184 822 prohibuis-

126 843 183 891 set.
228 825 280 890 Ad
307 823 385 901 haec,
408 823 558 889 ⁹²decora
583 847 709 910 quoque
734 824 808 889 belli
837 847 899 888 non
924 845 1186 890 commemorasse
1226 821 1230 830 ’

127 926 264 990 tantum,
280 911 334 976 sed
357 911 525 996 protulisse
546 911 639 975 etium
663 911 903 996 conspicienda3
925 909 1026 994 spolia
1045 909 1185 978 hostiurn

111 1021 283 1064 -caesorum
298 996 339 1062 ad
354 997 496 1084 triginta,
506 997 591 1061 dona
605 1000 831 1082 imperatorum
846 999 886 1062 sd
902 998 1129 1086 quadraginta:
1152 1000 1187 1064 in

126 1085 245 1172 quibus
259 1084 397 1171 insigues
412 1083 490 1150 duas
504 1084 531 1122 ⁹¹
541 1084 678 1148 murales
692 1085 837 1164 coronas,
852 1085 965 1148 civicas
976 1098 1060 1151 octo.
1096 1084 1123 1124 ⁹³
1133 1085 1186 1150 Ad

125 1173 204 1236 haec·
218 1185 360 1236 servatos
374 1193 415 1234 ex
429 1170 569 1244 hostibus
590 1170 674 1236 cives
696 1169 897 1256 produxisse3
920 1171 1002 1235 inter
1016 1193 1097 1257 quos
1110 1171 1136 1210 ⁹⁴
1147 1171 1186 1235 C.

128 1257 299 1324 Servilium
329 1257 514 1345 magistrum
584 1258 684 1322 uituru
714 1259 874 1321 absentem
906 1259 1117 1322 nominatum.
1155 1271 1187 1323 et

127 1365 227 1432 quum
243 1366 280 1408 ea
294 1349 431 1430 quoque,
447 1365 519 1430 quae
533 1279 619 1407 sellio
637 1359 726 1430 gesta
739 1356 852 1420 essent,
867 1365 926 1429 pro
940 1341 1065 1432 fastigio
1079 1365 1185 1409 rerum

128 1431 276 1495 oratione
290 1429 384 1494 etium
396 1430 575 1530 magnilica,
591 1429 673 1494 facta
688 1429 955 1516 dictisoequando,
971 1443 1186 1507 memorasset,

127 1517 267 1582 nudasse
302 1530 412 1602 pectus
447 1516 572 1598 insigne
606 1516 805 1581 cicatricibus
842 1515 925 1580 bello
960 1518 1115 1601 acceptis3
1156 1532 1188 1582 et

128 1602 325 1688 idemtidem,
349 1602 542 1688 Capitolium
566 1615 719 1686 spectans,
735 1602 846 1667 Jovem
863 1603 1012 1690 Deosque
1032 1603 1110 1668 elios
1131 1603 1187 1667 de-

129 1712 255 1755 vocasse
277 1689 316 1754 nd
341 1689 494 1754 currilium
510 1687 706 1754 fortunarum
714 1691 866 1754 suarum:
888 1704 1094 1777 precatusque
1108 1709 1186 1768 esso,

128 1792 173 1853 ut,
203 1797 301 1863 quam
331 1790 468 1840 mentem
494 1774 552 1839 sibi
578 1775 791 1860 Capitolinam
816 1797 920 1840 arcem
970 1778 1124 1865 rotegenti
1146 1778 1187 1840 ad

128 1863 261 1928 salutem
282 1861 392 1948 populi
419 1861 555 1926 Romani
578 1862 745 1939 dedissent,
767 1883 835 1926 eam
855 1797 976 1948 popul)
993 1863 1187 1930 Romanuin

129 1971 186 2016 suo
200 1949 385 2014 discrimine
403 1948 530 2012 dorent:
554 1963 585 2012 et
607 1970 711 2012 orasse
733 1951 873 2036 singulos
896 1949 1133 2037 universosque,
1154 1965 1188 2016 ut

131 2035 325 2122 Capitulium
350 2047 448 2121 atque
462 2055 567 2099 arcem
581 2035 757 2112 intuentes,
774 2051 810 2100 nt
833 2035 874 2100 ad
903 2035 990 2098 Deos
1007 2037 1189 2102 inmortales

128 2125 220 2201 versi,
236 2122 278 2187 de
292 2145 326 2186 se
334 2121 527 2208 judicarent.
565 2119 603 2184 In
617 2121 741 2206 Campo
753 2121 874 2186 Martio
885 2143 982 2208 quum
996 2123 1022 2162 ⁹⁵
1031 2124 1188 2188 centuria·

129 2209 184 2273 tim
218 2207 357 2294 popalus
392 2208 555 2288 citaretur,
585 2221 617 2276 et
652 2230 733 2285 rcus,
767 2208 807 2271 sd
846 2206 1042 2292 Capitolium
1074 2231 1187 2274 manus

130 2295 272 2372 tendens,
293 2296 335 2358 eb
359 2293 539 2360 hominibus
554 2292 594 2356 ad
610 2293 696 2357 Deos
709 2315 818 2378 preces
839 2293 1018 2370 avertissetr
1042 2294 1187 2379 adparuit

130 2383 278 2462 tribunis,
299 2381 361 2446 nisi
383 2383 492 2446 oculos
507 2401 632 2466 quoqne
654 2379 819 2444 hominum
841 2380 1024 2445 liberassent
1045 2382 1086 2445 ab
1109 2385 1186 2446 tanti

128 2469 283 2533 memoria
296 2467 430 2544 decoris,
446 2487 619 2551 numquam
640 2463 708 2532 fore
729 2467 761 2529 in
783 2467 1012 2552 praeoccupatis
1033 2465 1188 2532 beneficio

130 2556 242 2620 animis
257 2575 333 2618 vero
348 2552 473 2619 crimini
490 2551 604 2618 iocum.
649 2553 699 2618 Ita
712 2553 857 2639 prodicta
869 2553 931 2633 die,
947 2553 979 2616 in
993 2553 1187 2620 Poetelinum

159 2791 191 2838 89
208 2791 267 2838 Nea
278 2793 374 2850 lagrrota
386 2791 474 2838 mlum.
487 2823 494 2838 .
506 2791 643 2855 reddiderit]
677 2806 767 2848 emuna,
780 2806 827 2854 qua
835 2793 970 2840 donabatur
985 2794 1016 2838 ab
1035 2793 1188 2853 imperatore,

130 2855 186 2902 Non
205 2857 286 2902 solum
302 2857 383 2903 fructu
402 2858 488 2918 gratie
504 2858 535 2903 iis
556 2857 644 2903 debite
676 2858 719 2920 qni
736 2859 829 2918 primns
851 2870 949 2904 murum
972 2857 1095 2916 subiisset,
1116 2857 1189 2918 inque

128 2920 266 2978 privaverit.
314 2921 441 2980 Ingratum
473 2921 513 2968 hic
540 2922 646 2969 sumitur
676 2923 794 2983 oppidum
813 2921 921 2969 hostium
939 2922 1052 2982 pervim
1070 2919 1189 2968 amendi·-

130 2984 266 3038 «ὠκύς
283 2997 328 3046 pro
342 2999 373 3032 so
388 2985 428 3032 cul
443 2985 580 3046 grstiamn
591 2999 645 3046 per·
677 2995 721 3036 aet.
753 2987 925 3048 idcircoquasi
943 2987 1008 3034 muri
1027 2987 1189 3047 piunirdscc·

129 3049 238 3096 sairitur.
676 3058 729 3100 rata
754 3058 813 3098 erat.
858 3051 921 3098 Fieri
948 3066 978 3098 ex
1004 3065 1064 3100 auro
1090 3053 1190 3100 solebat.

162 3113 195 3161 90
209 3113 331 3174 Eaperras
347 3115 573 3180 pererraturum]
599 3117 642 3164 Pe·
678 3117 759 3165 crofeo
791 3129 873 3163 corona
905 3117 1078 3176 appellabatur,
1114 3131 1189 3177 quam

129 3179 228 3225 maiam
255 3179 367 3226 dedisset.
416 3179 551 3239 Εψοηιιιιι
575 3181 645 3242 ferre
676 3181 736 3228 ciris
757 3181 813 3235 ciri,
840 3195 855 3228 a
876 3195 925 3241 quo
949 3177 1058 3228 servatus
1084 3188 1135 3228 erat
1163 3181 1188 3227 in

129 3251 165 3290 ast
184 3243 210 3288 in
230 3243 325 3290 tubulas
344 3244 436 3304 accepti
453 3251 478 3290 et
496 3246 643 3305 expensire·
676 3245 768 3306 prelio,
789 3251 876 3296 testem
898 3246 955 3292 vitre
979 3246 1111 3306 salutisque
1134 3260 1189 3307 psa·
1285 3285 1287 3290 .

128 3307 280 3368 immutat
295 3309 381 3354 datum
396 3320 425 3354 ac
442 3310 566 3356 salutumr
584 3311 644 3364 sive,
676 3316 753 3370 cepte
779 3310 859 3356 mbas
903 3308 940 3356 Ea
967 3311 1038 3358 flebat
1065 3323 1079 3356 e
1105 3311 1190 3358 fronde

129 3377 157 3417 ut
174 3372 247 3418 hebet
265 3371 645 3420 Ascon.in111⁸⁰¹coutraver-
677 3375 827 3434 querna‚rei
841 3374 938 3434 ilignea.
970 3372 1025 3421 Vid-
1045 3377 1075 3424 A.
1090 3376 1189 3422 Gelil.

129 3449 191 3493 reru,
218 3437 322 3483 ecriirers
346 3447 372 3482 se
396 3439 522 3498 pccumm
544 3439 645 3491 dedisse.
678 3437 1069 3488 V-c-detPiinAAEVLci.

130 3499 241 3547 Sumitur
258 3500 400 3562 simpliciter
419 3501 645 3562 promiseram
709 3501 742 3550 98
756 3501 797 3548 Ad
822 3499 1015 3550 hoec....ciuer
1036 3503 1187 3567 productus]

125 3565 258 3624 pecuniam.
676 3565 740 3614 Olim
758 3565 880 3627 producit.
921 3567 1029 3614 Mutavit
1048 3568 1189 3616 Bhenanus.

160 3629 191 3676 sl
216 3629 308 3676 Desara
336 3643 422 3690 quoqu
447 3627 510 3692 seut]
544 3631 582 3678 Dc
606 3631 645 3678 his
677 3629 737 3691 Legi
755 3643 852 3691 quoque
867 3627 942 3692 jussit
964 3632 1076 3692 Sigonius
1094 3632 1124 3678 ad
1142 3631 1190 3678 iloec

129 3691 216 3740 Manlii
226 3694 352 3742 ᾱοωιίῑιιιι
363 3694 413 3756 agii
427 3708 523 3756 quuqin
540 3695 643 3755 Plinius,
677 3694 826 3754 procilos:
843 3695 1077 3756 perrodiscriminer
1095 3697 1137 3743 sed
1153 3703 1190 3744 ts·
1271 3735 1277 3748 .

131 3757 195 3804 iiiut
215 3755 274 3804 Nat.
292 3757 467 3807 evinces.
499 3760 529 3807 in
546 3761 644 3821 quibus·
676 3773 730 3806 men
741 3759 825 3806 inritis
835 3760 948 3808 omnibus
960 3761 1047 3807 nostris
1059 3761 1130 3808 MSS.

128 3822 549 3884 dsmdimntiteLivio,quoedam
567 3825 643 3880 addit,
708 3823 741 3871 94
768 3823 798 3871 C.
818 3823 945 3871 Seruilium
965 3825 1105 3886 angistrum
1128 3826 1190 3886 equi·

127 3899 184 3946 qure
200 3897 272 3934 nosse
288 3899 368 3948 opere
387 3892 491 3948 pretium
511 3890 550 3935 sit.
582 3888 646 3936 Ante
677 3888 739 3952 lum]
759 3889 807 3943 Qui
831 3891 946 3950 magister
969 3889 1079 3950 equitum
1102 3889 1190 3940 iuerat.

129 3947 242 3998 &dmum
255 3953 379 4012 septimam
388 3953 646 4015 amase,tnquir,tr'aa
678 3953 781 4000 Camillo
807 3953 932 4008 dictatore,
952 3961 1020 4000 sextu
1043 3959 1099 4000 uate
1116 3966 1190 4001 anno.

129 4019 219 4076 ceperat
231 4015 313 4076 spoils·
346 4014 445 4062 Prinlsr
460 4019 564 4064 maniam
580 4031 645 4078 eques
677 4015 732 4066 vid.
743 4031 816 4078 snpra
833 4033 854 4066 c.
871 4018 894 4064 2.
906 4017 998 4065 Plinius
1009 4031 1066 4064 eum
1077 4025 1147 4066 vocat
1158 4017 1190 4064 P.

129 4089 235 4126 mmm
251 4077 363 4136 maculem
378 4086 502 4140 strepant,
525 4081 569 4129 Vi.
587 4082 647 4129 civil
677 4081 811 4130 Seruiliam.
1081 4093 1083 4099 '

130 4141 647 4199 m‚1xxvll.rona=1x111.crcarrsm
709 4145 742 4193 96
770 4145 936 4211 Centuriatlm]
974 4145 1099 4194 Judicium
1137 4161 1192 4208 per·

130 4205 223 4256 adsum
241 4219 336 4267 corpore
354 4213 487 4272 amparet:
511 4209 545 4258 P.
567 4210 648 4258 Serul-
679 4209 805 4257 duellionis
819 4210 958 4258 centuriatis
975 4212 1080 4258 comitiis
1097 4225 1191 4260 exerce-

130 4270 188 4319 lism
213 4272 357 4335 nugidrpm
380 4275 483 4335 cqsllm
508 4277 647 4334 manual,
678 4276 757 4321 batur.
790 4275 864 4321 Aliud
875 4276 1015 4338 exemplum
1031 4283 1111 4323 uetat
1127 4277 1192 4338 apud

132 4336 178 4394 lprr
188 4337 324 4384 volmarus
333 4334 455 4384 humet
465 4351 492 4383 ae
512 4352 585 4385 emar.
679 4345 798 4396 nmirum,
810 4341 827 4387 1.
840 4337 933 4386 xuni.
946 4355 966 4388 c·
979 4339 1017 4387 lit

162 4398 193 4447 92
209 4399 323 4448 riardo
341 4399 445 4463 comas]
503 4401 578 4448 oralia
594 4409 645 4450 erat

735 4467 826 4531 nbc
