2978 4918
424 239 518 300 ura.
538 239 579 300 11.
607 241 709 300 cnr.
726 205 820 300 ¹xm.
1115 249 1156 310 97

82 397 195 467 dextrae
210 421 336 490 manus
352 423 536 492 cognomen
552 403 697 484 inditum,
713 403 808 491 iegati
823 425 842 468 a
859 401 997 470 Porsena
1013 403 1150 472 Romam
1163 431 1228 478 uc.
1240 431 1296 480 eta

81 490 168 555 secuti
184 487 278 556 sunt·
327 485 428 555 Adeo
457 498 596 556 moverat
619 514 693 556 eum
717 505 748 556 et
770 491 867 576 primi
891 491 1025 578 periculi
1049 497 1293 572 casus,¹¹u⁰·⁵⁰⁶·

81 597 135 662 quo
156 575 243 640 nihii
260 601 297 642 se
314 589 439 661 praeter
453 578 591 642 errorem
607 577 800 643 insidiatoris
815 579 953 656 texisset,
969 592 1000 644 et
1014 563 1303 672 subeon-mmm&

80 663 114 728 da
136 663 311 728 dimicatio
343 663 451 744 toti'es,
480 679 557 752 quot
586 665 741 751 conjurati
772 678 980 752 superessent,
1005 679 1039 730 ut
1064 639 1268 752 pacispw'³¹

81 749 281 816 conditiones
303 749 436 816 ”uitro
445 745 539 815 ferret
558 751 721 816 Romanis.
765 751 925 818 iactatam
940 753 971 816 in
995 753 1152 820 conditio-

81 837 169 902 nibus
194 837 427 924 nequidquam
449 836 489 901 de
512 837 696 924 Tarquiniis
725 838 757 902 in
781 853 915 927 regnum
938 839 1151 918 restituendis,

81 923 175 1013 magis
198 923 284 1012 quia
318 925 351 988 id
387 945 505 1012 negare
531 925 599 1010 ipse
628 925 812 1011 nequiverat
838 924 1033 1012 Tarquiniis,
1055 949 1151 1014 quam

101 1014 160 1076 uod
177 1025 341 1098 negatum
366 1011 406 1074 iri
428 1011 488 1075 sibi
509 1010 550 1076 ab
573 1011 729 1076 Romanis
750 1012 925 1100 ignoraret.
970 1013 1151 1096 ³⁰Deegro
1222 1035 1225 1044 ’

81 1032 272 1163 ieimtibus
288 1096 486 1180 restituendo
511 1097 726 1184 inpetratum:
750 1121 959 1185 expressaque
984 1101 1152 1165 necessitas

83 1183 208 1250 obsides
232 1184 333 1248 dandi
351 1183 517 1264 Romanis,
534 1185 559 1246 si
580 1184 728 1249 Janiculo
749 1185 934 1270 praesidium
956 1185 1072 1251 deduci
1088 1187 1153 1252 vel·

22 1281 23 1301 ³
84 1269 156 1336 lent.
217 1271 283 1336 His
298 1266 536 1336 conditionibus
552 1271 728 1356 composita
742 1291 830 1356 pace,
847 1272 1023 1336 exereitum
1039 1271 1080 1337 ab
1095 1273 1152 1338 Ja-

85 1357 190 1422 nicuio
205 1357 346 1422 deduxit
373 1355 521 1434 Porsena,
537 1370 567 1421 et
583 1379 661 1446 agro
685 1355 833 1423 Romano
848 1357 992 1422 excessit.
1040 1358 1152 1424 Patres

86 1443 123 1509 C.
137 1443 257 1509 Mucio
273 1442 400 1508 virtutis
412 1465 522 1508 caussa
536 1459 624 1508 trans
640 1443 784 1508 Tiberim
800 1466 912 1533 agrurn
925 1443 1012 1509 dono
1023 1445 1151 1530 dedere,

86 1551 153 1616 quae
169 1543 286 1617 postea
301 1541 376 1594 sunt
392 1528 504 1594 Mucia
518 1544 609 1616 prata
625 1527 792 1616 adpeiiata.
838 1529 937 1619 Ergo,
954 1533 998 1596 ita
1012 1531 1149 1598 honora·

86 1617 273 1693 tenetote,
303 1615 432 1680 feminae
461 1637 588 1702 quoque
617 1615 658 1682 ad
687 1617 816 1703 publica
845 1617 961 1683 decora
990 1619 1150 1684 excitatae.

87 1702 141 1768 Et¹
157 1700 283 1769 Cloelia
297 1703 398 1786 virgo,
416 1723 480 1766 una
501 1725 541 1766 ex
564 1701 737 1781 obsidibus,
754 1725 851 1790 quum
874 1717 976 1770 castra
997 1705 1252 1778 Etrusco-oen.

85 1811 151 1854 rum
169 1790 255 1856 iorte
269 1789 357 1854 harrd
374 1787 484 1874 procul
511 1789 582 1875 ripa
596 1788 724 1854 Tiberis
747 1789 850 1854 locata
872 1805 986 1874 essent,
1000 1789 1152 1860 frustrata

24 1877 25 1880 ’
86 1875 242 1958 custodes,
258 1877 326 1941 dux
341 1876 477 1964 agminis
492 1876 650 1960 virginum
666 1876 749 1941 inter
764 1877 828 1941 teia
850 1876 988 1942 bostium
1005 1879 1152 1946 Tiberim

86 1965 238 2030 tranavit:
264 1965 462 2050 sospitesque
483 1983 594 2028 omnes
618 1963 754 2028 Romam
778 1963 1039 2052 adpropinquas
1062 1967 1151 2040 resti-

83 2053 152 2117 tuit.
198 2051 302 2128 Quod
330 2047 386 2114 ubi
414 2049 483 2136 regi
505 2050 691 2114 nunciatum
716 2063 773 2127 est,
792 2053 897 2136 primo
923 2051 1067 2118 incensus
1092 2055 1150 2134 ira,

84 2151 225 2202 oratores
243 2137 382 2202 Romam
399 2135 487 2200 misit
500 2135 541 2200 ad
558 2133 706 2201 Cloeliam
730 2136 875 2202 obsidem
897 2137 1132 2224 deposcendum
1142 2166 1152 2220 3

84 2223 156 2288 alias
172 2224 261 2289 haud
284 2221 395 2312 magni
420 2221 539 2288 secere:
567 2221 683 2287 deinde
705 2225 739 2288 in
765 2223 1008 2291 admirationem
1031 2249 1150 2308 versus,

82 2333 171 2394 supra
200 2311 336 2378 Coclites
351 2309 532 2394 Muciosque
554 2308 659 2375 dicere
682 2311 717 2374 iu
725 2311 859 2396 sociare
884 2335 954 2389 esse,
977 2327 1007 2378 et
1030 2334 1097 2398 prae
1118 2338 1152 2378 se

82 2395 171 2475 ferre,
188 2395 453 2486 quemadmodum,
465 2399 494 2460 ri
507 2419 566 2459 non
582 2397 713 2460 dedatur
728 2397 818 2474 obses,
829 2420 892 2482 pro
907 2409 998 2482 rupto
1011 2421 1043 2462 se
1041 2401 1152 2486 soedus

82 2485 280 2556 iabiturum,·
314 2486 360 2548 sic
389 2481 536 2560 deditum,
567 2484 748 2547 inuiolatam
774 2485 818 2546 ad
849 2505 916 2546 suos
948 2485 1151 2548 remissurum.

82 2567 257 2657 Utrimque
272 2568 416 2635 constitit
430 2567 529 2632 fides:
553 2586 586 2634 et
598 2567 734 2633 Romani
749 2569 866 2658 pignus
882 2569 968 2654 pacis
983 2593 1021 2634 ex
1032 2568 1152 2634 foedere
1206 2571 1210 2580 “

80 2658 306 2722 restituerunt:
323 2668 363 2720 'et
378 2651 466 2740 apud
489 2677 594 2739 regem
612 2655 783 2722 Etruscum
799 2677 863 2720 non
881 2653 1078 2732 torosulum,
1096 2655 1151 2722 sed

80 2739 238 2810 honorata
253 2743 362 2820 etiam,
382 2743 484 2836 virtus
498 2739 574 2806 tuit:
598 2739 823 2830 laudatamque
846 2742 1000 2830 virginem
1027 2742 1050 2782 ⁸¹
1060 2755 1152 2830 parte

477 2903 529 2959 'Et
539 2913 586 2960 del.
600 2915 674 2959 Gran.
688 2915 758 2961 Crev.

77 3059 127 3106 wie
148 3062 171 3108 is
192 3069 233 3110 est
254 3062 299 3122 qui
325 3063 424 3110 sinistre
451 3075 535 3117 mmo,
558 3075 602 3123 pro
634 3063 700 3109 milis
719 3063 801 3110 addita
816 3067 897 3108 tantm
916 3061 1011 3108 emetur.
1046 3061 1086 3109 Sic·
1104 3061 1151 3107 boe

77 3125 174 3182 duma,
186 3127 282 3174 utiturr
299 3140 316 3173 a
329 3127 417 3176 Graeco
429 3125 521 3183 aaa,
532 3129 602 3175 risio
634 3128 687 3174 loeo
698 3127 825 3174 dimidiam
841 3126 953 3174 obsidum
971 3131 1065 3188 purtem
1077 3127 1149 3174 intei-

77 3191 119 3237 Β·
379 3201 385 3212 ’
633 3192 742 3254 ligimus,
755 3189 882 3238 carattere
898 3188 999 3237 dimidia
1015 3205 1071 3252 pars
1082 3189 1151 3238 addi-

107 3255 142 3302 79
163 3251 599 3320 uum1vianor.s9.aue.⁵.t1.
634 3262 659 3303 te
679 3262 761 3302 totum
785 3257 897 3302 ediceret.
932 3253 971 3302 Sic
986 3255 1049 3302 inire
1069 3269 1090 3303 e.
1110 3253 1149 3302 41.

106 3319 141 3366 so
159 3320 198 3368 ne
209 3321 285 3384 egro]
301 3322 377 3371 iilum
394 3333 482 3384 epum
498 3322 601 3383 Dionys.
633 3321 676 3368 ubi
692 3321 807 3368 dicuntur
828 3319 880 3368 dae
894 3321 950 3381 agri
963 3323 1044 3382 paries
1060 3320 1154 3366 Herm·

75 3382 144 3428 tv.
169 3385 247 3432 tandit
263 3387 399 3436 vocitatam
417 3388 493 3434 turrae
509 3386 602 3446 Septem
633 3385 669 3432 eu
689 3385 809 3446 adempte,
828 3385 992 3446 intelligendae
1014 3391 1072 3430 sunt
1093 3385 1150 3432 dua

69 3459 169 3508 me
186 3462 274 3510 quom,
285 3453 371 3499 eodm
387 3459 413 3500 et
429 3451 559 3499 Plutarcho
575 3451 600 3498 in
634 3451 712 3496 tertite
729 3455 819 3509 partes,
836 3451 924 3510 quibus
940 3463 990 3496 unu
1005 3449 1085 3496 adhue
1102 3455 1150 3495 ter-

75 3509 150 3560 Rom.
174 3508 290 3569 moun.
312 3515 460 3564 Veientibus
482 3516 602 3562 Romulus
634 3515 668 3561 tie
684 3513 838 3574 parssddita
854 3519 933 3560 totum
950 3513 1061 3560 efficeret
1095 3512 1150 3566 Quo

74 3577 212 3625 mm
246 3579 313 3627 sum
327 3581 383 3639 eibi,
395 3594 445 3628 non
456 3580 602 3628 Veientibus
634 3579 733 3638 quidem
744 3579 769 3624 iu
782 3579 834 3626 ioco
845 3591 883 3624 res
895 3577 1092 3624 manifestissime
1102 3583 1150 3636 est,

74 3643 145 3690 reddi
163 3643 474 3708 postulati’oreenupud
488 3645 603 3706 Dionysi·
633 3657 711 3704 quum
733 3643 818 3690 eodem
840 3643 918 3704 rapite
939 3639 1068 3706 objiciatur
1090 3639 1149 3690 Cas·

76 3717 128 3751 tm·
163 3707 526 3770 Quodqutdemnonabhorra
537 3721 604 3768 aare
634 3709 680 3767 rio,
696 3708 738 3768 qai
757 3707 814 3754 duae
831 3707 885 3754 titas
902 3709 955 3767 egri
967 3711 1049 3768 parter
1060 3705 1151 3754 lierni·

77 3781 206 3833 'usquam
218 3773 271 3833 ipse
279 3771 364 3822 Livius
374 3773 521 3836 iudaeis.
533 3775 602 3820 nulla
634 3773 668 3820 cis
689 3773 822 3828 ademerat,
845 3773 910 3834 quod
932 3772 963 3817 iis
983 3771 1076 3816 mium
1097 3774 1151 3833 agri

77 3830 225 3887 Veientium
252 3837 318 3886 ineu
344 3839 479 3894 mentione,
503 3851 559 3886 eum
588 3852 602 3885 ι
629 3841 723 3898 portem
753 3837 893 3884 reddiderit.
942 3835 1069 3890 Quomodo
1110 3838 1150 3884 bic

79 3898 184 3950 Pateria
196 3903 338 3952 restitutum
350 3900 471 3952 Romanis
481 3907 569 3952 narret·
634 3916 682 3952 vox
693 3905 763 3962 porte
776 3903 886 3950 obsolute
903 3901 1001 3962 ponitur
1017 3913 1061 3960 pro
1079 3897 1149 3948 dimo

111 3963 142 4014 st
161 3965 237 4014 nare
254 3967 358 4016 Mum
380 3979 405 4016 er
424 3960 510 4016 donare
527 3965 589 4030 dieii
634 3966 673 4013 diu
684 3969 763 4028 parre,
774 3966 809 4012 sie
820 3971 845 4013 et
861 3965 1009 4029 apudOvid.
1021 3965 1038 4012 1.
1050 3963 1083 4009 V.
1096 3963 1151 4012 Me-

82 4026 160 4082 Qm
175 4029 265 4094 bute?
292 4033 393 4096 Nempe
410 4031 519 4080 dimidie.
554 4029 592 4078 Ub
634 4028 798 4080 emam
832 4031 915 4092 Neque
927 4027 1002 4076 aditae
1015 4031 1079 4090 epeia
1092 4041 1151 4090 par.

83 4095 147 4142 rerbn
163 4111 224 4160 porr
243 4103 268 4146 et
283 4103 368 4162 parter
390 4099 426 4144 ita
447 4098 473 4144 in
493 4098 602 4145 oratione
634 4099 662 4142 te.
695 4095 753 4142 Jam
771 4095 960 4156 ceresaliquam
978 4099 1072 4154 portem
1085 4093 1153 4141 bibe-

87 4169 211 4222 mutue,
222 4171 249 4212 ut
266 4171 343 4212 eertae
354 4161 506 4224 quemme
522 4165 601 4209 deter-
633 4165 681 4220 rat,
692 4167 720 4209 ut
730 4173 759 4208 ex
769 4165 886 4208 contextu
905 4158 1049 4206 nandonis
1065 4165 1150 4220 patet3

88 4223 177 4280 must·
206 4219 341 4294 portiones¹
362 4227 437 4274 'dniri
461 4225 601 4285 uideamur,
633 4231 659 4271 et
677 4225 788 4272 nondum
804 4223 931 4270 dimidiam
950 4227 1053 4283 purtem
1086 4221 1153 4272 Vide
1213 4263 1217 4270 .

89 4299 125 4338 me
141 4299 220 4348 tmen
243 4294 340 4346 diserte
362 4291 501 4356 extriieetur
520 4287 603 4353 quaies
635 4293 660 4336 et
676 4291 753 4352 epigr.
764 4287 895 4348 Martialis,
907 4288 973 4350 quod
988 4294 1025 4333 est
1037 4284 1075 4337 24»
1087 4287 1104 4334 i.
1116 4285 1151 4335 11.

86 4353 126 4408 ib
143 4371 222 4426 pute·
244 4365 317 4418 unu
350 4363 410 4406 eum
439 4346 603 4418 usurpare
636 4352 743 4402 mimus
765 4353 906 4413 exemptum
924 4351 972 4400 vn.
995 4351 1059 4397 intra
1075 4349 1152 4400 vui.

84 4435 129 4476 rent
141 4439 220 4495 pm
236 4423 382 4495 ejusmodi,
399 4421 489 4482 quibus
505 4418 554 4468 und
570 4421 602 4466 si·
637 4417 659 4466 de

114 4519 175 4568 roa
191 4522 216 4568 ι.
681 4503 706 4546 ¹1
