3056 4928
472 211 567 276 Lla.
587 214 657 276 v11.
685 215 789 277 CAP.
810 216 848 276 X.
1126 222 1186 286 409

132 389 249 447 sortem
263 375 394 462 periculi
408 389 514 478 petere
527 375 656 444 nollent.
672 390 739 444 tum
751 377 794 444 T.
806 377 956 456 Manlius,
973 377 1015 444 L.
1024 375 1118 456 lilius,
1129 377 1184 465 qui
1193 391 1222 439 u.
1234 392 1261 439 c
1272 392 1328 442 eat

130 476 253 547 patrem
277 485 295 527 a
315 477 480 528 vexatione
500 464 670 530 tribunicia
692 464 913 546 vindicaverat,
928 487 969 529 ex
990 465 1124 530 statione
1144 457 1224 566 adlsl·
1237 457 1329 507 0³⁶⁸·

131 550 316 614 dictatorem
330 550 452 638 pergit:
467 550 589 635 Irp‘usut
601 561 664 631 tuo,
679 551 792 636 inquit,
808 553 984 635 imperator,
999 561 1087 618 cetra
1101 553 1185 616 ordi·
1192 522 1319 634 clim*

131 657 197 700 rtem
219 657 379 720 numquam
392 639 604 722 magnamini,
620 658 680 701 non
698 639 727 702 si
744 648 855 702 certam
877 640 1034 704 uictoriam
1055 639 1321 704 uideam.'r.uan1u

133 721 171 785 st
190 732 225 786 tu
242 725 411 805 permittis,
426 725 492 788 uolo
513 745 567 808 ego
588 725 639 788 itti
659 723 766 788 bellue
786 727 949 801 ostendere,
965 726 1087 809 quaudo
1108 717 1336 788 adsumme

118 808 218 891 seron
233 811 400 891 praemltot
420 809 547 874 bostium
565 811 671 894 signis,
685 831 731 874 me
743 832 781 874 ee
794 833 831 874 eo
840 810 975 894 firmilio
995 820 1103 886 mum,
1119 831 1187 894 qua
1277 857 1281 866 -

135 893 298 958 Gallorum
322 917 430 979 agmen
452 917 490 958 uc
510 917 586 978 rupe
609 895 745 978 Tarpeia
771 895 888 980 dq'ecr't.
933 895 1019 962 Tum
1040 895 1186 970 dictator,

133 979 241 1044 Macte
262 982 384 1058 uirtute,
405 981 519 1067 inquit,
540 1003 577 1044 ac
595 984 714 1064 pietate
735 984 768 1046 io
784 993 907 1064 putrem
923 985 1130 1067 patriumque,
1150 984 1188 1048 T.

133 1065 251 1142 Manli,
266 1076 339 1130 esto.
374 1069 485 1151 Perge,
502 1077 532 1132 et
546 1089 652 1132 nomeu
665 1069 835 1132 &manum
851 1067 1190 1152 inviumjooantitm

132 1153 219 1229 Diis,
240 1163 370 1234 presta.
414 1156 552 1218 Armant
576 1153 650 1218 inde
668 1155 816 1240 juvenem
839 1155 986 1241 oequalcs.
1007 1153 1190 1239 “pedestre

133 1250 257 1302 scutum
272 1240 367 1323 capit,
382 1237 569 1322 “Hispano
604 1239 611 1252 '
660 1239 722 1304 'tur
741 1239 859 1326 gladio,
874 1240 914 1304 ad
937 1241 1117 1324 propiorem
1132 1239 1189 1304 ba·
1241 1283 1247 1293 ·

133 1321 188 1386 bili
216 1345 368 1472 puppam.
411 1325 580 1390 Armatam
610 1339 859 1412 comatumque
884 1325 1031 1392 adversus
1057 1325 1187 1390 Gallum

132 1408 245 1474 stolide
270 1422 378 1486 aetum,
390 1423 420 1475 et
432 1412 594 1497 (quoniam
610 1411 641 1474 id
656 1433 782 1498 quoque
798 1413 947 1477 memoria
960 1412 1093 1499 dignum
1107 1414 1189 1478 anti·

132 1495 203 1582 quis
218 1497 320 1560 visum
336 1497 395 1577 est)
411 1496 550 1583 linguam
566 1497 660 1562 etiam
675 1497 716 1561 ab
734 1497 832 1562 inrisu
846 1511 1054 1576 exserentem,
1069 1499 1189 1582 produ-

132 1593 218 1647 cunt
265 1581 436 1667 Recipiunt
451 1581 523 1646 inde
537 1583 625 1648 seed
640 1583 823 1648 stationem:
846 1598 877 1648 et
891 1583 956 1648 duo
971 1585 1003 1646 in
1020 1583 1124 1650 medio
1138 1606 1189 1650 ar·

131 1667 220 1744 mati,
234 1667 438 1752 “spectaculi
454 1668 552 1756 magis
569 1689 665 1746 more,
678 1691 771 1754 quam
784 1669 854 1756 lege
866 1669 949 1748 belli,
964 1669 1187 1748 destituuntur,

132 1776 331 1854 nequaquam
348 1754 414 1818 visu
434 1776 472 1818 ac
488 1757 590 1840 specie
611 1754 840 1820 aestimantibus
858 1778 960 1843 pares.
1005 1757 1131 1840 Corpus
1145 1757 1189 1820 al·

132 1853 192 1906 terr
220 1841 436 1924 magnitudine
464 1841 627 1920 eximium,
656 1840 834 1906 versicolori
862 1858 949 1908 veste
977 1843 1130 1928 pictisque
1158 1855 1208 1908 et·

131 1949 212 1991 auro
226 1925 343 1991 caelatis
360 1925 516 2011 refulgens
530 1929 647 1992 armis:
671 1929 773 1992 media
794 1929 825 1992 in
848 1927 948 1997 altero
970 1929 1112 1994 militaris
1127 1942 1189 1994 sta·

133 2027 215 2090 tura,
231 2011 416 2098 modicaque
430 2013 463 2076 in
477 2013 572 2077 armis
587 2012 743 2078 habilibus
757 2015 857 2103 magis
871 2037 965 2101 quam
981 2015 1104 2080 decoris
1118 2037 1188 2100 spe·
1291 2079 1293 2082 ,

132 2099 208 2164 cies.
232 2121 295 2162 non
310 2111 509 2180 cantunaco
532 2098 698 2164 exsultatio
712 2121 936 2186 armorumque
953 2101 1084 2187 agitatio
1098 2123 1189 2181 vana,

133 2184 188 2249 scd
206 2200 326 2270 pectus,
341 2183 518 2250 animorum
542 2185 660 2270 iraeque
682 2186 786 2250 tacitae
806 2185 944 2270 plenum,
960 2209 1086 2250 omnem
1109 2185 1189 2251 fero-

133 2271 215 2335 ciam
229 2271 262 2334 in
278 2270 445 2334 discrimen
464 2270 567 2355 ipsum
583 2271 762 2335 certaminis
774 2270 948 2335 distulerat.
994 2271 1059 2336 Ubi
1074 2274 1189 2337 consti-

134 2369 200 2422 tere
221 2359 304 2420 inter
321 2357 401 2421 duas
423 2355 514 2435 acies,
529 2368 576 2420 tot
590 2357 673 2421 circa
693 2355 872 2421 mortalium
887 2356 1001 2422 animis
1020 2379 1075 2440 ape
1089 2371 1191 2423 metu·

157 2465 196 2522 pe
223 2442 446 2528 pendentibus,
474 2439 597 2522 Gallus,
623 2442 707 2507 velut
737 2441 833 2506 moles
861 2463 995 2527 superne
1022 2442 1190 2521 inminens,

171 2531 313 2614 proJecto
342 2527 422 2594 lseve
446 2541 545 2604 scuto,
567 2528 599 2591 in
625 2528 818 2593 advenientia
843 2549 930 2592 arma
953 2527 1051 2594 hostis
1075 2549 1191 2594 vanum

135 2613 273 2680 ”cresim
290 2637 364 2680 cum
384 2614 504 2738 inppnti
526 2613 629 2678 sonitu
644 2636 748 2679 cosam
764 2614 886 2700 dejecit.
933 2613 1106 2690 Romanus,
1121 2635 1192 2678 mu·

136 2722 231 2766 crona
255 2701 411 2778 subrecto,
461 2721 559 2787 quum
587 2717 677 2767 acuto
705 2713 855 2766 scutum·
871 2701 967 2765 imum
998 2699 1191 2786 perculisset,

485 2873 505 2902 ¹
515 2875 604 2918 muro
614 2877 676 2920 acuto
686 2873 760 2921 Gran.
773 2873 842 2922 Crsv.

168 3037 503 3106 bss'l'rdortrcseutumooplt]
514 3039 649 3102 l‘roparma
680 3054 723 3088 um
745 3040 889 3102 pedeauem.
904 3041 947 3102 qul
964 3043 1074 3089 diversus
1092 3045 1143 3088 erat
1162 3039 1193 3088 eb

137 3103 263 3158 nimirum,
274 3117 347 3164 quam
360 3105 452 3165 equites
467 3107 587 3164 gerebant.
611 3105 649 3152 De
680 3105 798 3166 equestri:
817 3119 893 3166 quum
912 3113 995 3153 autem
1011 3107 1054 3152 illo
1072 3119 1125 3152 aevo
1145 3119 1193 3166 quc

136 3179 222 3226 panna
232 3169 280 3214 vid.
292 3176 342 3216 not.
353 3168 429 3218 ἴω
440 3168 528 3218 lV.88·
537 3171 558 3230 †
566 3171 594 3216 ln
603 3170 649 3216 bac
680 3171 797 3216 sedbebat
807 3170 989 3231 Quadrigarius,
999 3171 1093 3231 gladius
1105 3169 1194 3216 Roma·

135 3243 218 3292 pugna
234 3233 389 3280 describenda
404 3240 500 3282 secutus
516 3239 552 3280 eat
565 3234 649 3280 blvlua
680 3247 768 3280 norum
790 3236 899 3293 pedester
917 3235 1061 3296 Hispanicus
1079 3241 1104 3280 ct
1122 3240 1194 3292 esset,

135 3295 264 3342 Claudium
281 3296 476 3358 Quadrigarium,
491 3295 561 3360 cujus
578 3299 649 3344 verba
681 3303 706 3344 et
722 3297 872 3353 vociferetur,
885 3300 955 3346 illum
972 3301 1112 3359 scriptorem
1128 3299 1194 3344 locu·

136 3359 184 3405 vid.
196 3359 262 3420 apud
272 3360 304 3408 Α.
314 3361 430 3417 Gellium,
442 3361 489 3408 IX.
502 3361 539 3409 ln
682 3367 735 3408 tum
746 3373 798 3406 ease
807 3374 837 3408 ex
851 3375 902 3409 aare
917 3364 996 3409 etatis
1012 3361 1194 3416 consuetudine,

168 3422 466 3488 bellunm...gutn]
483 3425 584 3474 Gladius
594 3426 650 3472 llis·
681 3425 793 3485 quamvis
817 3425 912 3486 gladius
933 3440 982 3486 quo
1004 3426 1113 3474 Manlius
1136 3437 1195 3472 usus

135 3489 236 3548 panicus
255 3488 371 3537 brevitate
387 3491 457 3552 agilis
472 3497 533 3548 erat,
549 3491 651 3551 pariter·
681 3496 729 3546 eat,
740 3501 789 3534 non
803 3489 876 3536 luerit
890 3504 973 3538 revera
986 3490 1141 3550 llispanlcus.
1153 3489 1195 3536 aed

137 3565 186 3612 que.
198 3551 277 3613 iuquit
289 3551 372 3614 Polyb.
383 3554 401 3601 l.
412 3554 488 3602 vtes
501 3554 532 3600 od
543 3555 650 3614 pumilos
682 3565 712 3598 cx
738 3553 812 3598 veteri
837 3553 1001 3601 Romanorum
1029 3567 1103 3602 more.
1137 3553 1195 3600 vid.

137 3615 264 3664 ladeudm
287 3618 403 3677 cccedms,
423 3623 446 3664 et
467 3619 498 3664 ad
521 3619 597 3664 malm
621 3629 650 3662 ea
683 3615 776 3677 Lipal.
790 3617 836 3664 lll.
849 3617 963 3664 deMllit.
976 3617 1046 3664 liom.
1059 3617 1157 3665 nium

138 3684 234 3740 uroque
264 3686 336 3741 parte
361 3681 497 3744 semmam
527 3681 649 3730 memus
715 3677 1197 3743 bb'Spcctacull..more]AlluditLivlua

139 3743 261 3791 Corsulae
281 3746 343 3792 caim
362 3747 451 3792 umisa
471 3745 547 3792 saltu
568 3750 590 3792 et
603 3747 651 3806 ptr·
683 3746 885 3806 adgladiatorum
896 3759 997 3806 pugnas.

136 3821 182 3854 mo.
219 3807 256 3854 Eo
277 3807 382 3856 Romani
403 3811 492 3857 milites
514 3811 651 3856 utebantur.
716 3809 748 3856 56
764 3809 882 3873 Prm'ecto]
899 3809 1110 3870 Anteaeprolato.

136 3871 262 3932 Hitpouioi
278 3875 406 3934 appellatio
421 3875 511 3921 indicat
529 3887 586 3920 eum
604 3873 651 3919 Ro·
715 3874 746 3921 57
764 3873 860 3936 Carion]
888 3873 964 3920 Gallia
986 3874 1060 3934 gladii
1081 3873 1198 3933 praelongi

136 3937 529 3998 mcoaablliepanisaccepleae.
553 3939 599 3985 Sed
613 3937 651 3982 his
684 3945 761 3993 erunt,
778 3951 806 3985 ac
825 3939 876 3984 sine
897 3939 1065 3984 mucronibus:
1083 3943 1144 3982 teste
1158 3937 1197 3982 Ll-

139 4001 288 4062 temporibus
309 4003 431 4062 quodnam
454 4003 570 4049 Romanis
594 4015 651 4049 curn
684 4003 733 4061 vio,
755 4004 771 4047 l.
791 4002 918 4049 xxr1.c
935 4001 975 4049 46.
1006 4003 1092 4062 ltaque
1113 4001 1197 4046 casim

140 4063 258 4124 Hispania
277 4067 449 4112 commercium
468 4067 540 4114 erat?
557 4067 590 4112 Et
603 4065 652 4112 ro-
684 4071 780 4112 tantum
792 4067 862 4113 ferire
873 4067 1098 4127 poterantlrcstcm.

139 4129 218 4188 lybica
232 4129 302 4177 testis
316 4137 352 4176 eat
365 4129 485 4177 Βοωιηοι
501 4131 563 4178 bello
574 4129 651 4178 anot·
716 4131 748 4178 58
766 4129 843 4185 Quam
853 4133 942 4176 emtam
958 4135 1020 4178 acuto
1031 4131 1104 4176 imam
1116 4141 1198 4189 perca·

138 4193 215 4240 ballea
242 4194 335 4255 gladios
358 4193 478 4254 lllrpanoa
504 4208 548 4254 pro
569 4195 653 4254 patriis
684 4191 757 4256 lieret]
775 4195 806 4242 Ut
823 4195 853 4240 de
871 4195 948 4253 gradu
964 4195 1059 4241 bostem
1075 4191 1197 4256 dejiceret,

139 4269 261 4305 ”tumere
288 4259 395 4318 crepam.
435 4259 551 4306 Dicamus
580 4259 654 4319 igitur
685 4259 852 4316 euoecmlonc
867 4261 967 4304 dataex
984 4259 1110 4305 incertoet
1125 4257 1198 4304 vacil-

140 4334 195 4368 cum
212 4321 295 4384 lipsio
308 4322 415 4376 Livium.
431 4323 481 4368 m've
497 4324 577 4381 potius
587 4323 652 4377 Qua·
686 4323 745 4370 lauti
756 4320 808 4385 ejus
820 4330 961 4380 mutuasse
977 4330 1057 4383 posset
1073 4323 1136 4370 inter
1146 4335 1199 4369 cor·

139 4386 269 4446 drigadum
288 4387 327 4434 hic
343 4387 448 4433 indicare
459 4387 562 4434 voluisse
578 4387 654 4448 gladi·
685 4400 731 4447 pua
741 4385 794 4450 ejus
804 4399 919 4446 armaque
928 4387 1058 4436 insinuare.
