3032 4924
338 171 398 226 aaa
701 138 985 225 i1u1u1vrr

179 351 210 400 u,
221 347 313 398 esea
338 350 432 416 quem
454 325 588 415 dignum
605 338 684 405 eret,
699 326 812 393 iniensi
827 325 926 407 Gelli,
941 326 1059 394 bellum
1082 319 1248 416 propalam
1266 327 1392 392 minan·

178 414 318 482 ΝΜ,
338 431 393 492 tes,
409 415 448 478 ad
471 437 545 478 suos
566 413 710 478 redeunt.
754 414 893 480 Tn'buni
913 411 1048 480 militum
1067 432 1140 479 cum
1166 414 1268 480 tribus
1286 413 1394 478 Fabiis

177 478 324 604 ffssfflffi
338 501 432 579 creati
447 499 491 576 Q.
505 499 662 586 Sulpicius
678 500 818 589 Longus,
835 500 879 577 Q.
890 499 1042 566 Servilius
1056 514 1213 587 quartum,
1228 502 1298 566 Ser.
1312 501 1394 565 Cor·

176 609 219 656 n.
232 607 286 656 Mil.
337 586 438 650 aelius
455 585 694 670 Maluginensis.

381 671 572 736 xxxvss.
595 671 705 748 Quum
731 683 820 738 tante
843 671 941 736 moles
966 672 1039 737 mali
1061 673 1203 752 instaret,
1220 671 1314 754 (adeo
1335 670 1394 736 ob-

338 775 436 822 coecat
457 760 579 822 animos
601 757 738 836 fortuna,
760 758 816 823 ubi
837 759 900 821 vim
926 779 1015 822 suam
1039 759 1236 846 ingruentem
1263 755 1396 845 refringi

337 866 403 910 non
424 846 505 926 vult)
529 845 649 920 civitas,
673 867 745 930 que
769 845 916 910 adversus
944 844 1127 910 Fidenatem
1155 853 1211 908 ac·
1228 844 1394 908 Veientem

338 929 460 994 hostem
476 931 615 1017 aliosque
629 931 780 996 finitimos
797 929 942 1016 populos,
957 931 1067 995 ultima
1080 931 1247 1022 experiens
1260 928 1395 1007 auxilie,

337 1017 526 1081 dictatorem
550 1015 658 1081 multis
682 1017 918 1102 tempestatibus
939 1015 1089 1092 dixissen
1115 1039 1153 1080 ea
1178 1033 1264 1094 tunc,
1288 1015 1397 1078 invisi·

179 1119 310 1182 Negugm-
339 1103 425 1168 tatol
437 1115 533 1189 atque
553 1103 698 1168 inaudito
719 1102 810 1168 hoste
824 1103 865 1167 eb
881 1101 1011 1166 Oceano
1033 1119 1251 1188 terrarumque
1275 1100 1397 1165 ultimis

178 1191 216 1231 *θ’
226 1193 324 1262 1³²³}OE
339 1191 402 1252 oris
423 1189 540 1258 bellum
563 1189 675 1268 ciente,
691 1187 768 1253 nihil
789 1188 1034 1254 extraordinarii
1056 1189 1098 1252 im
1125 1189 1181 1252 erii
1203 1200 1258 1251 eut
1281 1187 1395 1252 auxilii

279 1263 304 1296 '¹'
338 1275 685 1438 antinum
701 1209 1396 1426 innectitniu.rmtn

338 1450 460 1524 tiorem,
477 1469 571 1534 quam
585 1447 627 1512 ad
642 1383 747 1512 merila
768 1447 849 1511 bella
870 1445 981 1511 baberi
995 1383 1194 1523 miciliae,
1207 1451 1396 1531 (extenuan-

337 1549 383 1598 tes
397 1534 491 1598 etiam
511 1532 626 1598 famam
648 1533 736 1614 belli)
752 1531 920 1597 hebebant.
965 1529 1097 1597 Interim
1113 1531 1212 1612 Galli,
1225 1545 1394 1618 postquam

338 1641 496 1704 accepere,
517 1619 635 1684 “ultro
661 1619 813 1684 bonorem
840 1617 981 1684 habitum
1004 1618 1208 1683 violatoribus
1228 1619 1313 1703 juris
1337 1617 1396 1682 bu·

338 1711 434 1781 mani,
451 1705 629 1792 elusamque
651 1703 837 1793 legationem
860 1719 967 1768 suam‘
981 1727 1055 1782 esse,
1070 1705 1240 1792 flagrantes
1262 1705 1321 1782 ire,
1338 1726 1393 1768 cu-

332 1792 387 1880 jus
408 1793 553 1874 inpotens
567 1803 616 1855 est
638 1813 726 1877 gens,
740 1790 903 1855 confestim
925 1791 1023 1878 siguis
1043 1791 1211 1867 convulsis,
1226 1790 1326 1854 citato
1340 1812 1394 1876 eg-

177 1895 281 1942 ueram
337 1878 423 1941 mine
436 1879 496 1940 iter
509 1876 743 1964 ingrediuntur.
784 1876 836 1940 Ad
852 1897 987 1961 quorum
1003 1877 1260 1960 pretereuntium
1277 1877 1394 1962 raptim

177 1959 242 2006 ⁰⁸¹¹*
252 1969 310 2006 Μ·
339 1962 508 2028 tumultum
535 1983 632 2048 quum
662 1963 821 2027 exterritae
849 1963 943 2027 urbes
972 1963 1012 2027 ad
1040 1983 1129 2026 arma
1157 1974 1394 2040 concurrerent,

177 2025 288 2072 'm‘
338 2047 476 2135 fugaque
500 2049 670 2136 agrestium
695 2049 793 2126 fieret,
820 2047 956 2114 Romam
980 2069 1013 2112 se
1035 2051 1089 2125 ire,
1113 2069 1231 2134 magno
1254 2048 1395 2112 clamore

258 2129 262 2138 ’
339 2135 577 2222 significabant3
603 2155 801 2224 quacumque
830 2135 927 2213 ibant,
954 2135 1042 2221 equis
1069 2136 1205 2221 virisque
1232 2134 1330 2222 lenge
1358 2153 1394 2198 sc

340 2221 403 2287 late
422 2220 490 2286 fuso
513 2222 637 2310 agmine
658 2221 839 2285 inmensum
861 2222 1039 2286 obtinentes
1063 2221 1134 2284 loci.
1179 2219 1252 2298 Sed,
1269 2233 1394 2284 antece-

340 2307 436 2374 dente
455 2307 539 2373 lama
559 2308 745 2396 nunciisque
760 2307 973 2384 Clusinorum,
994 2307 1141 2392 deinceps
1161 2307 1236 2370 inde
1257 2306 1393 2370 aliorum

363 2393 542 2480 opulorum,
554 2395 726 2480 plurimum
742 2394 870 2458 terroris
884 2393 1020 2458 Romam
1035 2393 1175 2458 celeritas
1192 2392 1329 2457 bostium
1345 2405 1393 2456 tu·

339 2415 386 2544 lo.
401 2481 522 2568 quippe
534 2480 658 2632 gsn'bns,
673 2480 760 2546 velut
775 2478 983 2544 tumultuario
1002 2479 1140 2544 exercitu
1158 2477 1272 2564 raptim
1286 2479 1394 2556 ducto,

340 2587 426 2652 egre
440 2570 479 2633 ad
498 2589 538 2632 un
564 2568 698 2632 ecimum
718 2569 749 2630 la
772 2566 852 2630 idem
870 2566 1037 2630 obcursum
1052 2578 1108 2642 est,
1123 2583 1186 2651 qua
1199 2565 1320 2629 flumen
1337 2561 1394 2629 At-

340 2653 393 2729 lin,
425 2653 638 2719 Cnrstuminis
665 2652 825 2716 montibus
857 2651 989 2735 praeelto
1016 2652 1154 2716 defluens
1181 2651 1280 2727 alveo,
1310 2647 1392 2716 heud

341 2738 476 2804 multum
499 2738 582 2804 inira
602 2741 686 2803 siem
708 2737 862 2802 Tiberino
882 2738 968 2802 amni
995 2739 1149 2803 miscetur.
1191 2737 1265 2802 Jam
1288 2737 1394 2801 omnia

340 2838 452 2889 contra
473 2826 619 2910 circaque
639 2824 778 2887 bostium
799 2823 893 2908 plena
912 2838 1011 2900 erant,
1026 2839 1058 2888 et
1080 2835 1155 2888 nate
1174 2823 1208 2888 in
1223 2843 1322 2888 vanos
1344 2837 1392 2888 tu-

342 2908 460 2975 multus
483 2931 570 2996 gens,
596 2911 679 2974 truci
705 2921 799 2973 cantu
823 2907 1076 2997 clamoribusque
1103 2909 1208 2989 variis,
1234 2907 1393 2974 horrendo

342 3012 456 3060 cuncte
470 2995 702 3078 compleverant
716 3015 807 3061 sono.

63 3073 64 3078 ¹
182 3101 294 3150 vineunt
387 3081 587 3148 XXXVIII.
611 3081 661 3146 Ibi
689 3081 808 3146 tribuni
836 3081 983 3164 militum,
1005 3103 1071 3146 non
1093 3081 1165 3146 loco
1190 3081 1305 3146 eastris
1324 3093 1394 3145 ante

181 3167 304 3213 ¹¹⁰ffl⁸⁰⁰¹
343 3181 446 3254 mpto,
462 3189 526 3232 non
549 3169 740 3256 proemunito
759 3166 853 3246 vallo,
870 3189 934 3254 quo
956 3180 1099 3252 receptas
1122 3181 1210 3244 esset,
1228 3185 1293 3231 non
1309 3167 1395 3232 Deo-

180 3231 321 3280 ‘mm'
343 3255 551 3331 rumssltem,
566 3255 594 3318 si
612 3275 677 3318 non
698 3252 874 3331 bominum,
891 3275 1054 3332 memores,
1070 3273 1130 3318 nec
1151 3253 1324 3338 auspicato,
1339 3275 1395 3318 nec

342 3341 443 3418 litato,
464 3342 627 3406 instruunt
645 3341 745 3406 adem
762 3337 985 3406 ⁴‘deductam‘
998 3340 1032 3402 in
1052 3359 1181 3416 cornus,
1198 3359 1240 3404 ue
1261 3344 1395 3404 circum-

342 3428 443 3494 veniri
455 3427 658 3493 multitudine
670 3426 807 3492 hostium
824 3439 961 3512 possent.
983 3445 1042 3490 nec
1056 3439 1160 3490 tamen
1226 3427 1297 3490 ueri
1310 3423 1395 3490 fron·

342 3528 389 3581 tes
401 3527 559 3600 poteraut,
570 3533 668 3600 quum
683 3509 885 3579 extenuando
899 3511 1056 3578 infinnam
1071 3525 1104 3576 et
1117 3511 1170 3576 rix
1182 3531 1222 3576 cc
1246 3525 1394 3577 verentem

372 3701 580 3750 ¹etGrcu.Crev.
725 3697 937 3748 hemenonem
1081 3699 1168 3746 ‘suum
1181 3698 1396 3760 mmmm

338 3763 352 3802 ‘¹
362 3765 479 3814 diductam
491 3765 560 3814 ned.

373 3931 503 3980 wilm
524 3931 631 3978 bomem
655 3929 769 3995 tatttuor]
796 3929 851 3978 Non
885 3939 909 3979 et
920 3932 977 3978 bule
988 3936 1045 3992 epte
1059 3929 1122 3986 loeo,
1133 3929 1399 3990 quade-iminium
1476 3941 1479 3950 ¹

341 3997 414 4044 modo
432 3995 525 4042 nullam
543 3995 659 4044 indicum
675 4009 730 4044 esee
746 4007 853 4056 ponem.
885 3997 1058 4056 momentu.
1079 3993 1108 4042 lu
1134 3994 1230 4042 mrem
1256 3993 1315 4042 irinc
1341 3995 1398 4042 lude

341 4060 853 4120 reanumuonaremuaummueqm
885 4059 1034 4120 periurum.
1059 4059 1273 4122 *iflessndm
1296 4061 1399 4120 oup-

341 4124 471 4169 violassent
487 4122 529 4182 jus
547 4125 578 4170 ed
597 4131 674 4170 totam
695 4126 790 4185 generis
807 4125 853 4170 bu·
885 4137 940 4182 utra,
961 4130 985 4172 et
1006 4124 1089 4184 scripu
1110 4130 1165 4172 tum
1187 4123 1263 4170 nestri
1285 4131 1397 4184 grutem,

341 4187 563 4234 mmsoetemem
579 4189 709 4248 pentheus.
741 4189 779 4236 De
795 4201 853 4235 voce
886 4195 939 4236 tum
960 4188 1052 4248 eliquat
1074 4187 1229 4240 euenerunt.
1246 4189 1340 4234 habnt
1360 4186 1397 4232 de-

341 4249 679 4299 convineatssmlm.
806 4301 809 4306 ,
885 4250 1201 4312 &concinentiarum
1218 4251 1331 4310 dem,
1347 4252 1399 4300 len·

374 4313 572 4377 M'Dldectom]
589 4316 666 4362 Probe
681 4317 779 4377 quidem
797 4330 852 4370 vox,
885 4317 1190 4377 ammomum.
