3032 4924
331 135 389 188 400
480 195 484 202 ,
731 122 1007 184 r1r1n1v11

168 311 303 360 tuom
328 306 469 358 mortuos
493 290 606 368 lerunt,
622 311 682 374 pro
704 289 851 373 portione
866 302 896 354 et
911 311 951 354 ex
978 287 1176 352 multitudine
1198 288 1260 354 elia
1287 290 1389 354 multe

167 376 303 426 *bc-3⁶²·
329 379 438 444 lunera
453 377 553 446 luisse.
575 375 778 462 maximeque
800 398 868 440 eam
891 374 1100 458 pestilentiam
1122 375 1276 463 insignem
1302 398 1389 440 mors

167 477 263 524 Gemini
327 465 443 552 ⁵quam
474 477 609 540 matura,
635 479 699 526 tom
728 461 851 536 ocerba,
881 461 930 525 M.
960 459 1049 526 Furii
1070 459 1152 526 fecit.
1200 461 1274 528 Fuit
1300 465 1387 526 enirn

132 555 239 604 meroes
327 575 400 615 vere
422 553 467 614 vir
490 551 599 614 unicus
625 549 657 610 in
681 547 768 610 omni
797 547 941 611 fortuna:
966 549 1112 632 princeps
1137 570 1214 632 pace
1240 547 1389 634 belloque

327 639 424 722 prius,
441 658 535 722 quam
558 633 736 698 exsulatum
758 633 833 710 iret3
857 633 972 696 clarior
986 635 1019 696 in
1034 633 1145 698 exsilio
1159 633 1208 697 vel
1229 635 1390 698 desiderio

327 723 468 799 civitatis,
485 741 557 809 quae
579 737 670 805 copta
693 719 830 784 absentis
849 719 1018 804 inploravit
1039 742 1144 804 opem,
1159 721 1208 784 vel
1228 721 1387 796 felicitate,

350 833 390 874 ua
420 810 579 874 restitutus
609 809 639 870 in
663 805 797 891 patriam
822 827 926 869 secum
954 807 1088 888 patriam
1116 809 1214 890 ipsam
1242 808 1391 872 restituit.

328 833 393 960 ll'ar
407 895 521 959 deinde
536 894 613 979 ⁸per
638 893 778 980 quinque
797 902 829 956 et
851 893 963 980 viginti
989 915 1089 956 ennos
1105 898 1165 976 (tot
1179 893 1263 957 enim
1279 909 1391 978 postea

327 982 418 1062 vixit)
442 981 533 1046 titulo
563 993 659 1044 tantee
687 976 799 1066 gloriae
829 977 897 1054 luit,
927 977 1104 1064 dignusque
1129 978 1266 1056 habitus,
1291 1002 1387 1066 quem

328 1068 501 1134 secundum
538 1090 557 1131 e
597 1065 735 1130 Romulo
771 1060 964 1130 conditorem
1009 1065 1095 1130 urbis
1133 1065 1290 1130 Romanae
1328 1067 1390 1131 ler-

316 1167 408 1234 ,rent

170 1247 307 1299 U·0·8⁹l·
372 1241 417 1306 Il.
453 1241 495 1306 Et
530 1239 590 1304 hoc
620 1237 795 1324 insequenti
832 1259 925 1314 anno,
955 1235 993 1301 C.
1025 1238 1167 1324 Sulpicio
1198 1237 1318 1314 Petico,
1348 1241 1388 1304 C.

169 1312 306 1423 ‘bscfll‘
330 1327 455 1394 Licinio
471 1326 614 1403 Stolone,
629 1324 821 1400 consulibus,
837 1323 1014 1409 pestilentie
1024 1323 1093 1389 suit
1109 1347 1147 1388 eo
1157 1323 1237 1390 nihil
1251 1325 1388 1410 dignum

169 1378 321 1490 κᾶξω
331 1416 482 1480 memoria
497 1427 611 1488 actum,
628 1412 688 1474 nisi
708 1409 792 1496 quod
815 1409 901 1495 pacis
916 1409 1025 1474 Dellm
1041 1411 1250 1496 exposcendae
1275 1435 1390 1478 caussa

170 1507 236 1554 ⁰⁰⁸
327 1501 442 1566 '‘tertio
471 1516 538 1564 tum
568 1512 639 1584 post
667 1497 825 1560 conditam
856 1493 966 1560 urbem
1003 1495 1227 1562 lectisternium
1258 1500 1328 1564 suit.
1359 1515 1391 1566 et

312 1593 329 1688 s
328 1610 425 1675 quum
443 1587 487 1649 vis
510 1585 612 1650 morbi
633 1605 690 1647 nec
712 1582 858 1646 humanis
874 1581 1010 1648 consiliis
1026 1605 1084 1648 nec
1106 1607 1166 1670 ope
1180 1583 1289 1650 divina
1304 1586 1390 1650 leva-

168 1684 428 1755 Ludireent·',retur,
441 1673 531 1736 victis
545 1669 764 1756 superstitione
786 1666 905 1744 animis,
922 1667 1009 1732 ⁸iudi
1024 1691 1149 1756 quoquc
1164 1671 1289 1750 scenici,
1307 1695 1391 1738 nora

167 1749 282 1812 ‘limi
320 1764 377 1824 ires
392 1758 541 1824 bellicoso
565 1757 691 1840 populo,
709 1760 795 1838 (nem
818 1755 892 1820 circi
915 1757 1011 1819 modo
1030 1755 1243 1840 spectaculum
1271 1758 1389 1842 luerat)

322 1833 410 1936 'iuter
432 1844 492 1908 elia
510 1841 646 1908 coelestis
668 1841 724 1903 iroe
748 1841 919 1923 placamina
934 1841 1067 1907 instituti
1088 1841 1248 1908 dIcu'ntur.
1295 1847 1390 1912 Cete-

328 1955 397 1996 rum
423 1953 521 2014 parva
543 1950 668 2014 quoque
691 1932 740 2010 (ut
762 1926 858 1991 ferme
883 1928 982 2010 princi
1009 1929 1037 1990 ia
1062 1930 1181 2010 omnia)
1205 1945 1238 1994 et
1259 1953 1298 1995 ea
1321 1937 1390 2018 ipsu

327 2019 495 2104 peregrina
510 2037 558 2078 res
573 2012 641 2078 l'uit.
684 2013 783 2077 ⁹Sine
795 2015 934 2076 carmine
955 1950 1027 2090 ullb,
1045 2014 1070 2053 ¹⁰
1079 2015 1144 2080 sine
1158 2015 1389 2084 imitandorum

326 2104 502 2170 carminum
525 2115 608 2178 actu,
625 2099 767 2164 ludiones
782 2122 821 2164 ex
839 2099 967 2164 Etruria
981 2099 1087 2178 adciti,
1103 2105 1141 2166 etl
1158 2101 1296 2167 tibicinis
1320 2127 1389 2170 mo-

326 2191 385 2256 dos
400 2189 557 2262 saltantes,
578 2185 663 2250 haud
688 2185 853 2250 indecoros
880 2198 983 2250 motus
1013 2209 1100 2252 more
1123 2187 1230 2254 Tusco
1256 2189 1389 2257 dabant.

326 2275 443 2342 imitari
458 2274 573 2339 deinde
587 2295 640 2338 eos
658 2273 817 2358 juvemus,
838 2270 930 2336 simul
953 2273 1121 2338 inconditis
1138 2277 1219 2340 inter
1241 2300 1275 2342 se
1293 2279 1388 2364 jocu-

326 2363 405 2428 laria
425 2359 592 2426 fundentes
617 2359 768 2440 versibus,
791 2377 917 2441 coepere
924 2382 934 2435 ;
957 2381 1015 2424 nec
1035 2361 1143 2424 absoni
1159 2385 1176 2425 e
1191 2385 1269 2428 voce
1283 2379 1390 2430 motus

326 2465 424 2516 erant.
472 2449 613 2531 Accepta
636 2447 741 2531 itaque
764 2467 811 2508 ree
834 2443 1011 2596 saepiusppe
1032 2447 1215 2532 usurpando
1237 2452 1388 2517 excitata.

327 2535 350 2574 ¹¹
361 2535 533 2600 vernaculis
548 2531 732 2610 artificibus,
749 2531 823 2614 quia
845 2529 941 2594 hister
988 2555 1063 2598 usco
1077 2534 1173 2600 verbo
1188 2535 1278 2600 ludio
1294 2561 1387 2603 voca-

230 2671 233 2678 .
326 2622 431 2697 batur,
453 2643 568 2683 nomen
595 2617 801 2683 histrionibus
825 2615 979 2682 inditum:
1014 2619 1068 2706 qui
1094 2643 1170 2698 non,
1197 2623 1281 2688 sicut
1302 2639 1387 2702 ante,

327 2708 352 2746 ¹2
364 2707 560 2772 Fescennino
575 2728 665 2770 versu
685 2703 816 2768 similem
832 2703 1072 2790 incompositum
1088 2722 1205 2774 temere
1220 2733 1258 2774 ec
1273 2711 1387 2778 rudem

357 2933 395 2982 ὅ·
405 2935 480 2990 ortem
496 2937 598 2992 motura,
610 2937 658 2980 tam
668 2931 758 2995 mnia]
776 2933 837 2980 Hes
869 2933 914 2981 &c
947 2935 1020 2982 Sem
1034 2943 1116 2984 eutem
1128 2937 1223 2998 proprie
1234 2945 1272 2985 est
1289 2940 1389 2986 umbre·

325 3002 374 3048 duo
390 2999 435 3046 eibi
450 2999 555 3044 invicem
573 3001 737 3045 adversantur.
772 2997 837 3044 Nam
869 2999 952 3046 culum
966 3014 996 3046 ex
1008 3003 1082 3048 ramis
1097 3003 1210 3048 arborum
1229 3005 1349 3062 curvetis,
1361 3013 1386 3052 et

324 3065 430 3110 aenium
451 3063 546 3122 proprie
567 3063 656 3109 dicitur
671 3064 702 3109 de
718 3063 837 3110 fructibus
870 3063 932 3110 inter
953 3077 979 3111 se
998 3072 1084 3112 mutuo
1105 3067 1230 3124 implicitis
1250 3067 1387 3125 factumst

325 3130 433 3175 nondum
451 3127 561 3180 maturis,
579 3139 682 3187 quorum
699 3127 754 3174 ideo
774 3141 838 3174 eerr-
871 3128 1026 3190 rxriumllrrr.
1058 3130 1178 3183 Quoniam
1191 3133 1312 3178 antemio
1324 3130 1388 3194 ejus-

324 3192 364 3238 tm
381 3197 417 3239 eet
435 3205 512 3252 sapor.
547 3189 613 3238 Hine
635 3205 700 3237 mors
717 3188 837 3254 juvenum
870 3194 934 3239 modi
956 3195 1102 3241 umbraculis
1118 3195 1200 3241 Attica
1213 3190 1334 3256 juventus
1350 3199 1388 3244 in-

322 3257 410 3310 mrho,
425 3257 468 3318 qui
483 3263 539 3304 ante
556 3257 621 3304 diem
637 3256 771 3316 rapiuntur.
804 3257 838 3304 At
869 3257 978 3304 conditos
999 3271 1080 3306 versus
1095 3255 1176 3320 jecere
1195 3268 1312 3319 ceperat,
1323 3263 1388 3320 ideo,

323 3334 408 3368 comm
428 3322 545 3378 virorum,
557 3333 618 3380 quos
634 3333 759 3381 nunquam
776 3322 838 3368 morl
870 3329 998 3381 matonam
1009 3324 1080 3371 ludus
1090 3323 1115 3370 in
1127 3329 1205 3370 num
1223 3325 1307 3383 vertit,
1321 3339 1388 3374 m

323 3392 438 3445 cuperent
454 3397 548 3438 omnes,
565 3397 660 3444 semper
677 3385 756 3432 mia
773 3399 838 3432 more
870 3399 965 3446 quoque
985 3393 1068 3434 uocata
1089 3393 1127 3434 est
1147 3401 1203 3447 pers
1225 3389 1316 3436 theatri
1333 3391 1388 3437 reio

323 3457 368 3504 est,
379 3452 474 3496 etiamsi
485 3449 521 3494 ilii
531 3450 698 3498 maturiutem
710 3451 758 3496 reri
768 3457 838 3498 netu·
870 3459 941 3504 tecta,
961 3451 988 3498 in
1004 3465 1053 3510 qus
1070 3453 1198 3498 histrione·
1217 3453 1313 3500 mortu
1330 3468 1388 3516 nge

322 3529 404 3574 reque
415 3514 547 3576 attigerint.
869 3516 934 3562 bunt.

354 3579 577 3640 oPerannqaeer
593 3578 774 3641 ur‘glrrtlurrnor]
791 3577 839 3626 Bc·
901 3580 989 3628 aseae
1011 3582 1112 3628 mmm
1138 3581 1198 3643 ulle]
1225 3581 1291 3636 Quis
1310 3585 1386 3630 nimi·

323 3657 353 3690 ue
369 3657 395 3690 re
411 3645 484 3690 hebet
501 3643 541 3690 hic
557 3641 837 3694 numerourirauoha-
868 3657 924 3692 rum
950 3651 1031 3694 versus
1057 3646 1141 3704 lingua
1166 3644 1247 3692 Tunes
1274 3660 1383 3707 pronum

322 3711 407 3756 beatur
423 3709 480 3754 anni
496 3703 550 3768 ejus
564 3719 637 3767 quem
654 3705 756 3752 inseruit
768 3707 835 3754 Hen-
868 3709 935 3766 cisti,
953 3723 968 3758 ι
985 3709 1101 3758 nomenis
1121 3709 1240 3756 intellecti
1257 3725 1307 3759 non
1326 3713 1386 3760 hris-

320 3771 532 3821 rieuaDodwellus
543 3779 599 3818 ente
610 3770 757 3818 marchiam.
775 3771 833 3820 Viti.
868 3780 930 3822 rent.

322 3845 372 3885 not.
383 3835 422 3884 to.
433 3838 465 3884 ed
476 3835 568 3884 Vl.35.
901 3838 932 3888 io
948 3839 1004 3888 Sirra
1014 3838 1178 3888 mam
1197 3842 1330 3888 aarum
1345 3856 1383 3890 ue·

286 3955 288 3963 Α
355 3903 369 3948 7
390 3897 834 3966 Tertium-..tertiaremiumsatt1
867 3901 906 3965 tra]
931 3903 1006 3954 Nullo
1027 3910 1097 3965 gestu
1123 3910 1241 3964 motuque
1267 3910 1385 3968 corpora,

321 3965 507 4014 Leotistemium
527 3964 552 4012 in
575 3965 633 4011 urhe
654 3963 764 4012 Romana
786 3967 834 4025 pri·
867 3969 944 4028 qualis
953 3970 1063 4018 comitari
1073 3969 1192 4024 carmine,
1199 3969 1385 4034 ilsquereqnn.

320 4043 390 4076 mum
402 4030 447 4076 tuit
464 4043 563 4076 aunon.
575 4027 663 4076 estu
696 4029 750 4074 Vid.
762 4042 835 4092 supra
866 4035 923 4079 dere
933 4035 1010 4080 debet.

321 4092 353 4137 V.
368 4093 405 4140 13.
437 4093 491 4147 Quo
508 4102 616 4153 tempore
634 4099 718 4141 autem
728 4097 835 4142 mundo
900 4097 929 4146 ll
951 4097 1084 4146 Vernacsltr
1111 4097 1250 4162 actim]
1280 4100 1383 4149 Demer-

320 4155 413 4204 iactum
424 4157 506 4210 fuerit,
518 4157 603 4204 Livius
614 4171 662 4206 non
673 4158 751 4206 docet.
866 4162 930 4218 ticio,
941 4164 966 4210 id
976 4170 1022 4220 est,
1040 4161 1157 4210 Romani·
1172 4160 1322 4222 ludentum,
1330 4167 1384 4213 slve

351 4219 586 4284 sprewam]
603 4221 667 4270 Ludi
678 4221 832 4282 quitum
864 4227 993 4276 actorebus.

318 4286 693 4345 agereutur,quaiesctrmoedia,
704 4286 831 4348 iternis.
898 4291 928 4340 12
944 4293 1087 4342 nemim
1101 4297 1182 4360 vern]
1201 4297 1258 4346 Nun
1273 4296 1327 4360 jm
1345 4301 1381 4342 te·
