3056 4928
342 167 400 220 aas
660 229 662 236 Α
720 157 836 219 τιτι
863 157 1013 218 arvrr.

184 327 321 382 llum
387 323 450 390 lX.
474 323 770 411 insequendorum
793 345 892 412 quum
916 323 953 388 C.
972 320 1129 408 Sulpicius
1150 329 1182 384 et
1203 315 1242 382 C.
1258 313 1396 380 Licinius

183 398 213 443 ‘l
225 397 252 444 ⁰·
264 396 322 445 ³⁵⁸·
345 411 460 478 Calvus
475 411 616 476 consules
635 413 667 475 in
686 410 844 476 Hernicos
858 411 1031 476 exercitum
1042 407 1218 481 duxissent,
1237 423 1337 488 neque
1352 402 1397 462 in-

183 461 210 510 c.
222 461 329 521 supteno
419 498 426 512 ,
458 497 465 511 .
678 499 685 513 ,
894 497 901 512 ,
1276 491 1283 503 ,
1359 486 1366 500 ,

183 526 218 572 11.
228 527 255 573 c,
266 526 330 572 ttet-
344 514 443 562 reuns
457 519 489 560 ut
504 519 582 584 agro
604 497 755 575 hostibus,
774 499 982 563 Ferentinum
1002 495 1114 560 urbem
1129 511 1237 558 eorum
1255 511 1284 552 vr
1300 507 1398 570 cepas-

183 590 336 638 stennon
345 598 423 661 sent,
441 583 666 648 revertentibus
691 584 765 648 inde
788 583 832 649 eis
854 584 1006 648 Tiburtes
1027 594 1134 666 portas
1158 577 1308 642 clausere.
1352 570 1401 635 Ea

346 667 458 734 ultima
471 668 531 734 fuit
546 691 663 746 caussa,
678 692 777 754 quum
799 669 909 734 mulae
926 683 1018 732 antea
1032 664 1238 753 querimoniae
1256 659 1341 724 ultro
1355 679 1400 722 ct·

184 655 279 702 Bellum

183 717 458 842 ffiffim'troque
478 755 604 841 jactatae
618 768 731 834 essent,
748 778 815 837 cur,
830 777 887 840 per
908 754 1032 820 feciales
1054 751 1146 816 rebus
1166 746 1318 834 repetitis,
1334 741 1403 808 bel-

184 863 215 909 ·r.
226 863 316 918 nutne·
346 840 412 906 lum
429 841 555 906 Tiburti
570 841 690 927 populo
704 841 902 907 indiceretur.
946 841 1144 906 Dictatorem
1156 835 1197 900 T.
1213 830 1403 912 Quinctium

184 927 233 974 2¹¹²·
242 925 339 974 ¹²⁶⁰⁰¹¹⁸
349 927 492 992 Pennum
508 949 547 992 eo
561 943 633 992 ante
647 927 751 1006 fuisse,
766 931 839 992 satia
853 939 986 1007 constat,
1000 940 1033 991 et
1054 923 1239 1011 magistrum
1259 918 1404 1004 equiturn

285 1020 293 1036 '
349 1013 418 1078 Ser.
436 1013 618 1078 Cornelium
635 1013 900 1098 Maluginensem.
916 1011 1028 1078 Macer
1042 1010 1185 1075 Licinius
1199 1003 1404 1103 comitiorum

346 1099 563 1164 habendorum
590 1122 709 1176 caussa,
730 1113 763 1164 et
783 1100 824 1164 ab
847 1099 970 1163 Licinio
990 1097 1119 1162 consule
1138 1094 1258 1159 dictum
1281 1089 1405 1188 scribat,

346 1185 431 1272 quia,
451 1184 571 1273 collega
584 1185 747 1250 ⁵⁰comitia
772 1185 855 1251 bello
876 1185 1026 1269 praeferre
1047 1182 1221 1256 festinante,
1241 1191 1278 1242 ut
1299 1190 1407 1274 contr·

346 1284 457 1336 nuaret
472 1270 677 1348 consulatum,
694 1270 819 1336 obviam
835 1270 972 1335 eundum
997 1289 1103 1354 prava
1118 1263 1280 1350 cupiditati
1297 1260 1406 1360 fuerit.

347 1355 492 1433 Quaesita
513 1380 550 1422 ea
570 1357 709 1443 propriae
731 1355 857 1421 familiae
879 1356 945 1420 laus
966 1356 1115 1420 leviorem
1138 1366 1298 1416 auctorem
1318 1347 1409 1412 Lict-

346 1443 433 1507 nium
448 1443 530 1508 facit.
554 1465 651 1530 quum
667 1443 859 1508 mentionem
875 1445 940 1529 ejus
954 1442 998 1506 rei
1018 1442 1051 1505 in
1069 1436 1289 1504 vetustioribus
1304 1455 1409 1533 anna-

345 1529 428 1594 libus
447 1528 567 1594 nullam
590 1529 755 1606 inveniam,
772 1531 882 1615 magis,
899 1542 936 1592 ut
956 1526 1030 1592 belli
1047 1523 1162 1591 Gallici
1177 1544 1288 1588 caussa
1301 1519 1408 1619 dicta:

306 1647 318 1665 ·
346 1628 447 1680 torem
464 1629 604 1680 creatum
618 1615 762 1689 arbitrer,
775 1615 905 1678 inclinat
919 1614 1054 1678 animus.
1069 1635 1108 1677 eo
1122 1625 1204 1676 certe
1219 1629 1306 1672 anno
1319 1603 1409 1672 Gallr

347 1701 386 1766 ad
399 1701 525 1765 tertium
540 1697 674 1784 lapidem
688 1699 713 1739 ⁵¹
725 1701 846 1764 Salaria
858 1701 907 1763 via
917 1712 1004 1764 trane
1019 1714 1146 1784 pontem
1158 1694 1291 1760 Anienis
1302 1705 1410 1757 castra

346 1786 495 1851 habuere.
540 1786 698 1867 Dictator,
715 1809 813 1872 quum
831 1785 1019 1851 ⁵²tumultua
1043 1782 1159 1849 Gallici
1180 1803 1292 1845 caussa
1311 1777 1409 1864 justi-

347 1873 426 1937 tium
442 1872 596 1950 edixisset,
609 1894 718 1936 omnes
732 1872 870 1936 'uniores
884 1883 1080 1936 sacramento
1094 1868 1208 1955 adegit,
1221 1865 1411 1954 ingentique

347 1958 485 2022 exercitu
502 1959 541 2022 ab
561 1958 641 2022 urbe
661 1894 829 2043 proiectus,
844 1959 877 2022 in
898 1957 1043 2021 citeriore
1067 1957 1134 2042 ripa
1153 1953 1280 2018 Anienis
1304 1963 1410 2014 castra

346 2044 460 2129 posuit.
509 2043 593 2108 Pons
615 2045 647 2108 in
671 2043 776 2109 medio
797 2057 874 2120 erat,
890 2044 1009 2108 neutris
1024 2065 1096 2108 cum
1118 2037 1352 2124 rumpentibus,
1366 2059 1411 2102 ne

347 2130 469 2196 timoris
483 2130 633 2195 indicium
650 2145 737 2196 esset.
784 2129 902 2196 Proelie
915 2128 956 2194 de
970 2126 1156 2211 occupando
1175 2137 1271 2211 ponte
1292 2125 1410 2223 crebra

347 2229 457 2292 erant;
480 2239 548 2292 nec,
571 2217 625 2303 qui
654 2218 841 2301 potirentur,
867 2216 993 2280 incertis
1018 2214 1145 2290 viribus,
1167 2211 1241 2276 satis
1267 2209 1410 2274 dracerm

346 2314 480 2388 poterat.
525 2301 610 2368 Turn
639 2303 755 2368 eximia
787 2303 928 2386 corporis
960 2299 1176 2389 magnitudine
1206 2299 1237 2362 in
1270 2317 1408 2396 vacuum

345 2403 476 2476 pontem
493 2388 605 2455 Gallus
626 2389 777 2474 processit
789 2413 798 2467 ς
822 2401 854 2452 et
868 2401 1019 2475 quantum
1041 2387 1177 2450 maxima
1191 2406 1267 2448 voce
1290 2396 1409 2466 potuit,

350 2475 445 2552 Quaem
460 2497 548 2551 nanc,
559 2476 671 2562 inquit,
684 2476 785 2539 Ιίυπια
799 2473 1119 2558 virumsortisaimam¹
1132 2471 1231 2547 habet,
1243 2471 1408 2552 procedat,

347 2565 484 2647 wedam.
501 2565 544 2624 ad
558 2583 705 2645 pugnam,
721 2571 755 2626 at
769 2571 870 2628 noster
884 2561 1008 2624 duorum
1030 2568 1150 2628 caenas
1170 2559 1320 2631 ostendat,
1336 2565 1411 2619 atra

343 2669 419 2734 geras
433 2648 510 2712 bello
524 2650 564 2710 sit
579 2649 694 2711 ntelior.

393 2733 435 2796 X.
454 2732 520 2798 Diu
545 2735 625 2796 inter
650 2734 804 2815 primores
823 2733 976 2818 juvenum
1002 2734 1217 2798 Romanorum
1243 2728 1406 2794 silentium

348 2818 418 2894 fuit,
433 2839 530 2903 quum
553 2832 585 2882 et
605 2817 744 2882 abnuere
766 2832 923 2884 certamen
947 2833 1138 2898 vererentur,
1156 2830 1188 2882 et
1208 2817 1407 2902 praecipuam

646 3015 648 3020 .
665 2955 834 3035 lsortircimum
845 2975 923 3020 viram
936 2974 1009 3020 Gron·
1021 2972 1089 3020 Creu.

380 3099 862 3166 50⁸00mttratetroproefirr0100mraa
889 3110 1003 3165 patarea
1030 3105 1120 3152 nattum
1148 3104 1273 3150 ramatum
1302 3105 1410 3150 mirte-

349 3166 718 3226 habereantequamadbellum
731 3169 812 3214 iretur.
893 3170 954 3218 bant.
988 3169 1093 3230 Gravius
1112 3173 1188 3216 atem
1207 3167 1334 3213 tumultum
1353 3181 1410 3224 crac,

381 3228 411 3275 ⁵1
424 3228 516 3275 Salaria
531 3231 580 3294 nte]
592 3231 685 3278 Salaria
696 3233 735 3278 via
750 3233 861 3292 appellata
893 3249 962 3295 qam
976 3235 1066 3290 ῠιὶἱιιηι,
1082 3233 1137 3280 irinc
1154 3231 1257 3292 naargt
1272 3231 1334 3285 liert,
1351 3231 1411 3290 puori

349 3298 391 3347 eat,
414 3300 512 3340 auctore
535 3295 615 3351 Festo,
637 3298 692 3356 quta
713 3297 796 3342 Sabini
818 3311 862 3357 per
893 3300 1086 3346 Mbaacatc'nncr
1100 3295 1409 3354 nabrntamaltanonaa·

349 3357 557 3406 mascalarum
572 3360 706 3422 dejbctam.
729 3361 863 3421 lucipiebat
894 3363 948 3409 lent.
981 3365 1050 3410 idem
1066 3363 1132 3409 aliud
1149 3360 1367 3421 agendodeacritsit
1382 3373 1411 3405 ea

350 3429 445 3482 reporta
456 3423 556 3470 Collina.
895 3440 950 3487 quae
961 3429 1094 3474 tumultum
1108 3426 1217 3472 comitari
1233 3425 1352 3476 solebant,
1365 3422 1409 3469 Ψ.

382 3487 414 3534 52
434 3486 556 3534 Tumultus
568 3488 664 3552 Gallici]
681 3488 746 3543 Quid
762 3491 793 3535 cit
810 3503 863 3550 pro-
896 3491 957 3536 Phil.
975 3505 1001 3539 n.
1017 3491 1057 3538 sl.
1086 3489 1231 3544 Tamalleni,
1256 3487 1348 3546 inquit,
1372 3487 1410 3534 dc·

350 3552 402 3612 prie
417 3551 538 3606 tetmarus,
550 3555 620 3600 docet
634 3555 682 3601 Cic.
696 3551 785 3602 vltra
802 3555 861 3600 Phil.
896 3556 1097 3616 amimalium
1110 3553 1191 3611 indici,
1201 3568 1260 3614 ruga
1276 3555 1346 3618 nimi·
1358 3551 1410 3598 dica

351 3617 458 3662 numeria
478 3615 584 3664 2018.
606 3618 644 3664 itit
666 3619 751 3666 verbis.
785 3619 865 3665 Potest
896 3625 1004 3678 oportere.
1023 3619 1132 3665 delectans
1150 3617 1228 3665 latera·
1249 3617 1347 3663 rabidis
1368 3633 1411 3664 aa·

350 3679 431 3726 lelium
457 3693 503 3726 carc
529 3683 578 3727 rinc
603 3681 719 3728 ramatta=
753 3683 864 3730 tumultus
896 3686 1057 3731 carentorum
1072 3682 1158 3730 artaet
1173 3680 1293 3728 taliata.
1328 3681 1411 3729 Eteo-

350 3747 397 3791 ‘carc
413 3745 462 3791 alae
478 3743 532 3790 tetta
550 3761 595 3792 naa
610 3751 691 3806 polest.
727 3746 788 3802 Quia
802 3749 863 3794 enirn
896 3749 952 3794 dem
971 3749 1043 3796 modo
1062 3747 1145 3800 bivine
1163 3747 1226 3792 infra
1239 3761 1260 3793 c.
1275 3745 1314 3792 28.
1334 3745 1411 3800 Quam

351 3813 384 3856 eat
411 3808 476 3854 ailad
505 3811 625 3864 tamarae,
653 3811 698 3856 niti
723 3811 864 3870 perturbatio
897 3811 964 3870 (pand
978 3825 1133 3872 permagnos
1150 3811 1261 3856 tnrnultna
1279 3810 1346 3868 solet)
1357 3812 1410 3871 jas·

352 3877 427 3929 unta,
450 3877 475 3918 at
496 3875 571 3935 major
592 3875 662 3919 timor
680 3876 792 3921 odorari
821 3889 863 3920 aa·
896 3875 949 3920 titio
967 3877 1061 3930 irrdr'rto.
1077 3875 1173 3922 delectio
1188 3877 1238 3921 rinc
1252 3875 1409 3922 sunamites

351 3935 378 3982 de
396 3939 468 3983 etium
487 3951 567 3983 nomen
585 3937 678 3984 ductam
694 3943 726 3985 ert
745 3939 863 3986 tumultur.
894 3939 986 3986 nalitus
999 3945 1061 3986 earet.
1094 3940 1155 3994 Quae
1175 3946 1256 3986 tamen
1277 3941 1361 3986 omnia
1377 3942 1411 3986 ita

352 3999 495 4052 (Tumultus
522 4015 608 4062 nempe
636 4002 730 4048 videtur
756 4003 862 4050 Ciceroni
895 4005 1032 4064 accipienda
1050 4013 1116 4060 aunt,
1132 4010 1160 4050 ut
1177 4005 1307 4056 ttunultua,
1325 4011 1411 4064 preter

353 4065 432 4130 dictus
446 4078 505 4120 ease
516 4067 585 4125 quasi
601 4067 671 4112 timor
687 4067 791 4122 multae:
808 4068 862 4114 licet
897 4069 958 4116 hanc
975 4069 1118 4116 strictiorem
1129 4075 1153 4114 et
1164 4069 1273 4114 maxime
1288 4069 1410 4128 propriam

353 4128 424 4174 hodie
437 4130 501 4175 docti
517 4129 636 4176 deducant
652 4129 731 4189 potina
747 4135 864 4187 atamen.)
896 4133 1104 4192 significationem,
1126 4133 1200 4178 etiam
1225 4133 1317 4179 laxiore
1339 4145 1408 4178 sensu

353 4193 437 4250 Itaque
451 4195 547 4252 majores
564 4197 638 4239 nostri
656 4195 778 4242 tremrdtam
794 4195 864 4242 reatt-
896 4197 1029 4255 quamlibet
1045 4197 1249 4256 perturbationem
1265 4211 1294 4243 ac
1308 4197 1409 4256 trepida·

353 4257 489 4366 fflstm
507 4260 557 4368 “old
572 4257 863 4382 mpralteicpa;;apraltam
896 4261 987 4306 tionem
999 4261 1102 4308 denotet.
1137 4260 1190 4308 vid.
1203 4261 1275 4310 aaa
1288 4262 1304 4306 l.
1317 4261 1352 4308 11.

412 4333 523 4382 scama
568 4335 609 4368 cra
661 4337 714 4368 aec
747 4338 862 4377 stramen
