3032 4924
450 213 545 274 nra.
565 213 619 274 v1.
645 213 749 280 car.
775 207 911 296 xxva,
1151 215 1232 284 rrr'
1260 285 1264 300 ,

144 389 206 456 ret,
229 399 326 466 quem
347 375 451 455 vellet,
467 390 580 452 contra
603 399 691 463 spem
715 375 859 444 omniurn
874 375 915 442 L.
933 377 1064 444 Furium
1079 379 1357 464 optentum

149 487 213 552 qna
241 464 457 530 moderatione
485 465 581 530 animi
612 485 710 550 quum
740 463 870 553 collegae
896 464 1009 530 levavit
1036 463 1249 544 infamiam&
1262 461 1357 512 Νη

147 565 217 617 tum
233 550 295 616 sibi
320 552 454 637 gloriam
480 551 641 640 ingentem
664 549 796 636 peperit.
842 550 911 616 Nec
926 551 985 618 tuis
997 573 1069 618 eum
1086 552 1242 618 Tuscu-rt
1254 570 1373 618 tunam-

148 637 230 703 lanis
261 637 396 702 bellum:
432 659 510 723 pace
539 637 696 702 constanti
724 637 787 702 vim
821 637 999 702 Romanam
1030 653 1209 718 arcuerunt,
1220 637 1258 682 ¹¹¹⁸
1268 649 1337 712 ΡΜ,

147 745 244 811 quam
257 725 353 789 armis
371 745 437 788 non
460 736 615 809 poterant.
659 722 855 789 intrantibus
871 723 948 790 fines
965 725 1129 803 Romanis,
1144 705 1344 811 n0n⁰⁰¹¹⁸¹⁸ffiffl

147 811 361 898 demigratum
384 830 425 874 ex
446 810 632 896 propinquis
655 809 791 873 itineris¹
812 810 897 888 locis,
915 831 979 876 non
995 811 1097 877 cultus
1118 835 1212 914 agro·
1220 778 1296 876 iffi

147 919 220 962 rum
247 897 461 962 intermissusr
493 896 675 981 patentibus
703 896 804 980 portis
835 895 930 974 urbis,
956 899 1054 982 togati
1084 899 1211 964 obvram

146 983 327 1070 trequentes
350 981 592 1067 imperatoribus
616 1003 815 1066 processere:
839 997 1033 1048 commeatus
1057 986 1212 1050 exercitui

148 1071 282 1135 comiter
298 1070 330 1132 in
346 1083 449 1136 castra
470 1091 509 1135 ex
529 1069 608 1134 urbe
629 1082 661 1133 et
676 1091 714 1132 ex
728 1069 813 1156 agris
827 1069 1005 1133 devehitur.
1051 1071 1212 1152 Camillus,

149 1156 260 1221 castris
283 1169 357 1220 ante
380 1169 489 1241 portas
514 1156 631 1240 positis,
658 1155 810 1219 eademne
832 1157 934 1219 forms
963 1157 1059 1240 pacis,
1083 1179 1156 1242 quae
1178 1157 1212 1222 in

149 1243 233 1328 agris
253 1255 476 1320 ostentaretur,
491 1242 585 1307 etiam
609 1241 694 1305 intra
720 1242 837 1306 moeuia
858 1255 946 1318 esset,
962 1241 1041 1307 scire
1062 1245 1211 1327 cupioas;

149 1329 309 1417 ingressus
333 1327 454 1405 urbem,
480 1328 536 1392 ubi
564 1340 706 1413 patentes
727 1328 851 1413 januas,
875 1341 907 1392 et
931 1328 1070 1392 tabernis
1095 1331 1213 1413 apertis

149 1416 313 1501 proposita
338 1415 445 1478 ontnia
470 1415 502 1478 in
528 1412 634 1478 medio
659 1413 748 1491 vidit,
773 1416 973 1500 intentosque
1001 1414 1129 1500 opifices
1155 1439 1213 1481 suo

150 1523 309 1589 quemque
320 1502 419 1586 oprrI,
435 1511 466 1564 et
480 1500 571 1564 ludos
584 1499 743 1564 literarum
766 1514 905 1585 strepere
920 1500 1107 1566 discentium
1126 1503 1212 1566 roci-

149 1588 219 1668 bus,
242 1609 280 1652 ac
305 1587 440 1672 repletas
466 1587 600 1662 semitas,
621 1586 705 1649 iuter
729 1587 841 1673 vulgus
866 1587 962 1663 aliud,
985 1609 1154 1672 puerorum
1180 1603 1213 1655 et

150 1675 320 1740 mulierum
345 1672 409 1737 huc
434 1686 528 1760 atque
552 1671 627 1737 illua
649 1673 801 1748 euntium,
818 1695 880 1760 qua
902 1695 1060 1760 quamque
1081 1697 1211 1740 suornm

149 1782 266 1826 usuum
293 1781 413 1825 caumas
437 1757 569 1824 ferrent:
592 1757 673 1822 nihil
701 1779 844 1843 nsquam,
868 1781 934 1824 non
959 1761 1081 1846 pavidis
1102 1763 1211 1843 morlo,

148 1847 204 1912 sed
226 1869 268 1912 ne
291 1845 477 1910 mirantibus
502 1845 628 1932 quidem
654 1845 772 1922 simile3
799 1846 1070 1933 circumspiciebat
1091 1849 1211 1926 omnia,

148 1934 312 2020 inquirens
326 1932 435 2010 oculis,
456 1932 585 1997 ubinam
607 1931 725 1996 bellum
749 1928 867 1998 fuisset.
893 1931 974 1997 adeo
989 1933 1082 1999 ¹1nac
1096 1948 1212 2000 amotae

149 2022 194 2086 rei
217 2041 360 2108 nsquam,
376 2041 435 2084 nec
455 2018 571 2082 oblate
592 2017 632 2082 ad
659 2029 783 2102 tempus
807 2019 973 2106 vestigium
1001 2019 1099 2085 ullum
1125 2035 1209 2087 erat:

149 2106 203 2172 sed
226 2109 272 2171 ita
294 2106 319 2145 ¹¹
328 2107 436 2170 omnia
457 2102 636 2170 consenti*
657 2102 827 2190 tranquilla
850 2127 937 2190 pace,
954 2117 989 2172 nt
1003 2127 1043 2172 eo
1057 2107 1109 2172 rix
1128 2106 1213 2174 sama

151 2191 224 2258 belli
239 2193 365 2278 perlata
374 2191 472 2256 videri
487 2204 602 2276 posset.

196 2280 319 2345 xxvt.
342 2280 452 2343 Victus
474 2279 570 2367 igitur
593 2275 744 2361 patientia
766 2275 916 2356 hostium,
932 2290 1073 2343 senatum
1099 2303 1210 2346 eorum

151 2368 256 2432 vocari
274 2365 377 2452 jussit.
421 2367 487 2431 Soli
508 2362 744 2450 adhuninquit,
766 2364 1030 2441 Muctuniana
1052 2387 1140 2428 arma
1163 2389 1211 2432 ne-

150 2475 260 2538 rasque
273 2455 363 2530 uires,
380 2451 487 2536 quibus
500 2451 540 2514 ab
555 2453 605 2513 ira
621 2451 827 2513 Rmaamum
843 2461 942 2515 nestra
957 2455 1148 2529 tutaremini,
1163 2455 1212 2516 ia-

150 2542 286 2604 aeaistis.
310 2540 353 2602 ite
379 2539 506 2602 Romam
531 2538 576 2600 ad
596 2546 742 2601 senatum.
764 2538 956 2601 aestimabunt
973 2540 1096 2614 Patres,
1113 2549 1212 2604 utrum

144 2628 217 2709 plus
231 2636 306 2690 urite
313 2645 426 2708 poenoe,
441 2645 482 2686 an
498 2645 577 2686 naar
590 2624 687 2686 amice
700 2624 804 2686 meriti
816 2624 894 2688 sitis.
917 2622 942 2662 ¹⁸
951 2644 1012 2686 aon
1027 2627 1213 2706 precipiam

146 2715 285 2797 gratiam
295 2711 414 2794 publici
424 2709 569 2793 beneficii.
591 2710 777 2791 deprecandi
784 2719 965 2792 potestatem
980 2733 1000 2772 a
1015 2731 1061 2773 mr
1070 2710 1214 2774 habueri·

150 2801 209 2875 tis‚·
228 2796 369 2882 precibus
383 2806 516 2860 ereatura
538 2797 646 2859 uestris
667 2803 798 2871 senatus,
824 2817 909 2879 quara
932 2797 1094 2874 uidebitur,
1115 2797 1213 2864 dubit.

153 2884 326 2970 Postquam
355 2883 489 2946 Romam
515 2878 687 2946 Tusculani
708 2897 871 2958 venerunt,
893 2896 1080 2969 senatusque
1105 2883 1213 2966 paullo

151 2983 223 3036 ante
249 2969 390 3033 fidelium
413 2968 568 3032 sociorum
592 2979 722 3030 moeetns
742 2968 774 3030 iu
790 2968 945 3033 vestibulo
966 2971 1061 3033 curiae
1075 2983 1123 3034 est
1137 2991 1214 3034 con·

151 3069 284 3141 spectus,
301 3055 380 3118 moti
395 3052 556 3139 extemplo
573 3052 693 3126 Patres,
711 3054 816 3116 vocari
831 3076 885 3118 eos
902 3057 968 3141 jam
985 3069 1053 3119 tum
1073 3055 1213 3141 hospita-

151 3141 221 3208 liter
237 3143 347 3228 magis,
370 3161 466 3226 quarn
491 3139 654 3214 hostiliter,
670 3139 800 3224 jussere.
845 3141 994 3206 Dictator
1013 3141 1214 3206 Tusculanus
1318 3149 1322 3158 '

152 3229 196 3294 ita
211 3228 307 3294 verba
322 3227 411 3292 fecit:
438 3225 554 3302 Quibus
568 3225 674 3288 bellum
690 3227 858 3301 indixistis,
872 3229 1087 3312 intulistisque,
1100 3232 1215 3294 Patres

150 3317 325 3398 conscripti,
341 3316 419 3378 sicut
429 3333 507 3376 nunc
521 3312 631 3376 uidetis
644 3331 698 3374 uos
711 3320 825 3376 stantes
841 3314 873 3376 ia
885 3314 1029 3378 uestibulo
1043 3317 1138 3378 caria
1151 3337 1215 3380 nes·

150 3414 220 3483 troe,
236 3405 282 3466 ita
297 3402 414 3463 arurati
422 3399 592 3482 paratique
606 3396 723 3460 obuiam
739 3399 972 3479 imperatoribus
990 3401 1215 3487 legionibusque

151 3491 260 3563 vestris
268 3488 477 3571 processimus.
515 3485 580 3550 Hir
590 3492 701 3558 nostra
713 3483 764 3546 bic
772 3484 873 3564 plebis
883 3494 995 3548 nostrie
1005 3487 1214 3572 babitusfuit,

151 3579 271 3660 eritque
283 3594 409 3656 seraper,
420 3573 484 3635 nisi
496 3573 525 3634 si
538 3569 661 3654 quando
675 3591 698 3631 a
710 3567 802 3644 nobis,
819 3591 939 3653 proque
953 3571 1045 3648 nobr'a,
1060 3595 1148 3636 urraa
1163 3597 1214 3638 uc-

94 3673 100 3688 ·
151 3663 324 3746 ceperimus.
370 3657 504 3722 Gratius
525 3659 642 3740 egimus
656 3663 686 3718 et
700 3655 823 3720 ducibus
844 3657 951 3721 vestris
972 3666 1002 3720 et
1023 3660 1213 3736 comitibus,

152 3750 233 3832 quod
252 3747 347 3810 cerda
371 3745 478 3830 nangis,
499 3763 588 3828 quara
610 3741 744 3817 auribus,
770 3743 981 3815 crediderunt,¹
1005 3753 1045 3819 et,
1061 3743 1114 3806 ubi
1134 3747 1216 3809 nibil

348 3876 357 3917 ¹
368 3884 450 3932 itineri
459 3883 533 3930 Gron.
545 3881 613 3929 Cret.
801 3875 940 3928 ¹‘renatam
952 3879 1020 3928 End.

185 3993 665 4059 ll'Nreontataeretrrequcm1Nullnm
699 3993 788 4038 tannia
810 4001 878 4041 erant
901 3995 1040 4058 ueraquilla,
1061 3999 1216 4052 paeemcou.

153 4079 256 4128 nequem
267 4071 319 4111 erat
336 4061 465 4123 uestigium
477 4061 512 4106 rel
522 4055 666 4120 cujusquam
699 4065 790 4103 stanter
807 4064 831 4103 et
851 4057 990 4105 omnimode
1009 4059 1132 4105 tuentibus
1149 4059 1213 4106 'Ins-

152 4139 195 4177 eut
210 4135 309 4185 amatre,
324 4135 352 4175 ut
371 4140 386 4173 a
404 4125 511 4186 periculo
531 4123 665 4184 ingruentis
697 4123 797 4167 cuiauis.

153 4195 208 4242 belli
225 4201 279 4242 tuta
294 4199 466 4256 prestareturr
483 4193 526 4235 aut
542 4189 665 4233 oblatrent
731 4185 762 4232 13
778 4185 836 4232 Noa
859 4186 1007 4250 precipiam]
1034 4187 1091 4233 Non
1111 4199 1212 4246 precer.

154 4259 178 4306 lu
198 4260 307 4306 medinm
324 4263 454 4317 prompta,
470 4259 498 4300 ut
516 4257 547 4300 ad
570 4249 667 4313 propul-
700 4263 755 4311 pam
777 4250 910 4310 quidquam
933 4263 947 4294 e
968 4251 1046 4310 gratia
1067 4247 1119 4312 ejus
1141 4253 1212 4296 bene.

153 4325 255 4370 tandum
267 4321 356 4369 bellum
368 4321 423 4366 usui
434 4323 503 4365 meet.
700 4316 756 4372 neit,
774 4317 838 4375 quod
856 4321 934 4360 toturn
952 4327 995 4361 vos
1012 4316 1105 4362 senatui
1127 4315 1213 4361 debere

187 4387 216 4436 12
234 4387 320 4435 Omnia
331 4387 446 4432 mactante
457 4381 581 4442 tranquillo
596 4383 664 4445 parc]
698 4381 774 4428 dccet.
794 4445 798 4452 μ
