3056 4928
432 252 484 310 Ll
493 252 525 310 B.
547 251 619 310 Vll.
646 251 747 310 CAP.
764 252 911 312 XXXIV.
1107 261 1184 314 4ι35Δ

114 412 248 480 siluisset
262 435 303 480 ex
317 437 409 501 equo,
429 416 579 494 Nostrum,
599 417 712 502 inquit,
733 417 867 500 peditum
886 416 973 492 illud,
989 417 1107 495 milites,
1123 428 1167 482 est
1176 441 1204 487 u.
1214 443 1242 489 c,
1254 441 1310 490 sn.

115 523 196 582 opus.
220 499 386 588 agitedum,
401 513 434 565 ut
448 525 496 566 me
510 504 651 581 videtitis,
666 524 849 588 quacumque
871 503 1015 568 incessero
1028 505 1060 567 in
1074 507 1166 570 aciem
1175 508 1206 554 Α·
1216 507 1243 554 ⁰·
1253 507 1309 554 ³⁴⁰·

116 587 253 665 lrostr'um,
261 587 350 669 ferro
364 589 444 654 oium
456 585 631 669 facientem,
647 589 692 654 sic
704 611 759 670 pro
772 593 805 651 se
816 591 937 674 ortisque
949 590 1049 654 obuios
1060 593 1168 654 sterni-

117 683 154 736 te.
201 673 260 740 ttto
273 676 384 752 omnio,
399 697 461 758 qua
473 697 549 739 narro
563 685 668 743 erectos
678 676 790 740 micum
803 677 907 752 lrostae,
921 675 1078 757 patefacta
1088 687 1168 741 etra-

114 781 154 842 ge
168 769 255 826 ousta
269 762 402 826 cernetis.
449 757 533 826 Haec
544 761 629 826 dicta
640 760 780 836 dederat,
793 783 890 846 quum
903 761 1022 846 equites
1032 763 1169 828 consulis

109 846 199 931 jussu
224 846 462 916 discurruntin
488 869 615 920 coruus,
640 845 815 932 legionibus
840 847 873 910 in
902 849 1038 912 medium
1057 851 1168 914 aciem

115 932 259 1017 aperiunt
276 935 370 997 viam.
405 933 530 1002 Primus
544 932 1103 1012 omniumcunsulinssdithostem;
1125 950 1167 1013 et,

115 1039 185 1082 cum
201 1039 267 1104 quo
281 1017 362 1086 forte
376 1020 508 1095 contulit
518 1019 663 1108 gradum,
675 1021 853 1084 obtruncat.
901 1019 976 1084 Hoc
990 1022 1169 1104 spectaculo

114 1101 273 1170 “accensi
298 1104 413 1172 dextra
439 1106 588 1189 laevnque,
606 1120 677 1168 ante
703 1129 735 1170 se
759 1105 901 1191 quisque,
927 1107 1166 1172 memorandum

115 1191 262 1274 proelium
285 1191 401 1258 cientl.
447 1193 540 1258 Stant
561 1192 662 1256 obnisi
688 1191 853 1266 Samnites,
869 1193 1169 1278 quamquamplura

115 1277 285 1360 accipiunt,
298 1299 392 1363 quam
407 1277 554 1354 inierunt,
566 1276 706 1340 vulnera.
751 1275 955 1362 Aliqusmdiu
966 1279 1033 1362 jam
1046 1300 1168 1366 pugua-

115 1374 181 1426 tum
197 1378 282 1429 erat:
305 1373 399 1428 atrox
415 1363 516 1430 caedes
530 1364 614 1428 circa
628 1364 717 1449 signa
733 1363 932 1440 Samnitium,
949 1363 1024 1449 luga
1043 1367 1084 1428 ab
1098 1365 1170 1429 nul·
1215 1393 1218 1398 ·

115 1446 221 1514 ledum
260 1463 327 1514 arte
350 1464 427 1514 erat.
447 1451 526 1516 adeo
543 1462 645 1514 morte
662 1449 729 1514 sola
748 1450 831 1514 vioci
853 1449 1084 1516 destinaverant
1103 1454 1170 1516 ani-

116 1535 183 1599 mis.
230 1472 342 1624 lisque
356 1536 503 1613 Romani,
516 1558 614 1622 quum
629 1534 655 1573 ⁵⁶
666 1549 697 1600 et
707 1535 803 1598 fluere
814 1537 880 1620 jam
896 1533 1079 1602 lassitudine
1089 1540 1170 1603 vires

116 1621 284 1698 sentirent„
295 1635 327 1688 et
340 1623 401 1688 diei
416 1621 502 1688 haud
518 1621 651 1686 multum
667 1635 838 1706 superesset
850 1625 866 1698 ¹,
886 1624 1010 1688 accensi
1033 1625 1079 1686 iro
1093 1645 1169 1688 cou-

114 1707 213 1788 nitaut
227 1731 260 1772 se
275 1708 307 1772 in
323 1708 457 1773 hostem.
502 1705 587 1772 Tum
603 1708 740 1792 primum
757 1706 864 1772 referri
878 1706 992 1792 pedem
1012 1723 1106 1795 atque
1121 1711 1169 1774 in·
1179 1727 1316 1773 vincuntur

116 1791 227 1870 alinsri
250 1815 317 1858 rem
343 1797 375 1858 in
399 1794 505 1881 fugam
523 1793 686 1879 adparuit3
709 1807 777 1857 tum
801 1793 882 1878 capi,
908 1795 1008 1858 occidi
1034 1797 1167 1860 Samnis.
1179 1791 1331 1870 ⁸⁸¹¹¹¹¹¹²03¹¹¹

116 1901 174 1946 nec
188 1880 415 1966 superfuissent
426 1879 530 1960 multi,
544 1879 578 1944 ni
592 1901 656 1946 nox
673 1879 834 1946 victoriam
849 1880 959 1966 magis,
975 1903 1069 1968 quam
1084 1903 1169 1968 proe-
1179 1855 1318 1918 compsam

115 1963 205 2044 lium,
225 1969 414 2035 diremisset.
459 1967 501 2030 Et
527 1965 663 2032 Romani
686 1965 873 2042 fatebantur,
896 1988 1069 2054 numquam
1096 1990 1169 2034 cum

116 2053 327 2135 pertinaciore
350 2054 438 2118 lroste
459 2051 658 2118 conflictum:
681 2065 713 2116 et
739 2053 906 2130 Samnites,
927 2075 1024 2139 quum
1048 2076 1171 2140 qurere-

117 2153 213 2218 retur,
229 2158 374 2224 quaenam
390 2139 493 2224 prima
506 2161 615 2203 caussa
628 2150 692 2203 tam
707 2138 883 2202 obstinatos
904 2139 1052 2204 movisset
1072 2141 1106 2204 in
1120 2139 1172 2204 su·

117 2227 212 2310 gam?
236 2226 337 2290 oculos
349 2226 410 2290 sibi
429 2225 637 2290 Ronronornm
652 2227 758 2288 ardere
780 2225 867 2300 visos,
881 2223 1018 2301 aiebant,
1033 2245 1173 2290 uesanos-

118 2331 174 2394 que
188 2313 288 2378 notros
313 2321 343 2374 et
360 2309 499 2392 Jirrenlio
523 2331 598 2374 oro:
622 2311 691 2374 iude
710 2309 893 2394 plusquam
908 2310 1024 2374 emelia
1045 2312 1110 2374 ullo
1130 2333 1172 2388 re,

120 2399 238 2462 terroris
260 2409 368 2466 ortam.
394 2419 487 2484 quem
512 2409 665 2461 terrorem
690 2417 754 2460 non
781 2417 896 2483 pugnoe
919 2394 1023 2458 solum
1046 2409 1173 2472 eventu,

119 2483 174 2548 sed
189 2495 346 2550 nocturna
359 2481 566 2568 profectione,
582 2481 712 2546 confessi
731 2497 815 2546 sunt.
863 2481 993 2546 Postero
1007 2481 1059 2548 die
1069 2484 1175 2548 vacuis

119 2566 255 2636 hostium
271 2571 381 2640 castris
402 2571 564 2634 Romanus
590 2568 725 2652 potitur:
748 2590 812 2653 quo
827 2590 858 2630 se
874 2568 978 2631 omnis
994 2567 1175 2654 Campano·

118 2677 188 2722 rum
205 2655 377 2722 multitudo
391 2653 624 2742 gratulabunda
638 2653 758 2720 effudit.

162 2741 329 2806 XXXIV.
354 2742 502 2808 Ceterum
517 2741 579 2806 hoc
593 2740 744 2828 gaudium
768 2760 885 2826 magna
910 2760 1011 2825 prope
1031 2740 1121 2806 clade
1142 2741 1290 2810 incomettt

120 2829 250 2892 Samnio
270 2829 422 2894 soedotum
437 2841 495 2892 est.
517 2849 591 2894 uam
606 2827 647 2892 ab
664 2826 803 2896 Saticula
826 2824 985 2911 proiectus
1009 2827 1177 2894 Cornelius
1185 2828 1327 2876 ⁰⁰⁰⁸⁰¹i⁸¹¹¹

120 2914 229 2980 consul
255 2915 429 2980 exercitum
453 2915 578 2986 incaute
604 2915 635 2976 in
665 2911 789 2988 saltum,
813 2933 892 2977 cm
915 2914 994 2978 valle
1022 2893 1336 3004 Pervlumsirfflss,⁹²'

119 3001 264 3086 circaque
277 3001 427 3066 insessum
443 3000 483 3066 ab
498 2999 598 3076 hosts,
612 2998 758 3064 induxitz
781 3020 841 3064 nec
854 3000 953 3084 prius,
966 3021 1062 3086 quam
1079 3021 1177 3086 recrpr

119 3099 187 3152 tuto
212 3089 304 3175 signa
325 3109 389 3154 nou
412 3101 570 3172 poterent,
591 3086 797 3152 inminentem
824 3086 921 3170 capiti
945 3085 1066 3150 hostem
1087 3086 1176 3151 vidit.

118 3171 144 3215 ⁶⁷
154 3173 245 3240 Dum
262 3174 294 3238 id
311 3192 409 3238 utores
426 3171 621 3240 Samnitibus
636 3185 692 3248 est,
709 3171 814 3257 quoad
831 3183 933 3238 toturn
957 3171 1113 3237 invallem
1130 3174 1178 3238 in·

119 3257 226 3324 limam
248 3259 275 3300 ⁵⁸
287 3259 488 3328 demitterent
511 3279 637 3360 agmen,
664 3257 699 3321 P.
727 3257 847 3322 Decius
868 3257 1015 3322 tribunus
1042 3259 1176 3324 militum

119 3346 273 3430 conspicit
290 3368 387 3422 uuum
403 3345 524 3412 editum
539 3367 571 3409 tn
587 3344 668 3408 saltu
684 3342 808 3418 collem,
821 3343 1026 3409 inminentem
1038 3343 1179 3409 hostium

119 3433 240 3510 castris,
256 3431 345 3498 aditu
359 3433 495 3498 arduum
516 3429 659 3516 inpedito
670 3429 801 3516 agmini,
817 3429 972 3515 expeditis
993 3429 1077 3494 haud
1096 3430 1179 3494 diffi-

120 3517 222 3584 cilem.
269 3518 381 3604 ltaque
402 3517 525 3582 consuli
539 3518 650 3582 territo
664 3516 775 3593 animi,
796 3515 935 3579 Videsne·
948 3526 991 3592 tu,
1008 3517 1120 3604 inquit,
1137 3516 1179 3583 A.

361 3685 375 3724 k
391 3691 435 3736 ciet
447 3690 521 3736 Gran.
532 3689 602 3738 cren.
728 3681 736 3719 ¹
752 3699 865 3746 remeare
877 3685 944 3733 Eaed
997 3711 1002 3722 ·

153 3835 185 3882 65
195 3833 308 3882 Arana.
321 3835 563 3897 ..qunque...ctet1
581 3835 634 3881 tte-
668 3835 843 3882 Cunctantibua
863 3832 1021 3885 Samnitibus,
1041 3838 1065 3878 et
1084 3844 1181 3891 exspec-

122 3899 168 3946 llns
189 3899 264 3947 dente
286 3901 350 3960 quod
367 3899 466 3960 prefert
485 3902 633 3959 campanus.
666 3899 774 3945 tentibus
795 3900 855 3944 dum
882 3895 965 3943 consul
989 3903 1068 3942 totum
1093 3908 1180 3956 agmen

120 3970 145 4010 et
155 3977 220 4010 unus
231 3976 245 4010 e
256 3965 344 4010 nostris
352 3965 420 4010 codd.
438 3965 477 4011 Sic
488 3977 575 4024 supra:
591 3977 635 4024 pro
666 3963 803 4012 demisisset
821 3963 846 4008 in
858 3962 955 4014 vallem,
969 3961 1010 4006 ubi
1021 3972 1078 4006 eum
1095 3959 1183 4006 tretili-

121 4041 144 4078 ae
162 4027 256 4093 quisquc
273 4029 347 4076 edoma
363 4029 468 4088 demite,
486 4023 635 4082 conetense,
668 4041 707 4076 ure
720 4029 856 4086 oppremrt
867 4025 912 4074 ribi
923 4024 1073 4078 videbantur.

122 4095 277 4142 modernas.
700 4089 732 4138 58
760 4087 909 4150 Demitteret]
947 4087 1018 4136 Hanc
1044 4089 1182 4142 lautianm.

152 4155 184 4204 56
209 4153 244 4204 Et
255 4155 346 4220 fluere]
370 4157 468 4218 Septem
488 4155 635 4204 Gronoviani
668 4170 723 4216 quse
748 4151 880 4213 priscorum
903 4153 1024 4199 editorum
1045 4159 1092 4206 est,
1112 4157 1182 4200 tuen·

122 4219 193 4270 MSS.
215 4221 322 4282 quinque
344 4237 358 4270 e
381 4221 480 4282 nostris,
503 4215 549 4270 hoc‘
571 4221 637 4281 quod
668 4230 708 4266 tur
727 4231 770 4284 sen
788 4219 857 4264 oodd.
874 4217 958 4264 nostri
990 4215 1126 4274 Gronovius
1140 4217 1188 4262 de·-
1280 4271 1285 4281 .

121 4277 357 4336 edidimusflrmmt
380 4285 530 4348 Editivulgo
547 4287 637 4332 habeut
668 4286 736 4331 derat
762 4275 912 4336 demitterent,
936 4286 961 4326 et
978 4281 1129 4328 intellexerat
1153 4282 1186 4328 de

121 4347 218 4412 mere,
228 4351 293 4411 quud
304 4349 386 4398 miuus
396 4347 512 4412 placebat.
669 4347 836 4400 Samnitibuss
853 4347 917 4407 quod
932 4347 1050 4392 ruiramus
1068 4346 1185 4392 excidium

155 4411 186 4461 st
205 4411 269 4474 Dante
289 4408 317 4462 td
340 4429 408 4461 monn
431 4412 573 4464 taminatus
592 4413 636 4476 est]
669 4425 767 4460 summo
778 4411 836 4458 viro·

721 4473 799 4538 ΡΗ
