3056 4928
324 132 380 204 aa
661 141 663 146 ·
713 122 824 184 arar
854 123 988 184 urvrr

166 305 196 352 a.
208 303 233 350 c.
245 303 300 350 412.
326 290 517 371 hocaequor
529 284 700 366 fortunam.
741 283 862 368 ,Quam
877 288 940 350 irae
954 288 1101 352 salutaria
1117 287 1263 364 videatur,
1279 284 1375 370 agite·

165 371 196 415 Α·
207 369 233 414 ⁰·
245 369 300 416 ³⁴⁰·
326 377 407 447 dam,
422 373 456 434 ia
469 375 610 436 dextram
621 382 739 453 portem
751 373 875 453 pedibus
890 374 1025 440 armar.

370 457 535 524 XXXVI.
560 458 680 522 Omnes
691 459 893 534 transierunt,
909 459 1136 544 vadentemque
1149 479 1206 543 per
1224 458 1379 520 intermis-

327 569 361 612 se
384 543 533 610 custodiis
556 543 626 608 loca
641 544 777 610 Decium
802 545 900 611 secuti
924 563 1007 610 sunt.
1050 545 1120 610 Jum
1140 558 1380 610 evaserantme-

327 633 379 698 die
394 643 505 706 castra,
521 652 619 716 quum
641 629 889 714 superscandens
909 631 1038 719 vigilum
1060 645 1159 696 strata
1179 651 1293 694 somno
1312 649 1381 692 cor·

327 740 407 804 pora
430 717 520 782 miles
541 715 664 780 offenso
687 729 776 782 scuto
804 717 943 802 praebuit
968 719 1116 784 sonitum.
1138 740 1203 802 quo
1228 716 1383 778 excitatus

327 803 403 891 vigil
423 825 520 890 quum
542 803 728 888 proximum
743 805 898 879 arcuisset,
914 806 1073 891 erectique
1085 805 1163 868 elios
1177 802 1382 876 concitarent,

327 890 431 976 ignari
445 889 526 954 cives
541 911 580 952 an
596 887 701 954 hostes
723 903 834 966 esseut,
850 891 1032 974 praesidium
1046 903 1234 974 erumperet,
1251 909 1291 951 an
1308 907 1384 952 con·

328 977 374 1042 sul
391 991 492 1040 castra
507 975 655 1060 cepisset:
681 975 810 1052 Decius,
826 976 957 1062 6⁴quum
971 999 1033 1040 non
1046 975 1198 1052 fallerent,
1212 974 1386 1040 clamorem

329 1063 540 1148 tollerejussis
554 1060 717 1142 militibus,
730 1061 874 1146 torpidos
891 1085 1004 1128 somno
1026 1063 1154 1146 insuper
1176 1083 1294 1146 pavore
1308 1081 1388 1125 exa-

329 1150 447 1224 nimat3
470 1171 535 1234 quo
548 1148 728 1234 praepediti,
744 1169 801 1214 nee
825 1171 912 1214 arma
934 1150 1059 1235 inpigre
1074 1170 1196 1234 capere,
1214 1167 1271 1212 nee
1285 1145 1388 1210 obsis-

329 1249 403 1312 tere,
419 1257 477 1300 nec
492 1235 610 1320 insequi
626 1247 781 1318 poterant.
826 1235 913 1300 Inter
935 1235 1174 1320 trepidationem
1198 1231 1388 1298 tumultum·

329 1345 392 1409 que
419 1322 619 1398 Samnitium,
643 1321 827 1404 praesidium
858 1321 1049 1397 Romanurn,
1072 1322 1173 1384 obviis
1201 1318 1388 1386 custodibus

328 1409 426 1484 cresis,
446 1407 487 1472 ad
511 1423 614 1472 caetra
638 1407 775 1473 consulis
796 1408 948 1492 pervadit.
992 1407 1200 1494 Aliquantum
1224 1415 1391 1490 supererat

170 1513 301 1560 naturae
329 1495 440 1571 noctis,
452 1496 581 1580 jamque
595 1495 627 1556 in
643 1505 713 1558 tuto
728 1493 1005 1569 videbanturesse;
1028 1516 1127 1579 quum
1139 1492 1268 1568 Decius,
1282 1491 1391 1558 Mucti

168 1580 301 1656 ereetum
328 1583 445 1658 catate,
462 1580 576 1667 inquit,
592 1581 701 1644 auilites
722 1581 864 1658 Romam,
885 1591 955 1644 este.
977 1591 1103 1646 uestrum
1124 1582 1182 1644 iter
1202 1601 1240 1642 uc
1261 1579 1391 1642 reditum

168 1645 296 1754 pqqqpumu
330 1667 546 1732 omniuaecula
565 1667 702 1730 madibus
714 1665 828 1747 serent.
872 1669 933 1732 Sed
954 1669 996 1730 od
1019 1666 1253 1748 conspiciendam
1270 1673 1390 1728 tautum

255 1767 263 1780 “
328 1756 468 1822 virtutem
483 1754 547 1816 luce
560 1774 598 1815 ae
611 1753 661 1816 die
670 1773 744 1834 opue
755 1761 808 1816 est.
830 1773 883 1819 aec
896 1775 946 1818 tae
961 1753 1047 1838 digni
1060 1754 1138 1828 esta,
1153 1774 1223 1836 qaus
1237 1773 1306 1816 mem
1321 1761 1390 1814 tua-

329 1851 365 1905 ta
384 1839 487 1923 glorio
502 1841 532 1902 iu
552 1849 653 1902 caetra
673 1840 795 1902 reduces
814 1838 965 1904 silentiam
980 1861 1018 1904 uc
1032 1861 1091 1902 rrae
1113 1848 1204 1924 tegat.
1228 1837 1277 1901 iric
1293 1838 1389 1900 breem

330 1927 423 2012 quieti
435 1925 631 2006 opperiamur.
667 1923 770 1988 Dictis
785 1924 1047 2010 obtemperatum.
1071 1937 1165 2010 atque
1180 1923 1232 1988 ubi
1247 1924 1390 2009 primunr

329 2011 457 2089 inluxit,
486 2011 648 2094 premisso
674 2011 791 2074 nuncio
815 2010 856 2074 ad
883 2011 1043 2076 consulem
1069 2011 1103 2073 in
1130 2024 1243 2086 castra,
1266 2008 1391 2096 ingenti

329 2097 449 2186 gaudio
463 2095 715 2160 “concitantun
738 2108 779 2173 et,
795 2095 946 2162 ⁶⁴3tessera
965 2099 1046 2174 datu,
1064 2097 1240 2162 incolumes
1262 2095 1389 2171 reverti,

331 2185 386 2269 qui
401 2206 457 2248 sua
471 2203 606 2267 corpora
619 2205 679 2268 pro
694 2181 796 2248 salute
810 2184 949 2248 omnium
965 2183 1051 2248 haud
1065 2183 1164 2248 dubio
1178 2181 1321 2266 periculo
1332 2180 1391 2246 ob-

325 2271 481 2356 jecissent,
498 2291 557 2352 pro
572 2291 605 2332 ee
619 2270 750 2355 quisque
764 2268 888 2334 obviam
909 2269 998 2334 effusi
1019 2269 1158 2346 laudant,
1174 2267 1389 2351 gratulentur,

331 2356 470 2444 singulos
494 2357 718 2442 universosque
738 2372 910 2420 servatores
933 2377 1006 2420 euos
1031 2369 1164 2421 voemrt:
1188 2354 1263 2419 Diis
1280 2353 1391 2418 laudes

330 2459 498 2528 gratesque
512 2455 621 2528 agunt,
639 2441 775 2506 Decium
789 2441 822 2504 in
838 2441 954 2506 coelum
970 2441 1083 2508 serunt.
1131 2441 1196 2508 Hic
1210 2441 1307 2506 Decii
1323 2463 1391 2506 cas-

315 2531 442 2594 trensis
456 2528 637 2612 triumphus
651 2527 720 2608 fuit,
733 2527 905 2592 incedentis
919 2549 975 2614 per
992 2529 1096 2594 media
1115 2542 1217 2594 castra
1243 2549 1317 2592 cum
1336 2548 1391 2590 ur-

288 2616 294 2624 '
330 2631 416 2680 muto
445 2614 602 2699 praesidio,
625 2615 774 2700 conjectis
796 2614 829 2680 in
853 2635 926 2678 eum
949 2616 1091 2680 omnium
1115 2615 1226 2693 oculis,
1248 2627 1280 2678 et
1301 2613 1392 2678 omni

331 2701 454 2766 bonore
468 2703 630 2764 tribunum
653 2700 775 2764 consuli
797 2701 1007 2787 aequantibus.
1053 2700 1120 2766 Ubi
1141 2699 1180 2764 ad
1203 2700 1392 2784 praetoriunr

283 2833 285 2838 ,
332 2799 464 2852 ventum
480 2799 535 2862 est,
552 2785 660 2850 consul
679 2786 807 2851 classico
822 2786 864 2852 ed
878 2789 1063 2852 concionem
1087 2800 1257 2852 convocat:
1280 2807 1391 2852 orsus·

333 2895 394 2973 que
408 2873 535 2938 meritas
551 2872 643 2938 Decii
653 2871 773 2948 laudes,
789 2871 956 2939 interfante
969 2874 1040 2959 ipso
1050 2873 1162 2950 Decio,
1177 2872 1302 2938 distulit
1315 2893 1392 2938 con·

332 2979 475 3026 etonem:
498 2959 553 3044 qui
568 2974 678 3024 auctor
691 2959 798 3024 omnia
814 2959 1033 3042 posthabendi,
1044 2959 1126 3024 dum
1137 2959 1261 3026 occasio
1275 2959 1309 3024 in
1325 2979 1392 3024 me·

333 3044 427 3114 nibus
441 3059 530 3121 esset,
546 3045 685 3130 perpulit
699 3045 869 3120 consulem,
886 3061 921 3112 ut
934 3046 1051 3124 hostes,
1067 3061 1099 3112 et
1113 3059 1270 3112 nocturno
1284 3067 1391 3130 paro-

333 3153 369 3196 re
384 3129 554 3208 adtonitos,
570 3143 602 3196 et
616 3127 700 3196 circa
714 3131 825 3198 collem
848 3132 1068 3198 filcastellatim
1091 3132 1163 3196 dissi
1205 3144 1264 3209 tos,
1280 3133 1392 3214 adgre-

334 3217 472 3282 deretur.
494 3217 623 3281 credere
645 3219 737 3283 etiam
763 3219 896 3304 aliquos,
911 3219 952 3283 ad
976 3242 1010 3284 se
1035 3154 1227 3305 sequendiim
1251 3219 1391 3294 emissos,

174 3323 315 3372 vincuntur
336 3325 394 3388 per
407 3303 523 3368 saltum
538 3305 655 3390 vagari.
699 3304 801 3370 Jussae
821 3305 961 3391 legiones
980 3327 1069 3370 arma
1089 3326 1220 3390 capere:
1244 3325 1392 3391 egressa·

174 3389 301 3435 samnites
337 3413 399 3477 que
413 3389 532 3467 castris,
549 3413 647 3477 quum
663 3411 720 3474 per
743 3390 957 3474 exploratores
974 3392 1078 3455 notior
1098 3393 1163 3478 jam
1187 3391 1286 3454 saltus
1301 3405 1390 3466 esset,

336 3478 385 3542 via
400 3476 575 3561 patentiore
595 3476 635 3540 ad
657 3475 777 3540 hostem
793 3476 964 3544 ducuntur.
987 3500 1080 3562 quem
1100 3479 1263 3542 incautum
1283 3476 1392 3561 inpro-

335 3564 402 3628 viso
416 3562 548 3643 adortae,
559 3585 657 3648 quum
671 3563 766 3646 palati
781 3563 896 3646 passim
909 3565 1098 3628 Samnitium
1114 3564 1238 3640 milites,
1250 3562 1394 3649 plerique

334 3651 480 3720 inermes.
495 3670 554 3713 nec
568 3651 654 3713 coire
667 3651 698 3712 in
715 3669 824 3726 unum,
841 3670 899 3714 nee
920 3671 1007 3714 arma
1028 3671 1151 3734 capere,
1172 3668 1231 3713 nec
1254 3650 1394 3738 recipere

335 3737 418 3802 iutra
433 3733 548 3798 vellum
568 3758 602 3800 se
620 3751 758 3820 possent,
774 3741 939 3819 paventem
961 3737 1108 3821 primurn
1122 3737 1155 3799 in
1181 3747 1292 3814 castra¹
1307 3757 1391 3800 conr-

357 3823 474 3886 ellunt:
500 3820 614 3885 deinde
637 3835 738 3886 castra
763 3825 840 3906 ipsa,
867 3821 1001 3887 turbatis
1026 3823 1227 3900 stationibus,
1251 3823 1390 3907 capiunt.

334 3845 497 3975 l'erfcrtur
510 3905 596 3982 circa
617 3907 728 3973 collem
752 3909 888 3986 clamor:
913 3912 1064 3996 lugetque
1086 3931 1127 3974 ex
1148 3909 1212 3973 suis
1234 3928 1389 3996 quemque

365 4075 503 4132 dt'erum
522 4091 566 4122 noa
581 4075 705 4139 sailrrcatl
721 4078 841 4130 Quoniam
907 4080 938 4125 66
959 4079 1130 4142 ramatum]
1148 4079 1245 4126 Nunciu
1265 4077 1308 4138 p'er
1324 4089 1390 4122 exer·

333 4157 381 4188 non
401 4141 535 4188 fefellerant
565 4143 669 4200 bostem,
695 4143 737 4188 sed
764 4143 843 4190 auditi
874 4143 1216 4202 citumdidito,tesseraeop,e.

333 4207 437 4252 luerunt.
909 4209 940 4255 67
959 4209 1112 4271 erratuum]
1141 4209 1248 4268 sparsim
1278 4221 1320 4268 per
1340 4207 1391 4265 glo·

366 4270 397 4316 03
415 4269 578 4332 Coarttcrrtur]
597 4269 689 4317 Milites
700 4279 842 4318 castrorum.
877 4274 928 4320 bos.
