3008 4908
7 2979 8 2984 ’
91 2967 229 3040 brantes,
246 2965 367 3032 novalis
383 2964 523 3030 victoriae
538 2987 653 3029 vanum
670 2962 795 3029 titulum

382 215 475 276 LlB.
501 217 682 312 tuear.
710 214 838 276 XXXV.
1083 215 1142 279 26⁵

87 381 167 465 equi,
185 379 368 444 Veientium
392 383 528 445 maxima
549 403 624 466 pars
645 380 788 446 Tiberim
809 377 899 444 effusi
961 393 1044 445 tunt.
1079 380 1297 464 ’Fi-ttosta¹

86 469 247 532 denatium
264 467 320 552 qui
335 479 511 551 supersunt,
527 469 566 531 ad
584 467 693 532 urbem
712 467 847 531 Fidenas
861 481 912 532 ten
939 481 1006 531 unt.
1044 465 1144 532 Infert
1151 465 1182 513 A.
1193 465 1288 514 ‘2⁴²3

88 553 216 638 pavidos
243 551 320 637 suga
348 553 380 616 in
410 552 544 618 mediam
569 553 708 618 cedem:
732 553 964 618 obtruncantur
989 555 1022 616 in
1049 553 1141 638 ripis:

86 640 171 715 alios,
196 639 230 702 in
256 660 373 724 aquam
396 639 589 724 compulsos,
604 643 745 728 gurgites
766 639 887 702 ferunt:
911 641 1005 704 etiarn
1027 641 1145 725 peritos

85 725 180 790 nundi
204 723 365 790 lassitudo
387 739 419 788 et
442 725 571 790 vulnera
593 741 624 790 et
649 747 749 809 pavor
772 725 961 812 degravatum
985 727 1078 810 pauci
1104 747 1145 790 ex

85 812 189 876 multis
203 825 350 876 tranant.
372 811 503 876 alterum
523 833 634 900 agmen
651 812 748 877 fertur
769 833 826 896 per
847 826 949 876 castra
971 812 1003 874 in
1023 813 1144 876 urbem.

85 898 213 962 eadem!
240 911 274 961 et
302 897 464 962 Romanos
487 913 650 984 sequentes
675 900 800 984 inpetus
824 899 923 983 rapit;
957 898 1143 974 Quinctium

84 985 233 1060 maxime,
251 997 285 1048 et
304 1005 388 1048 cum.
399 1006 437 1048 eo
458 983 622 1071 degressos
646 985 740 1048 modo
755 985 796 1048 de
811 985 980 1060 montibus,
997 986 1145 1050 recentis·

85 1071 198 1136 simum
216 1069 261 1134 ad
279 1069 418 1134 laborem
434 1070 574 1148 militem,
591 1070 666 1156 quin
682 1067 796 1134 ultimo
814 1071 928 1155 proelio
943 1070 1122 1135 advenerat.

123 1155 304 1222 XXXlV.
330 1155 389 1232 Hi,
404 1170 569 1242 postquam
587 1158 677 1221 mixti
689 1155 831 1221 hostibus
843 1171 966 1240 portem
978 1157 1144 1237 intravere,
1153 1181 1238 1242 capt·
1249 1179 1293 1227 m.

83 1242 112 1306 in
136 1265 254 1306 muros
279 1244 432 1316 evadunt3
456 1243 582 1329 suisque
603 1243 687 1328 capti
710 1243 821 1328 oppidi
841 1244 965 1332 signum
988 1265 1028 1308 es
1054 1246 1231 1306 murodwt·
1318 1317 1322 1324 Ι

84 1329 212 1394 tollunt.
262 1327 361 1404 Quod
380 1328 433 1392 ubi
446 1328 581 1394 dictator
595 1331 769 1413 conspexit,
786 1330 869 1414 (jam
885 1330 968 1393 enim
984 1330 1097 1413 etipse
1112 1329 1145 1392 in

83 1415 208 1480 deserta
227 1413 368 1479 bostium
383 1427 484 1478 castra
498 1416 729 1499 penetraverat)
744 1417 922 1498 cupientem
939 1414 1068 1479 militem
1083 1414 1147 1478 dis-

84 1523 214 1566 currere
238 1499 280 1564 ad
300 1499 454 1584 praedam,
471 1523 526 1584 spe
539 1501 655 1585 injecta
669 1501 796 1587 majoris
820 1502 852 1564 in
870 1501 946 1566 urbe
962 1499 1090 1586 prredoe,
1105 1501 1146 1565 ad
1172 1547 1176 1560 .

83 1605 212 1673 portum
241 1587 331 1650 ducit
339 1609 348 1662 ;
381 1601 584 1672 receptosque
612 1588 696 1652 intra
728 1609 844 1664 muros,
875 1588 907 1650 in
941 1609 1056 1667 arcem,
1083 1609 1147 1674 quo

85 1697 173 1740 ruere
199 1673 392 1760 fugientium
418 1672 544 1737 turbant
561 1673 697 1749 videbat,
713 1674 825 1760 pergit.
870 1673 940 1738 Nec
963 1674 1066 1738 minor
1085 1696 1147 1739 cae-

85 1759 137 1824 dea
158 1763 195 1825 in
228 1759 317 1835 urbe,
333 1780 428 1844 quam
451 1760 484 1823 in
509 1757 638 1843 proelio,
662 1759 737 1835 luit;
760 1761 872 1837 donec,
891 1760 1018 1846 abjectis
1041 1760 1148 1841 armis,

86 1845 160 1910 nihil
184 1858 309 1932 praeter
323 1845 420 1910 vitam
443 1857 592 1930 petentes,
608 1844 756 1910 dictatori
777 1845 945 1910 deduntur.
990 1845 1078 1912 Urbs
1095 1869 1148 1910 ca·

84 1931 430 2019 atraquediripiuntur.
469 1931 664 1996 Posterodie
679 1931 846 2018 ⁸⁵siugulis
855 1933 985 2018 captivis
994 1931 1149 2020 abequite

84 2019 121 2084 ad
134 2018 363 2084 centurionem
378 2029 462 2082 sorte
475 2017 589 2092 ductis,
613 2031 654 2093 et,
677 2039 811 2105 quorum
832 2019 950 2084 eximia
964 2021 1061 2084 virtus
1082 2019 1149 2084 lue·

87 2121 140 2184 rut,
156 2105 260 2182 binis,
276 2103 347 2168 aliis
368 2105 427 2168 sub
449 2125 566 2168 corona
581 2104 789 2181 venumdatis,
804 2105 976 2170 exercitum
997 2105 1148 2170 victorem

88 2191 343 2278 opulentumque
357 2187 467 2273 praeda
480 2189 681 2273 triumphans
694 2189 830 2254 dictator
847 2190 982 2254 Romam
1003 2191 1147 2255 reduxit:

83 2279 236 2364 jussoque
264 2276 416 2362 magistro
444 2276 584 2362 equitum
615 2275 762 2340 abdicare
794 2299 826 2338 se
855 2277 1051 2364 magistratu,
1082 2277 1150 2360 ipse

90 2364 207 2430 deinde
231 2362 359 2428 abdicat
373 2361 424 2426 die
443 2361 665 2437 sextodecimo,
692 2361 817 2426 reddito
842 2362 875 2424 in
901 2383 978 2444 pace
1003 2363 1147 2446 imperio,

89 2450 175 2538 quod
192 2452 225 2514 iu
240 2447 326 2514 bello
340 2446 532 2534 trepidisque
547 2446 641 2512 rebus
656 2461 828 2532 acceperat.
851 2447 877 2486 ⁶⁶
888 2447 1009 2512 Classi¹
1022 2453 1278 2596 <puoque0¹w¹buu

89 2539 124 2602 ad
150 2537 294 2602 Fidenas
308 2547 484 2620 pugnatum
500 2555 572 2598 cunr
589 2532 783 2610 Veientibus,
806 2533 934 2618 quidam
956 2555 1038 2598 anna
1051 2556 1084 2598 es
1099 2524 1307 2632 νε-ξ’ἑῑῑῑὲἶὲξξξι

90 2625 207 2688 tulere:
232 2643 301 2686 rem
323 2643 416 2706 teque
435 2618 593 2684 difficilem
616 2633 710 2706 utque
732 2618 965 2697 incredibilem3
990 2641 1047 2683 nec
1063 2641 1149 2684 nunc

90 2709 154 2776 leto
173 2709 252 2774 satis
274 2707 315 2773 ad
337 2706 400 2772 boo
424 2727 533 2782 amne;
556 2718 588 2770 et
611 2718 678 2770 tum
703 2705 876 2791 aliquanto,
892 2718 926 2770 ut
951 2729 970 2770 a
995 2706 1150 2770 veteribus

90 2796 280 2880 accepimus,
306 2796 443 2858 artiore:
467 2793 525 2856 nisi
541 2792 574 2856 in
588 2793 721 2878 trajectu
737 2795 818 2856 lorte
828 2791 966 2858 fluminis
977 2791 1150 2878 prohiben-

7 2915 8 2920 1
91 2883 143 2959 do,
164 2881 344 2968 aliquarum
368 2881 495 2944 navium
522 2899 709 2942 concursum
734 2878 766 2941 in
790 2879 891 3028 mucius
910 2883 966 2978 ·(ut
990 2877 1041 2958 fit)
1069 2877 1150 2944 cele-

876 2979 999 3030 enuere.

132 3053 286 3120 XXXV.
316 3053 489 3136 insequens
516 3071 619 3115 annus
646 3050 791 3116 tribunos
809 2987 978 3117 ‘militares⁴
996 3051 1293 3120 consultricem.

93 3153 247 3225 potestate
266 3137 379 3202 babuit
395 3137 435 3201 A.
453 3137 674 3221 Sempronium
692 3137 886 3214 Atratinum,
909 3137 947 3202 L.
964 3136 1189 3214 Quinctiumlb
1199 3135 1226 3182 ‘r
1237 3134 1293 3184 422

95 3228 334 3299 Cincinnatum,
351 3226 387 3288 b
401 3223 533 3288 Furium
547 3221 772 3300 Medullinum,
789 3223 828 3289 L.
842 3223 1013 3289 Horatium
1031 3223 1151 3288 Barba·
1159 3199 1312 3322 ssgf'pss:

93 3329 169 3382 tum.
218 3309 405 3378 Veientibus
419 3331 575 3376 annorum
591 3309 701 3396 viginti
726 3308 864 3374 induciae
878 3309 973 3393 datae,
988 3324 1021 3376 et
1035 3309 1217 3398 AEquisstu.

316 3473 329 3512 1
340 3465 414 3516 rodon
426 3467 501 3516 Gron.
513 3467 582 3514 Crev-
713 3461 731 3499 2'
739 3467 854 3514 cussum
864 3467 932 3516 aad.

96 3605 182 3662 pulos
205 3613 323 3663 sumptim
345 3601 508 3655 diflbdiasent,
528 3601 563 3646 lta
581 3605 610 3648 ut
637 3602 757 3664 praelecto
775 3603 864 3650 dicitur
882 3603 947 3662 apud
970 3599 1069 3648 Festum
1089 3597 1149 3648 lbld.

95 3668 200 3730 undique
217 3663 364 3728 objices-m
385 3665 534 3726 ineuntibus
555 3665 612 3712 bos·
642 3673 667 3714 et
683 3669 748 3726 apud
765 3667 871 3714 Gellium
889 3667 905 3712 l.
917 3667 938 3714 1.
956 3680 977 3713 c.
991 3665 1029 3714 11.
1046 3678 1090 3725 po
1104 3665 1154 3712 ude

96 3731 165 3780 tibus.
641 3732 770 3778 inducto.-
790 3738 815 3778 et
835 3730 915 3778 dorm
936 3743 1031 3792 quoque
1044 3740 1154 3788 ‚tuttrpo-

124 3797 156 3844 65
172 3793 296 3859 Singulis]
321 3793 405 3848 Quum
428 3793 543 3852 Romani,
562 3807 610 3840 oon
643 3795 679 3840 vlt
689 3795 806 3856 Virgilius
816 3796 832 3841 1.
844 3795 901 3842 Vll.
912 3809 936 3843 v.
948 3793 1002 3842 tle.
1014 3807 1058 3854 pro
1068 3803 1152 3854 eques·

96 3862 192 3920 quidem
205 3859 463 3914 omnmedtaotum
482 3859 513 3904 ab
527 3858 608 3918 equite
642 3859 720 3906 tribus
738 3861 820 3918 copiis.
853 3859 936 3914 Quum
957 3859 1033 3920 igitur
1050 3856 1153 3904 incredi-

96 3925 124 3972 ad
134 3925 315 3982 centurionem,
333 3927 398 3970 torte
414 3923 539 3970 dudunt
558 3923 608 3968 sio-
640 3923 689 3968 bile
706 3923 752 3982 ipsi
769 3923 838 3970 Livio
849 3924 959 3970 uideatur
974 3923 1054 3970 navali
1071 3933 1155 3982 pugna

96 3991 163 4048 sulca
177 3989 289 4049 captivos
308 3987 354 4034 sibi
373 3987 533 4042 ιᾱᾱίιωάοις
550 3999 609 4046 quo·
641 3986 847 4036 dimicaturae-e
860 3989 926 4047 apud
943 3987 1056 4044 Fidenas,
1070 3985 1153 4032 vet*

97 4063 149 4100 ntur
165 4061 250 4102 autem
268 4051 361 4100 emmiu
371 4052 448 4098 virtus
465 4051 556 4109 tuerat,
574 4051 610 4098 bi·
641 4051 700 4096 mile
710 4057 747 4098 est
758 4057 850 4098 veteres
866 4053 1003 4112 soripmres,
1015 4051 1058 4110 qui
1074 4049 1155 4098 euru

10 4137 11 4156 t
98 4129 147 4168 m.
641 4113 682 4160 ius
693 4118 827 4176 pandum
844 4117 988 4174 retulerunt,
1005 4115 1066 4162 nibil
1086 4113 1154 4162 aliud

127 4183 158 4232 bd
174 4179 308 4243 emuna]
347 4179 463 4228 Vernaus
480 4177 545 4240 suit,
572 4179 610 4226 iu·
643 4178 755 4232 voluisae,
772 4180 1004 4238 quotiacum-ritibus
1020 4177 1152 4232 instructis.

98 4247 148 4304 quit
166 4249 193 4295 ln
205 4261 264 4295 voce
275 4245 403 4292 Proetum
420 4241 516 4300 Festus,
530 4243 611 4291 ruald
643 4243 691 4298 vel,
708 4243 729 4288 ti
745 4243 800 4303 qula
817 4244 942 4304 maluerit,
953 4244 1103 4306 quomo·
1113 4255 1153 4289 co·

100 4309 197 4360 taum
233 4310 365 4364 tamn,
398 4321 469 4367 quous
505 4309 610 4363 udam,
643 4307 690 4368 piis
701 4307 852 4356 dimicem

98 4371 185 4425 &mu
202 4375 328 4438 appellari.
368 4373 453 4433 tuqus
480 4377 506 4418 et
530 4371 611 4420 eleum
