3008 4908
439 231 535 292 LIB.
564 231 616 292 lV.
643 233 748 292 CAP.
776 231 845 290 XX.
1102 239 1160 304 249

104 398 260 466 exercitus
284 399 330 462 ita
352 399 437 462 stetit
458 398 637 473 instructus,
662 412 697 461 ut
719 396 865 462 dextrum
891 417 990 462 cornu
1005 395 1161 476 Veientes,
1171 414 1201 462 ιι
1210 413 1238 460 c.
1250 413 1324 462 ste.

105 485 268 550 sinistrum
295 481 410 550 Falisoi
430 496 583 554 tenerent
600 483 694 546 medii
716 482 881 548 Fidenates
895 494 1007 550 essent.
1051 477 1309 548 Dicta-Md&-

104 586 152 635 tor
166 570 285 636 dextro
299 591 401 634 cornu
413 569 561 634 adsersus
575 569 721 644 Faliscos,
736 569 863 634 sinistro
878 585 988 634 contra
999 569 1161 634 Veientem

105 657 310 741 Capitolinus
324 655 493 732 Quinctius
508 655 611 720 intulit
624 657 723 740 signa.
738 668 811 720 aitte
826 656 960 722 mediam
977 655 1073 720 aciem
1089 678 1160 721 cum

103 743 248 828 equitatu
273 743 423 829 magister
447 743 585 827 equitum
610 743 769 825 processit.
815 741 989 826 Parumper
1003 741 1161 805 silentium

103 845 135 894 et
170 829 240 894 uies
253 827 326 905 fuit,
344 851 400 892 nec
417 827 567 905 Etruscis,
582 829 641 892 nisi
656 843 853 916 cogerentur,
870 849 1008 916 pugnam
1025 828 1159 903 inituris,

103 929 134 980 et
147 851 305 982 dictatore
322 936 427 978 arcem
445 915 620 978 Romanam
640 929 843 998 respectante,
859 927 895 978 ιιι
916 914 956 979 ab
976 913 1159 1000 auguribus,

104 1001 233 1066 ⁹³simul
257 1023 332 1066 aves
355 1001 414 1064 rite
436 999 640 1076 admisissent,
664 1023 702 1064 ex
724 1002 899 1085 composito
915 999 1077 1064 tolleretur
1099 1000 1123 1062 si
1146 1035 1160 1050 ·

104 1109 193 1152 aum.
241 1086 341 1163 Quod
354 1085 469 1150 simulb
484 1087 660 1172 conspexit,
675 1087 794 1170 primos
809 1086 927 1188 equites
938 1085 1077 1150 clamore
1087 1023 1160 1150 sub·

104 1173 168 1238 lato
183 1173 217 1236 in
240 1171 363 1238 hostem
385 1173 500 1240 emisit.
518 1184 624 1236 secuta
669 1171 786 1238 editum
803 1193 884 1238 acres
903 1172 1022 1258 ingenti
1038 1171 1067 1233 vi
1084 1193 1160 1234 con-

104 1259 197 1324 flixit.
246 1258 344 1322 Nulla
371 1273 460 1343 parte
484 1258 622 1346 legiones
678 1275 791 1322 truscae
815 1257 992 1323 sustinuere
1016 1257 1158 1342 inpetum

107 1345 341 1414 Romanorum.
364 1367 460 1430 eques
481 1345 620 1410 maxime
641 1345 819 1420 resistebatr
841 1345 1045 1443 equitumque
1066 1342 1160 1429 longe

105 1429 296 1496 fortissimus
312 1431 380 1516 ipse
395 1452 461 1507 rex,
477 1433 516 1494 ab
531 1431 619 1494 omni
640 1443 730 1514 parte
751 1429 847 1494 effuse
862 1430 1062 1515 sequentibus
1084 1429 1159 1494 obe·

105 1517 231 1604 quitsns
248 1517 412 1592 Romanis,
426 1516 572 1581 tralrebst
585 1530 753 1582 certamen.

148 1602 251 1668 XIX.
277 1602 356 1668 Erat
371 1616 438 1666 tum
454 1603 536 1668 inter
546 1602 665 1688 equites
676 1603 821 1668 tribunus
832 1601 965 1666 militnm
984 1602 1022 1668 A.
1037 1602 1157 1668 Corne·
1167 1621 1302 1669 οοωιιιιε.

105 1687 165 1752 lius
187 1688 318 1765 Cossus,
333 1688 447 1752 eximia
470 1688 704 1773 pulchritudine
728 1689 882 1774 corporis,
900 1690 1007 1752 animo
1032 1711 1069 1754 ac
1083 1689 1221 1764 viri-ee
1238 1699 1322 1734 soram

103 1772 162 1839 bus
183 1795 252 1860 par,
268 1795 452 1859 memorque
472 1775 606 1862 generis,
621 1776 719 1860 quod,
734 1774 960 1859 amplissimum
983 1764 1217 1862 acceptum,⁰⁰⁰¹
1243 1756 1261 1798 ¹⁸

104 1861 204 1946 majus
218 1863 403 1946 auctiusque
419 1859 545 1946 reliquit
558 1861 698 1945 posteris.
721 1861 859 1946 isquam
878 1861 919 1926 ed
934 1862 1076 1946 inpetum
1092 1861 1159 1927 To·

102 1945 227 2022 lumaii,
242 1968 443 2033 quecumque
462 1969 495 2012 se
516 1946 709 2026 intendisset,
724 1947 916 2032 trepidantes
937 1947 1098 2013 Romanas
1113 1949 1159 2012 vi·

102 2033 191 2098 deret
206 2046 339 2112 turmas,
355 2034 413 2096 insi
459 2055 570 2118 emque
584 2053 655 2096 enm
672 2037 759 2117 regio
770 2034 880 2097 habitu
897 2033 1077 2098 volitantem
1094 2050 1161 2100 tota

103 2121 170 2182 acie
191 2132 368 2204 cognosset,
430 2121 525 2184 iccine
546 2129 599 2194 est,
616 2119 728 2206 iuquit,
750 2130 859 2202 raptor
866 2120 1003 2202 faederis
1022 2123 1158 2198 humani,

103 2207 294 2288 violatorque
300 2207 438 2290 gentium
437 2205 688 2289 jurisrtamego
696 2207 775 2268 lanc
783 2207 1111 2283 mactatnmuictr'mam,
1119 2209 1160 2289 (si

102 2291 1160 2375 modosenctiquidqunmintmisesseDiivolunt)legatorumMani-

103 2376 155 2440 bats
166 2377 257 2440 dabo.
281 2375 464 2441 Calcaribus
476 2375 619 2452 subditis,
630 2374 741 2440 infesta
755 2375 884 2456 cuspide
899 2375 930 2438 in
947 2397 1045 2440 unum
1061 2376 1160 2441 fertur

104 2461 239 2528 hostem.
271 2485 365 2548 quem
392 2484 490 2548 quum
515 2464 611 2526 ictum
636 2483 718 2548 equo
738 2461 911 2546 dejecisset,
937 2461 1099 2524 confestim
1129 2475 1161 2526 et

104 2548 171 2634 ipse
195 2549 287 2612 hasta
312 2549 432 2614 innisus
457 2571 490 2614 se
512 2548 544 2612 in
569 2546 664 2632 pedes
686 2547 820 2631 excepit.
865 2547 1093 2634 Adsurgentem
1116 2547 1160 2611 ibi
1256 2575 1259 2580 ·

104 2656 210 2722 regem
230 2634 368 2700 umbone
385 2637 556 2720 resupinat,
572 2634 803 2719 repetitumque
824 2634 940 2719 saepius
964 2632 1095 2718 cuspide
1119 2633 1160 2699 sd

105 2735 221 2786 terrum
237 2720 359 2786 adfixit
381 2735 447 2784 tum
464 2723 618 2808 exsangui
633 2719 774 2786 detracta
792 2718 909 2803 spolia3
932 2730 1090 2806 caputque
1105 2721 1162 2784 ab·

106 2808 219 2872 scisum
230 2819 241 2847 ⁸
254 2807 357 2870 victor
371 2806 492 2892 spiculo
512 2829 634 2894 gerens,
653 2821 774 2870 terrore
789 2806 861 2870 caesi
877 2807 958 2891 regis
973 2809 1076 2871 hostes
1090 2805 1161 2872 fun·

8 2883 10 2896 ’
105 2892 162 2958 dit.
208 2891 261 2957 Ita
282 2893 423 2978 equitum
447 2915 574 2980 quoque
595 2892 662 2958 lusa
683 2892 774 2968 acies,
793 2913 866 2977 qure
885 2913 949 2957 una
970 2891 1086 2958 fecerat
1106 2903 1315 2958 att-Vincuntur·

105 3001 178 3064 ceps
196 2993 369 3042 certamen.
413 2979 561 3044 Dictator
585 2980 612 3042 le
635 2977 760 3042 ionibus
784 2977 920 3065 fugatisd
942 2980 1045 3054 instat,
1069 2993 1101 3063 et
1122 2981 1162 3044 ad

105 3080 203 3130 castra
220 3064 400 3150 compulsos
415 3065 519 3130 caedit.
565 3001 762 3130 Fidenatium
781 3063 908 3164 plurimi
924 3063 1066 3130 locorum
1083 3067 1164 3132 noti·

105 3151 149 3215 tia
172 3151 314 3237 effugere
340 3151 372 3214 in
402 3165 533 3216 montes.
591 3149 716 3227 Cossus,
748 3149 891 3214 Tiberim
920 3173 991 3214 cum
1022 3153 1163 3237 equitatu

107 3250 312 3314 transvectus,
342 3259 382 3300 ex
407 3259 485 3324 agro
507 3237 683 3302 Veientano
706 3237 866 3324 ingentem
887 3236 1000 3318 detulit
1021 3238 1164 3322 praedam

106 3323 144 3388 ad
159 3323 286 3390 urbem.
332 3321 421 3388 luter
435 3321 585 3408 proelium
602 3321 687 3388 etad
703 3335 805 3387 castra
822 3323 967 3387 Romana
981 3335 1164 3411 pugnatum

106 3423 152 3476 est
164 3409 321 3474 adversus
333 3423 453 3494 partem
467 3410 641 3495 copiarum,
653 3407 695 3472 ab
706 3407 892 3489 Tolumnio,
907 3423 943 3473 ut
956 3423 1029 3473 ante
1043 3410 1164 3476 dictum

106 3510 160 3573 est,
182 3495 225 3560 ad
246 3507 351 3560 castra
371 3496 509 3560 missam.
555 3495 670 3559 Fabius
686 3493 863 3558 Vibulanus
884 3515 1003 3560 corona
1024 3496 1164 3580 primum

107 3582 227 3647 vellum
242 3580 401 3646 defendit:
426 3583 561 3646 intentos
577 3579 694 3645 deinde
707 3579 812 3644 hostes
831 3581 863 3643 in
880 3579 1007 3658 vallum,
1023 3603 1165 3667 egressus

104 3667 129 3706 ⁹⁴
139 3667 254 3734 dextre
268 3666 448 3753 principali,
461 3689 533 3731 cum
550 3666 666 3732 triariis
681 3679 808 3750 repente
823 3667 952 3730 invadit.
974 3689 1038 3752 qao
1049 3687 1165 3753 pavore

107 3754 230 3840 injecto,
247 3755 351 3818 credes
366 3753 479 3830 minor,
496 3753 572 3902 quia
585 3752 750 3839 pauciores
763 3765 870 3828 erant3
893 3751 967 3840 luga
981 3773 1044 3816 non
1063 3752 1164 3816 minus

8 3902 9 3926 ,
107 3851 151 3903 tre
174 3841 238 3916 ida,
277 3861 350 3906 uam
369 3839 400 3902 in
416 3839 492 3916 acie,
520 3839 574 3903 uit.

8 3927 9 3934 '
183 3925 231 3990 X.
288 3923 416 3990 mnibus
438 3925 515 3990 locis
536 3947 571 3989 re
592 3924 673 3989 bene
691 3937 789 4012 gesta,
805 3923 941 3990 dictator
963 3937 1284 3991 senatuscon-nicutor

107 4011 186 4076 salto
202 4013 362 4100 jussuque
380 4011 490 4096 populi
510 4010 710 4096 triumphans
730 4011 762 4074 in
779 4009 888 4094 urbem
903 4009 1007 4075 rediit.
1052 4003 1313 4102 Longeutumpmt

166 4130 408 4180 sesumam.
492 4131 723 4180 emmena.
805 4129 1106 4194 emmeramme.

135 4229 286 4280 everunt
312 4245 366 4278 unes
392 4231 438 4278 rite
464 4229 620 4295 admisissent]
653 4241 867 4291 quumexeorum
880 4229 1164 4290 vetvouru,vetemtu,

108 4292 180 4344 Simul
197 4297 309 4358 auspicia
328 4295 434 4344 munda
456 4297 620 4358 contigissent.
653 4294 713 4342 felix
723 4295 821 4355 aliquod
830 4292 961 4354 augurium
972 4293 1066 4354 obtigit.

110 4355 195 4409 lisdem
215 4361 310 4409 locutio
326 4361 445 4420 reperitur
464 4373 536 4422 rupte
548 4361 568 4409 1.
579 4359 619 4408 so.
685 4357 717 4406 st
733 4358 824 4405 Dextra
831 4353 971 4420 principali]
989 4357 1047 4406 Vid.
1059 4365 1111 4408 not.
1123 4357 1163 4410 13.

109 4421 166 4472 sve
185 4425 309 4474 adnutum
319 4426 358 4472 rel
375 4423 479 4474 addicere
495 4425 619 4481 dIcunnu,
651 4425 683 4472 ud
694 4437 714 4470 e.
724 4423 748 4471 5.
760 4422 775 4470 l.
786 4423 834 4470 111.
