3034 4916
359 167 417 228 560
750 159 1027 223 T11·11.1vl1

199 343 334 395 u.c.ts1.
354 325 456 412 jubet.
486 323 541 390 sed
563 321 714 388 celeriora
738 343 839 408 prope
863 321 971 387 omnia
1000 321 1136 408 imperio
1163 331 1265 388 erant.
1297 319 1421 404 ‘Rapta

198 410 229 458 Δ·
242 407 334 458 ⁰³⁰¹·
359 411 521 496 extemplo
542 409 634 494 signa
657 430 825 495 armaquc3
848 421 880 474 et
894 407 947 476 siri
968 407 1010 472 ab
1031 408 1143 486 inpetu
1164 420 1196 473 et
1217 429 1311 472 cursu
1334 418 1420 474 tense

359 498 487 564 bantur.
508 517 608 583 quum
623 495 671 559 ira
685 494 726 561 ab
748 509 879 580 accepta
903 515 1006 578 nuper
1030 493 1119 559 clade
1142 492 1338 570 stimulabat,
1353 503 1420 556 tum

360 582 548 650 concitatior
562 582 708 648 accidens
727 583 847 646 clamor
861 579 903 645 ab
917 580 1110 646 increscente
1129 580 1315 646 certamine.
1360 577 1422 640 Ur·

359 683 459 758 guent
472 670 579 754 iteque
590 667 643 732 alii
658 665 745 745 alios,
761 667 993 752 hortanturque
1000 665 1176 752 signiferos,
1188 679 1222 732 ut
1237 666 1328 731 ocius
1338 676 1421 730 eant.

360 779 425 843 quo
450 756 550 842 magis
573 753 757 820 festinantes
782 751 866 818 videt
890 752 1036 830 dictator,
1052 775 1091 818 eo
1106 753 1267 839 inpensius
1288 763 1424 816 retentat

361 864 486 944 agmen,
501 863 539 906 ac
560 840 675 906 sensim
698 841 843 904 incedere
859 838 963 925 jubet.
1009 839 1138 904 Etrusci
1161 853 1281 914 contra,
1297 837 1421 922 ιδρτίιι·

360 931 446 1012 cipio
460 928 557 994 exciti
571 949 613 1013 pu
639 949 701 1005 nae,
715 925 863 990 omnibus
877 923 977 1011 copiis
991 925 1131 990 aderant.
1175 924 1218 990 Et
1233 945 1331 1007 super
1346 922 1423 988 alios

361 1014 413 1080 alii
437 1014 590 1080 nuncient
614 949 773 1093 dictatori,
794 1033 904 1077 omnes
928 1011 1067 1099 legiones
1082 1012 1290 1078 Etruscorum
1314 1031 1423 1094 capes·

362 1101 438 1165 sisse
451 1121 609 1188 pugnem
635 1100 768 1185 necjsm
790 1097 832 1162 ab
854 1097 917 1166 suis
938 1098 1039 1164 resisti
1058 1120 1168 1184 posse:
1191 1098 1307 1182 etipse
1322 1095 1424 1160 cernit

363 1207 405 1252 ex
431 1186 594 1271 superiore
621 1183 702 1262 loco,
726 1185 757 1248 in
780 1197 901 1271 quanto
921 1182 1102 1249 discrimine
1124 1183 1309 1268 praesidium
1335 1196 1423 1246 esset.

364 1272 525 1350 Ceterum,
541 1273 615 1338 satis
636 1271 733 1336 fretus
758 1293 826 1336 esse
851 1271 945 1335 etiam
969 1291 1054 1334 nunc
1075 1270 1241 1334 tolerando
1255 1267 1423 1334 certamini

362 1359 511 1446 legatum,
540 1381 600 1423 nec
628 1379 661 1421 se
689 1356 801 1442 procul
829 1355 937 1421 abesse
965 1356 1096 1442 periculi
1125 1356 1295 1436 vindicem,
1326 1377 1422 1442 quam

362 1445 502 1510 maxime
523 1444 590 1508 vult
615 1442 739 1526 fatigari
762 1443 894 1518 hostem,
912 1454 947 1506 ut
968 1443 1100 1530 integris
1124 1441 1287 1508 adoriatur
1303 1441 1423 1506 viribus

363 1529 469 1596 fessos.
514 1530 717 1616 Quamquam
743 1527 827 1594 lente
850 1527 1040 1614 procedunt,
1050 1530 1118 1614 jam
1141 1540 1246 1593 tamen
1270 1528 1311 1592 ad
1335 1530 1423 1612 inpe-

364 1629 432 1682 tum
447 1615 647 1702 capiendunt,
662 1615 759 1702 equiti
782 1615 902 1701 utique,
917 1614 1077 1680 modicum
1100 1629 1167 1678 erat
1187 1614 1340 1700 spatium.
1363 1614 1424 1698 pri·

364 1725 415 1766 ma
430 1701 618 1768 incedebant
632 1703 722 1787 signa
736 1700 906 1788 legionum,
923 1699 1054 1787 nequid
1069 1701 1229 1766 occultum
1244 1713 1301 1765 aut
1313 1721 1349 1764 re
1391 1721 1424 1763 n·

364 1790 466 1865 tinum
483 1787 580 1854 hostis
594 1788 735 1852 timeret:
757 1785 810 1850 sed
826 1786 995 1873 reliquerat
1016 1785 1179 1853 intervalla
1199 1787 1283 1851 inter
1298 1808 1338 1849 or
1361 1787 1424 1850 ines

363 1875 519 1961 peditum,
558 1897 597 1938 ua
611 1873 685 1938 satis
701 1871 776 1940 laxo
790 1873 893 1956 spatio
913 1874 987 1959 equi
1009 1874 1150 1957 permitti
1164 1886 1306 1958 possent.
1327 1873 1354 1916 ¹⁷
1367 1871 1424 1938 Pa·

363 1960 441 2025 riter
455 1897 580 2024 sustulit
593 1957 762 2024 clamorem
786 1957 887 2034 aciem
910 1974 941 2024 et
955 1959 1084 2044 emissus
1097 1982 1194 2045 eques
1213 1959 1318 2024 libero
1332 1981 1423 2023 cursu

364 2046 397 2111 in
415 2044 536 2110 hostem
553 2045 722 2121 invehitur,
738 2043 764 2083 ¹⁸
773 2045 1050 2132 incompositisque
1073 2045 1221 2110 adversus
1244 2059 1424 2131 equestrem

364 2129 536 2218 procellam
566 2130 703 2196 subitum
733 2150 885 2215 pavorem
914 2129 1070 2196 obfundit.
1116 2132 1239 2233 Itaque,
1264 2147 1301 2196 ut
1326 2154 1425 2218 prope

364 2239 469 2284 serum
483 2216 640 2284 auxilium
650 2218 716 2304 jam
732 2238 814 2301 pene
828 2216 1060 2296 circumventis,
1076 2219 1121 2283 ita
1135 2240 1283 2282 universa
1303 2219 1425 2304 requies

364 2305 438 2370 deta
459 2316 515 2370 est.
537 2303 585 2370 int
643 2305 827 2388 incoepere
847 2324 1010 2390 pugnamr
1033 2326 1092 2370 nec
1107 2326 1145 2369 ea
1159 2305 1227 2389 ipsa
1241 2303 1295 2366 lon
1373 2319 1424 2370 aut

364 2413 480 2477 anceps
502 2388 571 2455 tuit.
646 2390 693 2455 usi
716 2389 822 2454 hostes
847 2401 1006 2454 castrare
1030 2403 1132 2470 etunt,
1156 2389 1304 2454 inferenti
1331 2413 1426 2478 usque

359 2479 427 2564 jam
446 2477 539 2564 signa
555 2475 709 2542 Romanis
734 2473 862 2553 cedunt,
878 2490 910 2541 et
931 2475 963 2540 in
988 2412 1131 2542 ultimam
1154 2489 1331 2543 castrorum
1355 2499 1426 2563 par-

365 2577 428 2628 tem
453 2562 698 2651 conglobantur.
745 2561 884 2627 Haerent
906 2561 1064 2712 sopientes
1086 2564 1118 2626 in
1141 2563 1297 2650 angustiis
1319 2577 1426 2648 porta·

364 2671 455 2714 rum:
480 2671 551 2734 pars
573 2669 689 2736 magna
714 2669 861 2734 aggerem
886 2648 934 2712 val
950 2672 1067 2736 umque
1086 2648 1315 2726 conscendunt,
1332 2649 1360 2714 si
1375 2663 1427 2714 aut

364 2757 406 2800 ex
430 2735 592 2820 superiore
614 2735 684 2799 loco
706 2734 789 2798 tueri
811 2756 855 2810 se,
871 2747 1098 2820 ant-supersre
1121 2735 1227 2822 eliqua
1247 2747 1278 2800 et
1293 2735 1428 2800 eradere

365 2832 502 2902 possent.
548 2819 644 2886 Ferte
658 2819 797 2906 quodam
812 2818 883 2886 loco
906 2820 989 2886 male
1009 2821 1158 2886 densatus
1173 2843 1271 2909 agger
1286 2821 1428 2906 pondere

364 2905 672 2992 ¹⁹superstantiumd
701 2907 732 2970 in
765 2905 882 2970 fossam
910 2908 1099 2993 procubuit:
1136 2920 1231 2994 atque
1259 2929 1298 2972 ea
1327 2929 1427 2994 quum

365 2991 454 3058 Deos
478 2992 619 3077 pandere
644 2993 726 3056 viam
741 2987 837 3079 *lngae
863 2993 1121 3070 conclamassent,
1146 2992 1254 3080 plures
1280 2993 1429 3070 inermes,

365 3099 462 3164 quem
477 3078 602 3155 armati,
618 3074 783 3142 eredenti.
811 3077 888 3144 Hoc
909 3079 1023 3164 proelio
1044 3077 1154 3144 fractae
1177 3081 1291 3144 iterum
1316 3079 1429 3145 Etrus-

264 3211 265 3216 η
366 3185 477 3229 eorum
500 3165 600 3228 vires:
624 3179 665 3240 et,
681 3180 778 3250 pacto
786 3142 908 3230 mrnuo
923 3164 1092 3250 stipendio,
1107 3179 1139 3229 et
1153 3165 1255 3230 durlm
1271 3168 1430 3230 mensium

365 3250 536 3327 frumento,
553 3251 739 3334 permissum
765 3250 807 3315 ab
829 3251 994 3329 dictatore,
1010 3265 1044 3316 ut
1060 3250 1100 3316 de
1114 3273 1192 3336 pace
1214 3250 1338 3338 legatos
1358 3253 1429 3316 mit·

366 3350 469 3404 terent
484 3336 631 3401 Romam.
677 3336 747 3401 Pax
764 3353 895 3424 negata:
918 3337 1054 3404 inducite
1076 3337 1196 3402 biennii
1210 3337 1307 3402 datae.
1329 3339 1430 3403 dicta·

366 3437 417 3489 tor
432 3422 632 3522 triumphans
648 3422 680 3486 in
697 3421 807 3486 urbem
825 3423 927 3488 rediit.
974 3423 1090 3490 Habeo
1105 3425 1350 3514 auctorQsine
1364 3423 1429 3488 ullo

365 3507 562 3574 memorabili
576 3507 691 3594 proelio
711 3521 855 3594 pacatam
871 3507 912 3572 ab
927 3509 1081 3575 dictatore
1098 3509 1261 3575 Etruriam
1284 3533 1368 3588 esse,
1384 3533 1429 3574 se·

365 3594 539 3660 ditionibus
555 3608 679 3660 tantum
696 3595 920 3660 Arretinorum
934 3595 1126 3681 compositis,
1142 3611 1174 3660 et
1190 3595 1299 3662 Cilnio
1313 3619 1430 3685 genere

744 3729 758 3767 d
767 3733 963 3793 superastabant
974 3734 1048 3780 Gron.

401 3848 585 3910 IG'Printlpio
605 3849 676 3896 ceriti
688 3847 789 3912 pegusa]
809 3848 881 3896 Prin·
911 3852 1027 3910 piendum
1038 3852 1161 3911 equitatus
1177 3848 1255 3898 enm
1275 3863 1350 3898 cursu
1365 3853 1430 3898 insa·

366 3913 523 3976 ciplostatim
540 3913 716 3974 prrguuasuir
733 3914 879 3962 insidiatori-
910 3916 991 3962 dentis
1001 3919 1129 3976 impetum.

365 3980 411 4024 bus
421 3977 768 4026 commisereexeitiecastris.
948 3978 978 4027 la
994 3979 1195 4044 asperamus]
1219 3981 1281 4028 Huc
1300 3991 1339 4030 est
1356 3985 1429 4044 scrip

400 4040 430 4089 lt
447 4039 558 4104 Pariter]
584 4041 639 4090 Uno
662 4042 795 4102 eodemque
819 4047 879 4105 tenr-
913 4049 1119 4092 turanostrorum
1139 4045 1250 4092 omnium
1269 4047 1430 4104 contuimur

366 4117 431 4164 pore.
912 4115 938 4154 et
955 4109 1086 4170 Slgoniani.
1118 4109 1199 4168 Vulgo
1215 4113 1430 4170 spanensem

400 4167 636 4232 lss'lncomposltir.
647 4167 786 4233 adserens]
798 4171 881 4226 Quum
913 4173 979 4231 quod
994 4173 1096 4220 {ortam
1111 4173 1228 4220 mendum
1245 4181 1284 4220 est
1303 4189 1431 4236 operarum

365 4233 518 4292 incompositi
540 4242 621 4284 cuent
642 4249 693 4295 proe
715 4236 799 4282 ardore
822 4249 882 4296 pug-
913 4248 956 4294 per
973 4239 1064 4283 multas
1080 4238 1194 4298 deinceps
1213 4239 1344 4296 editiones,
1357 4247 1384 4288 ut
1398 4243 1430 4296 tit,

367 4297 454 4370 nandi,
467 4305 539 4356 atque
558 4301 617 4346 adeo
633 4299 746 4359 imparati
768 4301 798 4346 ad
817 4300 881 4348 exci-
914 4307 1081 4360 propagatum.
