3032 4924
251 645 258 659 ·
336 599 610 700 EPITOME
635 599 808 684 LIBRI
833 601 936 684 VII.

538 801 731 844 -ομ

104 967 220 1054 DUO
235 987 309 1049 noui
321 987 518 1070 magistratus
531 987 644 1072 affecti
657 999 735 1064 srtnt,
746 1001 888 1072 pratura
908 999 937 1053 ct
958 990 1071 1053 mendis
1084 989 1160 1053 adi-

104 1077 190 1140 litas.
234 1073 421 1138 Pestilentia
444 1075 553 1138 ciuitas
581 1075 742 1150 laboravit,
767 1098 889 1160 eamque
918 1077 1064 1160 insignem
1075 1075 1161 1160 fecit

1 1233 2 1246 χ
104 1181 184 1225 mors
199 1161 295 1222 Furii
311 1159 445 1222 Camilli.
468 1159 550 1242 crpus
564 1164 725 1225 remedium
743 1173 773 1224 et
782 1163 867 1244 finis
887 1183 974 1246 quum
994 1183 1053 1242 per
1066 1181 1160 1224 nouos

1 1297 2 1368 q
103 1248 269 1330 religiones
293 1255 488 1328 quareretur,
504 1248 573 1310 ludi
596 1250 707 1311 scenici
729 1259 800 1310 tunc
822 1250 953 1330 primum
969 1247 1060 1331 facti
1080 1256 1159 1310 sunt.

108 1333 207 1409 Quum
232 1333 298 1394 dies
319 1333 360 1394 L.
377 1331 504 1394 Manlio
529 1335 613 1396 dicta
635 1343 708 1398 esset
734 1357 753 1396 a
777 1334 825 1396 M.
844 1336 1015 1416 Pomponio
1037 1333 1160 1396 tribuno

100 1421 200 1503 plebis
208 1427 341 1501 propter
362 1419 503 1481 delectum
523 1419 629 1482 acerbe
642 1430 750 1495 actura,
767 1430 796 1482 et
811 1419 870 1483 1Τ.
886 1421 1041 1482 Manlium
1049 1421 1159 1503 filium

102 1529 155 1570 rus
177 1507 344 1588 relegatum
368 1505 435 1566 sine
453 1505 516 1566 ullo
536 1507 681 1577 crimine,·
706 1507 876 1570 adolescens
897 1508 970 1588 ipse,
986 1505 1069 1589 cujus
1083 1505 1160 1568 rele-

100 1593 191 1678 gatio
208 1591 301 1672 patri
325 1589 531 1672 amiciebatur,
548 1593 631 1654 uenit
651 1593 685 1654 in
706 1592 870 1656 cubiculum
891 1593 1018 1668 tribuni,
1039 1593 1160 1664 stricto,-

103 1701 160 1764 que
178 1679 288 1762 gladio
310 1677 409 1760 cot'git
430 1697 494 1739 eum
510 1677 544 1740 in
559 1677 649 1740 aerbo
664 1699 718 1742 snio
730 1677 854 1760 jurare,
871 1699 930 1740 non
948 1687 1159 1761 perseveratu-

102 1787 168 1828 rum
192 1787 223 1828 se
249 1765 283 1825 in
304 1764 505 1826 accusatione.
553 1765 650 1838 Quum
675 1765 794 1829 telluris
816 1766 905 1828 biatu
929 1775 996 1850 tota
1021 1766 1066 1828 ad
1086 1765 1159 1827 ulti·
1240 1757 1247 1773 “

102 1873 179 1916 mum
195 1851 308 1914 territa
325 1850 437 1930 patria
445 1849 546 1932 soret,
570 1859 640 1914 tunc
659 1853 761 1914 omnia
775 1854 914 1934 pretiosa
936 1853 1027 1914 missa
1041 1861 1112 1916 surm
1126 1852 1159 1913 in

96 1939 264 2022 praaltam
290 1936 464 2017 uoraginem
486 1936 570 2000 urbis
585 1937 743 2000 Romana.
769 1939 803 2000 in
828 1959 893 2002 eam
910 1939 1036 2003 Curtius
1057 1959 1160 2000 urma-

102 2035 158 2099 uu,
190 2025 295 2087 sedens
323 2041 407 2104 equo,
437 2042 469 2084 se
496 2024 718 2104 praecipitauit,
748 2045 843 2107 eaque
870 2026 991 2100 ceptae
1020 2033 1073 2087 est.
1122 2023 1159 2087 T.
1247 2049 1252 2064 ·

104 2111 247 2175 Manlius
272 2109 453 2179 adolescens,
477 2109 531 2190 qui
548 2118 669 2190 patrem
684 2132 705 2172 a
719 2111 886 2172 tribunicia
912 2111 1073 2174 uexatione
1091 2112 1160 2173 oiu-

104 2199 271 2271 dicaverat,
296 2203 403 2256 contra
420 2192 555 2270 Gallum,
574 2205 786 2277 provocantem
812 2197 943 2278 aliquem
958 2217 995 2258 er
1013 2196 1162 2258 militibus

104 2283 263 2358 ilarionis,
288 2282 322 2342 in
342 2281 499 2364 singulare
520 2289 669 2344 cmtamen
695 2282 857 2357 descendit,
874 2283 961 2364 eique
982 2283 1077 2344 occiso
1096 2291 1176 2346 tor·¹

104 2392 188 2454 quem
203 2389 327 2432 aureum
342 2367 496 2437 detraxit·
520 2387 605 2450 quem
620 2369 685 2448 ipse
697 2377 806 2449 postea
821 2369 903 2442 tulit,
923 2377 953 2430 et
974 2389 1011 2430 er
1027 2388 1062 2429 eo
1082 2367 1159 2429 Tor·

103 2467 212 2540 quotus
240 2463 285 2519 est
313 2462 513 2534 nuncupatus.
558 2453 641 2516 Dua
665 2453 762 2517 tribas
787 2454 913 2529 addita,
934 2455 1104 2535 Pomptina
1130 2461 1160 2516 et

104 2543 254 2608 Publilio.
300 2541 444 2603 Licinius
468 2539 553 2603 Stolo
581 2541 646 2623 lege
668 2538 708 2602 ab
737 2542 803 2622 ipso
828 2541 895 2602 lata
921 2543 1082 2602 damnatus
1106 2548 1159 2613 est,

103 2631 183 2712 quad
200 2627 214 2666 ²
217 2629 291 2714 plus
314 2627 488 2710 quingentis
501 2623 663 2710 jugeribus
687 2628 760 2710 agri
779 2627 955 2708 possideret.
1000 2625 1049 2688 M.
1070 2625 1160 2688 Vale·

104 2718 168 2780 rius
190 2714 330 2780 tribunus
349 2713 479 2774 militum
503 2710 639 2788 Gallum,
655 2735 675 2774 o
698 2734 757 2796 quo
776 2721 958 2796 prouocatus
980 2720 1058 2788 erat,
1084 2713 1160 2775 insi·

104 2805 193 2866 dente
210 2802 312 2886 galea
332 2806 475 2873 canumet
495 2799 644 2882 unguibus
668 2809 825 2883 rostroque
847 2800 958 2862 bostem
984 2798 1159 2882 irfiestante,

102 2891 223 2964 occidit,
240 2896 271 2951 et
285 2909 323 2949 er
336 2907 371 2949 eo
388 2884 482 2949 Corvi
495 2905 600 2948 nomen
615 2887 750 2968 uccepit,·
774 2887 932 2968 consulque
948 2886 1091 2967 proeimo
1104 2906 1163 2947 an·

103 2997 152 3052 reo,
169 2995 258 3058 qrcum
284 2983 381 3034 annos
402 2972 517 3054 uiginti
535 2981 596 3035 tres
608 2971 741 3048 baberet,
758 2973 794 3035 ob
808 2975 949 3035 virtutem
971 2981 1091 3036 oreatus
1106 2981 1161 3036 est.

103 3061 253 3126 Amicitia
282 3080 346 3122 cum
372 3057 685 3140 Karthaginiensibus
704 3057 826 3142 junctu.
882 3059 1042 3140 Campani,
1073 3079 1162 3142 quum

102 3157 284 3232 urgerentur
305 3167 325 3207 a
346 3143 533 3208 Samnitibus
556 3143 641 3219 bello,
658 3147 778 3208 ancilia
798 3146 941 3208 aduersos
959 3165 1009 3208 eos
1021 3167 1041 3206 a
1054 3153 1163 3207 senatu

1 3309 2 3316 ἵ
98 3237 209 3316 petito,
226 3253 314 3318 quum
340 3231 375 3292 id
395 3249 456 3290 non
479 3231 683 3312 impetrarent,
699 3230 799 3293 urbem
824 3240 916 3313 atque
938 3252 1030 3314 agros
1048 3233 1162 3313 populo

103 3322 243 3384 Romano
266 3317 458 3380 dediderunt.
488 3315 524 3377 ob
546 3337 635 3398 quam
662 3337 860 3392 mussando,
882 3337 950 3398 quae
967 3318 1080 3398 populi
1094 3317 1161 3379 Ro·

102 3409 186 3470 mani
202 3409 301 3491 sacta
326 3410 435 3480 essent,
460 3402 584 3484 defendi
605 3401 682 3464 bello
706 3403 848 3466 aduersus
862 3403 1013 3466 Samnites
1028 3403 1161 3483 placuit.
1250 3403 1257 3424 ¹

105 3493 203 3569 Quem
233 3491 273 3554 ab
295 3489 335 3552 A.
353 3489 496 3552 Cornelio
520 3489 639 3550 conmle
664 3490 812 3552 coercitus
838 3489 870 3550 iu
901 3490 1037 3570 iniquum
1065 3489 1161 3550 locum

103 3582 245 3644 deductus
260 3579 292 3640 in
309 3593 418 3658 magna
441 3574 617 3637 discrimine
637 3583 720 3652 esset,
736 3575 778 3638 P.
800 3573 894 3638 Decii
916 3573 1021 3636 Muris
1042 3573 1162 3636 tribuni

102 3668 231 3730 militum
258 3683 352 3745 opera
378 3669 514 3724 servatus
535 3669 588 3722 est.
610 3662 674 3744 qui,
690 3671 835 3743 usurpato
860 3661 935 3723 colu
954 3681 1044 3741 super
1059 3660 1094 3721 iel
1103 3658 1159 3742 ja·

98 3775 180 3837 grau,
212 3752 248 3813 in
276 3769 335 3832 quo
358 3745 510 3809 Samnites
537 3747 744 3823 consederant,
774 3747 954 3810 occasionem
983 3745 1099 3808 conscili
1127 3746 1161 3807 in

101 3841 263 3924 aequiorem
278 3837 372 3898 locum
388 3833 538 3895 evadendi
552 3833 657 3896 dedit:
685 3835 749 3916 ipse
771 3832 810 3895 nb
831 3831 964 3895 hostibus
988 3831 1160 3894 circumses-

88 3947 148 3990 ‘sus
169 3923 284 4006 erupit.
331 3917 430 3995 Qum
449 3919 561 3982 milites
579 3919 725 3997 Romani,
749 3921 803 4004 qui
819 3919 934 4000 Capua·
956 3919 990 3980 in
1009 3917 1161 3998 prasidio

133 4076 146 4123 l
168 4075 196 4122 Τ.
219 4071 342 4120 Manlium
362 4069 442 4131 fillum
461 4081 503 4113 rus
524 4071 615 4132 relega-
681 4071 774 4118 sonu
802 4071 934 4132 quingentis
956 4067 1093 4132 jugurtam]
1121 4069 1161 4118 Sit

100 4141 160 4204 tem]
179 4135 322 4200 Atljeeimuu
337 4147 420 4182 vocem
440 4145 490 4189 rut,
504 4137 615 4193 quomin
647 4137 846 4198 dedissigonius,
860 4149 937 4198 quum
954 4139 1108 4195 prsvesntea
1127 4136 1161 4181 le·

100 4206 220 4252 vantibus
236 4201 305 4248 libn's
321 4205 415 4246 entare
430 4195 541 4257 Sigonius
551 4201 616 4248 affir-
647 4208 753 4260 gustum
772 4202 826 4262 ptus
847 4201 1023 4262 quingmtorum
1038 4199 1160 4259 jugerum.

100 4275 158 4318 mat
202 4267 286 4314 Habet
304 4275 400 4324 quoque
422 4273 477 4307 enm
499 4277 562 4312 unus
584 4279 614 4312 cx
647 4263 729 4326 Msg‘u
740 4265 954 4325 Livianumtoeot,
964 4261 1020 4326 plur
1034 4263 1161 4324 quingenta
