3032 4924
445 249 539 308 LIB.
556 246 593 308 V.
621 249 723 308 CAP.
745 247 866 308 xx111.
956 267 958 272 ·
1140 255 1197 310 315

130 414 420 480 “convertentem
443 435 476 478 se
494 412 580 478 inter
600 412 683 478 hano
704 413 948 490 venerationem,
971 413 1108 480 traditur
1133 432 1238 480 nie-tt.
1250 433 1343 482 casa.

133 503 255 578 moriae,
270 499 461 584 prolapsum
482 498 647 564 cecidisse:
671 499 768 586 idque
789 521 881 564 omen
927 501 1091 566 ertinnime
1111 499 1236 586 posel-
1249 499 1275 546 0·
1287 497 1344 546 Μ

134 611 171 654 ea
198 599 320 654 eventu
344 607 411 652 rem
434 585 682 671 conjectantibus
703 589 804 650 visam
827 585 866 650 ad
915 588 1130 654 amnationem
1150 589 1199 673 ip-

134 675 198 740 aius
215 672 360 749 Camilli,
375 687 477 758 capta
491 671 607 737 deinde
627 671 714 736 urbia
738 671 904 749 Romanae,
919 673 1005 760 qnod
1027 687 1100 760 post
1119 695 1200 758 pau·

135 783 188 826 aaa
202 759 322 826 accidit
336 781 448 840 annos,
463 757 595 824 cladem.
641 759 748 846 Atque
762 757 815 824 ilie
828 758 896 824 dies
906 760 994 826 caede
1008 760 1146 826 hostium
1161 783 1200 826 ac

135 847 318 931 direptione
332 843 421 910 urbia
435 845 682 930 opulentissimae
695 858 742 910 est
757 858 949 912 consumtus.

177 932 295 1000 XXII.
321 931 454 998 Postero
468 931 520 996 die
534 931 634 997 libera
647 955 686 996 co
726 931 942 998 oradictator
963 933 988 974 ⁸⁵
1000 932 1060 998 sub
1081 955 1200 998 corona

137 1019 292 1084 vendidit.
308 1041 346 1084 ea
360 1019 428 1084 sola
449 1019 582 1103 pecunia
603 1018 636 1082 in
658 1040 702 1103 pu
725 1017 819 1084 licum
843 1019 1008 1107 redigitur,
1023 1018 1111 1084 haud
1131 1022 1201 1085 sine

137 1108 184 1173 ira
198 1105 313 1191 plebis.
333 1118 366 1170 et
386 1104 472 1190 quod
491 1105 626 1170 retulere
645 1125 749 1170 aecum
766 1105 895 1190 praedm,
910 1105 1070 1185 mendaci,
1085 1107 1141 1193 qui
1159 1108 1201 1171 sd

137 1205 294 1268 sanatura,
314 1191 519 1280 malignitatis
541 1206 684 1256 auctores
707 1191 902 1292 quaerendo,
918 1214 985 1258 rem
1007 1192 1130 1257 arbitrii
1152 1195 1199 1258 sui

136 1277 628 1450 :ttttit‘ffitfttlnft‘i
642 1277 1201 1450 ii'tti‘ttl'tntnttllt

137 1454 258 1530 inisset,
290 1465 456 1536 acceptum
482 1447 668 1516 referebant.
713 1451 823 1527 Quum
849 1452 916 1536 jam
944 1451 1096 1518 humanm
1123 1473 1201 1538 oper

176 1553 254 1604 maa
279 1562 300 1603 a
324 1536 410 1603 Veiis
430 1549 545 1615 essent,
567 1535 690 1602 amoliri
710 1550 779 1602 tum
808 1537 916 1603 Deian
941 1538 1027 1604 dona
1051 1539 1329 1626 ipsosqaennvau

137 1563 240 1702 dms,
262 1624 318 1690 aed
340 1623 514 1688 colentium
536 1623 760 1712 magia,qua1n
782 1624 986 1707 rapientium,
1009 1627 1116 1704 modo,
1131 1622 1287 1692 cor-¹lblatl

138 1733 234 1798 pere3
255 1733 330 1776 nam
355 1733 394 1776 ue
415 1709 529 1776 delecti
547 1731 589 1776 ex
612 1710 701 1774 omni
720 1711 858 1776 exercitu
877 1711 1021 1797 juvenes,
1036 1733 1118 1798 pure
1132 1716 1201 1779 iac·

138 1800 198 1864 tia‘
211 1798 342 1883 corpori
365 1819 412 1875 us,
438 1795 573 1862 candida
587 1808 684 1874 reate,
704 1795 820 1883 quibus
840 1797 1038 1884 deportanda
1062 1799 1201 1866 Romam

141 1885 268 1973 Regina
288 1883 377 1950 Juao
397 1881 561 1971 adsignata
582 1895 660 1960 erat,
677 1882 892 1949 venerabundi
913 1885 1066 1970 templum
1088 1887 1201 1966 iniere,

138 1971 243 2124 grimo
264 1970 409 2071 religiose
429 1969 632 2036 admoventes
654 1991 785 2036 manus:
809 1971 895 2058 quod
916 1971 949 2036 id
969 1974 1096 2062 signum
1110 1995 1202 2040 more

167 2071 289 2136 trasco,
304 2057 366 2122 arsi
380 2069 475 2122 certae
488 2057 591 2158 gentis
604 2058 759 2137 aaoerdoa,
773 2055 950 2124 adtrectare
962 2081 1028 2126 non
1048 2075 1128 2126 earet
1149 2084 1201 2126 ao-

137 2145 222 2212 litua.
238 2144 315 2210 dein
328 2165 427 2230 quum
447 2141 588 2230 qaudam,
607 2165 662 2208 teu
684 2143 797 2227 spiritu
815 2143 924 2210 divino
945 2157 1058 2224 tactus,
1073 2169 1127 2212 aea
1144 2149 1203 2233 ja·

136 2231 262 2297 venali‘¹
277 2231 365 2316 joco,
383 2230 615 2296 Vanam
630 2231 678 2294 ire
690 2231 801 2297 aaa?
824 2230 965 2308 dirimet,
978 2232 1124 2298 adnuisse
1146 2255 1202 2297 ce·

135 2318 197 2384 teri
216 2319 322 2384 Deam
337 2316 634 2384 conclamaverunt:
657 2315 734 2380 iada
750 2313 866 2382 fabulae
888 2315 1047 2403 ιάᾗεοῐιιω
1069 2330 1129 2400 est,
1143 2339 1204 2383 ro-

136 2425 243 2491 cemq
311 2426 353 2468 uc
364 2402 508 2480 dicentia,
530 2403 623 2480 Velle,
637 2403 789 2468 auditam.
806 2415 925 2468 motam
940 2417 1026 2468 certe
1048 2406 1122 2470 aeda
1141 2427 1203 2470 aaa

135 2492 228 2580 parri
246 2490 424 2558 moimenti
445 2488 653 2566 adminiculis,
678 2489 873 2576 ⁸‘seqnentis
899 2489 996 2555 modo
1021 2489 1204 2576 accepimns

136 2581 240 2644 levem
261 2600 299 2642 ae
318 2575 442 2642 facilem
462 2575 616 2642 translata
638 2571 748 2641 faisse:
771 2577 990 2678 integramque
1013 2577 1046 2640 in
1068 2577 1203 2642 Aventi-

136 2687 228 2742 num,
245 2677 396 2730 tetemm
411 2662 517 2728 mdem
531 2684 630 2740 suam,
669 2685 710 2727 uo
723 2677 795 2728 vota
812 2663 951 2727 Romam
965 2663 1129 2728 dictatoria
1144 2685 1204 2727 ro·

136 2762 300 2828 caverant,
313 2750 477 2836 palatum,
498 2749 552 2814 ubi
568 2685 723 2900 temlgdum
737 2751 767 2814 ei
784 2763 895 2836 postea
909 2749 1006 2829 idean,
1029 2750 1085 2837 qai
1107 2741 1201 2815 aare:

137 2851 200 2915 rat,
223 2837 376 2902 Camillus
393 2836 560 2901 dedicavit.
644 2835 674 2900 ic
689 2836 842 2902 veiorum
864 2857 993 2902 causus
1016 2836 1088 2919 fuit,
1111 2837 1201 2902 urbia

138 2924 387 3010 opulentissimae
403 2923 529 2988 Etrusci
544 2921 692 3000 nominis,
716 2921 969 3010 magnitudinem
981 2945 1072 2990 suern
1086 2924 1137 2989 ael
1151 2924 1201 2989 al-

138 3011 221 3076 aa·
244 3009 333 3074 elada
356 3009 545 3074 indicantia:
574 3007 662 3094 quod
692 3008 840 3075 8⁷decern
869 3022 994 3076 testatas
1019 3011 1106 3076 hiem
1161 3033 1202 3076 ue

138 3097 307 3164 continuas
319 3097 535 3172 circumsessa,
549 3116 647 3182 quum
662 3095 735 3180 plus
749 3095 911 3183 aliquanto
925 3097 1065 3164 cladium
1078 3031 1202 3164 afflie-
1250 3168 1255 3176 ,

138 3195 197 3261 aet,
217 3205 315 3268 quam
334 3183 513 3268 accepisset,
533 3193 705 3267 postremo,
721 3183 789 3268 jam
810 3183 966 3250 fetatum
987 3181 1128 3272 danique
1147 3207 1201 3249 nr·
1312 3191 1315 3207 “

138 3281 247 3358 garta,
260 3269 412 3420 operibus
426 3281 541 3346 tamea,
559 3291 622 3332 non
639 3269 680 3346 vi,
695 3283 878 3356 expugnata
891 3284 950 3336 est.

184 3355 276 3422 xxi
300 3357 327 3422 Ι.
351 3355 488 3422 Romam
504 3369 541 3420 ut
554 3355 741 3420 nunciatam
760 3370 821 3434 at,
834 3357 931 3422 Veios
950 3371 1071 3444 emptos,
1090 3379 1202 3445 quam·

185 3465 237 3508 am
256 3455 289 3508 et
301 3442 451 3530 prodigia
470 3454 641 3527 procurata
660 3441 796 3520 fuerant,
811 3455 844 3507 et
857 3457 965 3508 vatam
986 3465 1147 3529 respousa,
1170 3459 1203 3510 et

229 3529 286 3596 icae
301 3541 403 3596 sorta
417 3542 521 3605 actam
543 3539 589 3606 et,
624 3541 757 3600 uantum
772 3528 920 3594 humanis
933 3530 1077 3618 adjuvari
1097 3531 1201 3594 consi·

140 3613 188 3682 lin
210 3630 362 3704 potuerat
384 3638 445 3694 res,
465 3615 581 3680 ducem
645 3615 816 3695 .Fariam,
831 3618 1009 3681 maximum
1031 3619 1202 3704 imperato-

383 3755 463 3804 ‘lotia
473 3757 547 3802 Gran.
560 3755 629 3802 Cret.
758 3752 772 3790 d
780 3755 883 3818 juvenili
894 3753 962 3803 aad.

172 3885 206 3934 at
223 3887 400 3936 convertentem
415 3885 451 3948 ae]
475 3883 588 3932 solebant
608 3881 656 3928 Ro-
719 3883 752 3932 8⁷
776 3885 862 3930 Decem
879 3886 968 3930 aalma
986 3883 1115 3944 hiemsque
1132 3878 1204 3932 cauli·

141 3953 207 3999 maai
226 3959 282 4014 post
301 3951 452 4012 precationes
470 3954 608 3996 contulere
630 3959 657 3992 aa
687 3947 758 4010 aaut]
777 3947 1047 4008 Veiidecimaqnidem
1058 3961 1122 3994 anno
1135 3956 1202 4009 pcat-

139 4027 164 4062 et
197 4017 203 4030 '
369 4015 395 4062 in
416 4015 527 4062 dextram
554 4017 656 4074 partem.
688 4025 763 4072 quam
773 4013 876 4059 obsideri
887 4013 959 4073 coepti
969 4018 1049 4071 erant,
1066 4014 1097 4060 ab
1112 4013 1218 4076 mira„

141 4087 282 4131 utaentur
326 4087 361 4127 ut.
372 4080 399 4126 in
410 4077 481 4128 Cam.
689 4077 878 4138 alscaptiauat.
911 4077 1113 4126 Athibeanaeala
1130 4079 1203 4125 tertia

171 4147 204 4196 85
219 4143 379 4210 cataroae]
395 4143 452 4190 vid.
463 4141 565 4192 notat
584 4141 616 4188 ad
634 4154 656 4190 c.
688 4142 789 4188 demum
833 4141 963 4190 abaidionie
995 4155 1059 4190 uuna
1088 4143 1203 4191 edificari

142 4209 255 4260 tntu.
689 4211 775 4264 coepta.
809 4206 894 4266 itaque
912 4213 977 4264 octo,
995 4221 1045 4254 non
1061 4208 1203 4256 wemma

171 4267 446 4340 tcweqmttsmado]
463 4273 591 4335 'l'arrquem
608 4286 660 4322 non
689 4275 752 4318 tates
778 4271 921 4334 hiemmqae
944 4273 1073 4320 contiuua
1098 4273 1202 4322 caeam·

136 4343 284 4400 auianum,
307 4339 352 4390 aad
374 4349 421 4386 sue
441 4345 529 4402 sponte
547 4351 659 4401 muare
689 4335 834 4384 audiuere.
