3008 4908
478 579 537 681 r.
588 535 790 681 nrvu
840 573 1229 677 paramur

691 799 898 882 LIBER
936 797 990 878 v:

744 1032 939 1076 -οι-

132 1237 182 1288 ·tt.
194 1235 300 1303 0⁸⁵2,
314 1213 449 1302 PAOE
475 1232 550 1298 alibi
574 1245 675 1320 parta,
692 1231 832 1299 Romani
846 1235 979 1322 Veiique
1002 1235 1034 1300 in
1057 1235 1154 1298 armis
1173 1243 1266 1298 erant
1287 1245 1379 1299 tanta

152 1301 289 1354 ΝΜΟ·
306 1323 362 1402 ,ira
390 1321 538 1408 odioque,
563 1332 599 1384 ut
622 1320 712 1386 victis
740 1320 836 1386 finem
866 1321 976 1386 adesse
1003 1321 1181 1406 adpareret.
1236 1319 1379 1385 Comitia

316 1410 478 1494 utriusque
494 1407 604 1491 populi
618 1406 714 1494 longe
729 1406 852 1472 diversa
866 1409 989 1473 ratione
1007 1408 1187 1474 factasunt.
1234 1405 1378 1472 Romani

315 1517 435 1562 auxere
459 1494 659 1557 tribunorum
685 1493 819 1558 militum
847 1494 1005 1559 consulari
1027 1508 1182 1580 potestate
1196 1514 1378 1558 numerum.

154 1581 423 1668 utun·ttmi·¹octo,
437 1593 516 1666 quot
541 1601 712 1666 numquam
737 1596 839 1654 antea,
857 1581 963 1658 creati,
985 1581 1042 1645 Μ’.
1059 1579 1209 1644 AEmilius
1234 1577 1379 1644 Mamer·

152 1657 187 1702 ¹¹⁰
199 1654 292 1731 ”1⁸¹⁶
315 1669 406 1733 cinus
432 1667 557 1741 iterum,
584 1665 622 1729 L.
645 1663 788 1730 Valerius
816 1665 940 1732 Potitus
968 1667 1107 1743 tertium,
1133 1669 1197 1751 Ap.
1223 1665 1380 1731 ClaudIus

153 1719 195 1767 'st'
209 1721 262 1767 Μ’
320 1753 465 1832 Crassus,
482 1751 532 1816 M.
557 1749 749 1826 Quinctilius
766 1753 875 1831 Varus,
901 1750 941 1818 L.
956 1753 1059 1819 Julius
1073 1752 1176 1830 dulus,
1194 1751 1245 1818 M.
1265 1751 1380 1818 Postu·

154 1848 270 1897 verentes
318 1841 412 1920 mius,
428 1839 476 1902 M.
495 1837 607 1901 Furius
624 1836 863 1916 CamillusM.
883 1839 1065 1906 Postumius
1090 1839 1237 1904 Albinus.¹
1261 1837 1380 1904 Veien-

116 1922 120 1930 ’
153 1927 237 2024 “⁸⁹³2
318 1941 364 1992 tes
387 1937 498 1989 eontra
518 1923 614 1988 toedio
639 1946 753 1988 aonuse
776 1925 966 2004 ambitionis,
982 1949 1053 2012 quae
1075 1925 1236 1992 interdum
1258 1925 1380 1990 discor-

154 1990 244 2025 Μ’
317 2013 443 2076 diarum
458 2023 659 2092 cartesaernt,
677 2032 948 2098 regemcreavere.
993 2011 1264 2078 Oblenditeares
1276 2034 1381 2097 popu·

316 2097 422 2163 lorum
439 2097 578 2161 Etruriae
594 2097 726 2174 animos,
743 2119 808 2162 non
823 2100 940 2185 majore
954 2096 1029 2164 odio
1043 2099 1144 2186 regni,
1161 2121 1256 2186 quem
1282 2099 1380 2182 ipsius

317 2186 409 2287 regis.
455 2183 536 2248 ravis
553 2183 619 2268 jam
637 2181 662 2246 is
677 2198 768 2248 antea
782 2187 870 2272 genti
894 2181 999 2250 fuerat
1020 2187 1134 2270 opibus
1155 2185 1380 2272 superbisque,

342 2295 394 2338 ura
408 2208 574 2336 sdllemnia
590 2269 748 2346 ludorum,
764 2293 844 2358 quos
863 2272 1029 2336 intermitti
1043 2271 1130 2337 nefas
1153 2286 1210 2348 est,
1226 2271 1382 2338 uiolenter

317 2295 509 2425 diremisset:
533 2379 631 2442 quum
655 2355 698 2421 ob
724 2357 803 2420 iram
827 2357 972 2444 repulsae,
988 2357 1075 2446 quod
1095 2355 1245 2446 suffragio
1260 2357 1381 2423 duode-

317 2447 380 2512 cim
407 2443 598 2530 populorum
615 2443 694 2508 alius
708 2443 852 2509 sacerdos
873 2443 902 2509 ei
923 2445 1072 2530 praelatus
1093 2457 1186 2525 esset,
1205 2443 1380 2523 ’artifices

309 2525 455 2620 'quorum
480 2551 596 2618 magna
618 2551 690 2614 pars
713 2529 810 2615 ipsius
836 2533 916 2594 servi
941 2546 1042 2608 erant,
1066 2555 1105 2598 ex
1129 2531 1234 2596 medio
1255 2530 1383 2597 ludicro

317 2631 449 2705 repente
464 2615 611 2688 abduxit,
652 2613 741 2680 Gens
756 2617 871 2704 itaque,
886 2632 960 2681 ante
981 2639 1090 2682 omues
1116 2617 1192 2682 alias
1214 2640 1253 2682 eo
1280 2619 1382 2706 magis

318 2706 428 2772 dedita
468 2701 524 2765 reli
551 2701 686 2778 ionibus,
720 2703 805 2789 quod
851 2702 1016 2770 excelleret
1051 2719 1118 2768 arte
1155 2703 1282 2768 colendi
1319 2727 1383 2787 eas,

318 2792 477 2856 auxilium
537 2787 698 2852 eientibus.
717 2787 909 2875 negandum,
937 2789 1040 2856 donec
1069 2790 1129 2856 sub
1160 2813 1234 2876 rege
1265 2805 1382 2869 essent,

320 2876 466 2942 decrevit.
489 2874 578 2959 cujus
605 2873 724 2938 decreti
741 2871 933 2960 ⁸subptesss
953 2876 1038 2942 fame.
1056 2890 1125 2942 est*
1138 2876 1227 2942 Veiis
1250 2892 1384 2964 propter

319 2978 441 3028 metum
456 2960 558 3041 regim
582 2961 648 3044 qui,
670 2983 690 3022 a
711 2983 775 3047 quo
796 2963 859 3026 tale
881 2959 958 3050 quid
982 2963 1103 3028 dictum
1125 2962 1308 3044 referretur,
1323 2988 1384 3052 pro

321 3046 485 3114 seditionis
509 3061 579 3108 eum
605 3045 758 3131 principe,
776 3069 838 3112 uon
864 3048 960 3114 *vani
983 3051 1137 3114 sermonis
1159 3049 1383 3129 ⁵auctoremt,

318 3135 466 3199 habebat.
513 3131 668 3196 Romanis
691 3133 749 3196 etsi
770 3135 887 3222 quietae
909 3159 958 3200 res
980 3159 1017 3200 ex
1039 3135 1171 3202 Etruria
1185 3136 1385 3203 nunciaban-

319 3234 383 3298 tur,
404 3234 520 3296 tamen,
537 3218 611 3304 quia
626 3219 773 3284 omnibus
787 3221 928 3287 conciliis
947 3244 1016 3288 enm
1035 3245 1104 3288 rem
1124 3224 1236 3311 Qitari
1259 3223 1385 3289 adsere·

319 3311 425 3389 batur,
442 3307 486 3372 ita
509 3303 704 3382 muniebant,
721 3322 757 3372 ut
778 3309 930 3394 ancipitia
953 3309 1152 3374 munimenta
1175 3325 1298 3376 essent:
1322 3311 1386 3376 alis

319 3394 354 3459 iu
376 3394 489 3460 urbem
510 3405 542 3458 et
563 3406 676 3456 contra
697 3393 931 3480 oppidanorum
955 3397 1136 3482 eruptiones
1162 3419 1267 3462 versa:
1291 3397 1386 3461 ⁶aliis

578 3553 592 3582 ⁸
607 3555 639 3597 est
651 3551 696 3598 del.
708 3551 783 3624 Gran,
921 3547 934 3588 l
949 3555 1042 3599 auctore
1053 3553 1123 3600 crea.

353 3685 455 3752 locta]
483 3684 596 3748 Sigonius
617 3686 642 3732 in
659 3686 836 3732 ¹commentario
868 3687 994 3748 etseripti.

319 3753 345 3799 iu
366 3751 452 3798 Festos
472 3747 620 3809 consulares,
645 3756 669 3796 et
691 3750 790 3810 Pighius
811 3751 837 3796 in
901 3750 1008 3816 avant]
1035 3751 1218 3809 inconsiderati,
1241 3759 1335 3802 temus
1358 3769 1387 3802 sc

319 3817 465 3872 Annalibus,
476 3817 591 3862 adversus
608 3814 705 3860 Livium
723 3816 836 3874 probant,
869 3815 1031 3863 siueconsilio
1042 3811 1132 3864 'acted

320 3894 363 3929 sex
383 3886 479 3928 tantum
499 3881 545 3926 hoc
565 3892 629 3926 auno
647 3879 757 3924 tribunos
773 3879 837 3925 miti.
903 3831 1049 3942 5Auclorel
1076 3878 1159 3942 Vulgo
1182 3885 1318 3940 summam,-
1346 3898 1390 3946 ps.

320 3955 375 3992 tum
395 3945 486 3993 fuisses
505 3945 539 3990 M.
559 3949 642 3990 sutem
663 3943 795 3990 Camillum
814 3949 839 3990 et
870 3957 927 3992 nrm
953 3951 1066 3994 accurstn
1097 3947 1212 3992 metiaris
1254 3954 1389 4006 mensu,

321 4009 359 4057 M.
381 4010 534 4058 Postumium
570 4009 687 4056 Albinum
728 4021 839 4056 eeumres
871 4010 1389 4074 quumpraeeedatprareditioeir...prts-

320 4074 405 4127 fuisse,
416 4087 464 4120 nou
476 4075 594 4120 tribunos
870 4077 926 4136 cpe.
961 4074 1000 4132 ld,
1012 4076 1080 4134 quod
1095 4075 1225 4131 maiman
1235 4076 1390 4126 trauntduo

353 4135 505 4199 Urtius-er]
532 4137 658 4186 Scenicoss
676 4151 717 4184 eos
738 4137 780 4198 qui
801 4137 838 4184 iu·
871 4139 1063 4186 enostriscodri.

320 4201 394 4250 diesis
420 4202 512 4248 artibus
533 4215 632 4262 operam
657 4202 756 4258 dabant,
779 4208 839 4261 puts
902 4203 1008 4265 sAttul
1027 4203 1073 4250 Per
1085 4203 1134 4250 uiis
1152 4205 1308 4254 muninmts
1316 4205 1391 4270 frou

321 4265 460 4323 histriones,
474 4267 592 4320 tibicines,
605 4266 650 4314 dte.
870 4269 895 4312 in
914 4267 1040 4314 Etrrrrisn
1058 4273 1160 4330 spadam
1177 4269 1391 4319 menbrati-

353 4329 514 4390 SSrrpprersa
523 4329 593 4392 suma
609 4329 655 4392 ert]
676 4329 786 4380 Verbum
806 4335 839 4376 erl
872 4333 1063 4381 verstrssuxilis.

321 4395 445 4455 suuperis
460 4395 577 4440 emissum
596 4401 693 4441 urrant
710 4402 769 4442 vett.
780 4396 839 4442 editi
