3056 4928
318 187 380 245 tot
715 181 828 244 ΤῙΤΙ
855 181 993 244 lett

166 366 232 418 uc.
243 365 299 414 sss
323 355 385 424 tur,
395 344 942 430 qssaeneuinesn,pratersponsorem,
951 343 1113 430 obligaret.
1152 343 1387 417 Qrddeninoo·

164 432 195 480 δ
204 433 231 482 0·
243 429 300 481 ³1⁸·
324 432 447 513 discum,
459 433 572 496 Patres
579 432 755 514 communi,
767 431 845 516 quid
851 453 916 495 men
925 431 1044 516 populo
1053 431 1196 495 Romam
1204 439 1304 495 amum
1312 433 1384 493 est?

324 521 394 604 quis
406 517 432 556 ⁵¹
441 539 493 583 nos
506 519 667 602 adpellare
675 523 807 600 potest?
829 521 897 602 quis
910 539 942 584 se
955 540 977 581 ιι
991 517 1075 582 nobis
1087 519 1190 582 diem
1202 518 1385 602 deceptum

324 605 447 670 toene
470 626 513 668 an
526 605 628 670 cinis?
662 604 762 668 Hosti
780 606 861 668 nihii
882 605 1116 690 spopondistis.-
1131 605 1225 668 noem
1238 605 1386 666 nminem

325 693 475 776 spondm
483 690 636 774 provehis
639 689 788 774 jussistis.
827 690 919 756 Niisii
927 711 1000 776 ergo
1010 689 1092 756 undis
1102 711 1157 774 nee
1169 689 1322 774 nobssasrn
1330 697 1385 764 est,

325 777 434 863 quidus
447 779 529 842 niisii
538 778 707 842 mundanis
711 811 724 852 ,·
747 799 802 842 nec
815 799 879 842 cuns
893 776 1090 854 Samnitibus,
1104 797 1170 841 mon
1184 775 1293 862 quibus
1306 775 1388 839 niisii

326 865 443 950 egistis.
480 863 668 930 Samnitibus
679 885 838 947 sponsores
850 885 905 928 nos
918 885 1028 943 emnia,
1036 861 1063 902 ⁸¹
1071 865 1120 928 rei
1128 865 1206 928 sutis
1214 864 1386 945 templares.

327 952 362 1015 in
377 952 422 1029 id,
437 953 518 1035 quod
527 960 661 1015 metum
671 960 734 1026 «εἰς
756 952 846 1028 inid,
859 951 940 1036 qssod
948 959 1271 1033 preesturepossunsus,
1280 967 1389 1031 eorpo-

326 1059 365 1101 ra
386 1045 493 1101 nostra
513 1047 544 1102 et
564 1039 697 1110 animos·
721 1038 756 1100 in
769 1039 834 1102 lues
846 1039 986 1114 saniant,
1002 1038 1036 1100 in
1051 1037 1258 1119 lausennam,
1274 1037 1309 1100 in
1323 1035 1389 1099 isaee

327 1125 394 1188 irus
407 1131 530 1188 ommni.
569 1122 661 1200 Quod
673 1125 718 1186 ud
729 1124 867 1188 tribunos
880 1124 1012 1200 adtinet,
1022 1124 1177 1199 eonudite,
1192 1132 1292 1186 utnon
1303 1141 1388 1205 prae-

326 1231 394 1276 sens
408 1211 526 1274 desidio
539 1211 723 1292 eonenfieri
731 1212 840 1293 possit,
853 1231 895 1274 un
906 1211 939 1273 in
951 1211 1030 1274 diem
1041 1209 1215 1298 offeratur.
1237 1229 1292 1272 nos
1306 1210 1388 1272 inte·

327 1298 398 1373 νίιιι,
419 1297 456 1361 T.
473 1297 590 1374 Vetusi,
605 1317 713 1382 vosque
733 1299 838 1372 cedei,
853 1299 931 1361 viiio
945 1296 1010 1360 irae
1030 1297 1137 1380 cupito
1158 1297 1278 1362 tande
1295 1315 1389 1378 spon·

325 1383 905 1554 “⁰ii‘sdi'5'i’pieii‘issn’iiii?
913 1383 1228 1533 ww
1243 1403 1386 1532 “ttr-

410 1517 418 1535 ·
1134 1513 1143 1546 s
1376 1512 1385 1543 s

326 1578 385 1622 nec
399 1569 519 1622 eeteros
533 1555 648 1633 solum,
664 1556 718 1620 sed
740 1554 886 1621 tribunos
906 1555 1001 1620 etism
1021 1554 1135 1640 plebei,
1152 1567 1187 1618 ut
1200 1575 1235 1618 se
1249 1554 1280 1618 in
1296 1575 1387 1618 sens·

326 1655 377 1709 tus
400 1643 542 1708 dicerent
565 1641 633 1708 iore
655 1653 820 1724 potestate.
863 1641 1054 1731 Magistratu
1075 1639 1151 1706 iude
1171 1663 1205 1706 se
1224 1641 1387 1724 extempio

326 1729 561 1805 abdicaverunt,
590 1727 760 1815 traditique
792 1726 954 1794 fecialibus
981 1749 1055 1792 eum
1084 1727 1195 1793 ueteris
1224 1723 1386 1792 Caudium

166 1831 296 1894 Spanum
326 1815 474 1881 ducendi.
520 1814 597 1880 Hoc
609 1812 694 1880 iacto
704 1814 984 1892 senatusconsulto,
995 1813 1052 1879 lux
1064 1816 1210 1901 quasdam
1225 1810 1389 1899 adfulsisse

164 1899 231 2008 ἕω·
241 1899 282 1944 ‘¹⁶'
327 1901 447 1968 civitati
461 1901 527 1965 viss
546 1917 603 1966 est.
650 1901 830 1966 Postumius
845 1901 878 1964 in
893 1923 950 1964 ore
970 1914 1057 1980 ernt3
1079 1923 1151 1966 eum
1174 1899 1323 1966 laudibus
1346 1899 1385 1964 ad

183 1969 264 2010 πω·
328 1987 446 2054 ooeium
475 1986 635 2052 ferebant:
670 1986 831 2052 devotioni
854 1988 892 2054 P.
915 1987 1009 2053 Decii
1032 1985 1178 2064 consulis,
1203 1986 1270 2052 aliis
1293 1985 1387 2052 cleris

327 2073 519 2140 facinoribus
533 2073 722 2162 aequsbsnt'
757 2075 925 2140 Emerdme
944 2076 1099 2140 civitatem
1113 2095 1151 2138 ee
1164 2074 1297 2138 obsonio
1306 2094 1388 2158 pace

327 2163 414 2226 iilius
436 2163 566 2226 consitio
591 2170 621 2226 et
644 2182 760 2246 operas
783 2163 880 2244 ilum
894 2183 926 2227 se
939 2161 1123 2234 cruciatibus
1140 2169 1170 2226 et
1183 2161 1314 2226 hostium
1329 2162 1389 2225 irae

326 2247 455 2336 obferre,
465 2250 654 2332 piondaque
669 2268 731 2332 pro
747 2249 864 2331 populo
879 2247 1019 2312 Rosnuno
1032 2249 1119 2314 dare.
1163 2247 1265 2312 Arma
1278 2247 1387 2314 cuncti

325 2346 470 2420 spectant
483 2345 515 2399 et
530 2333 657 2398 bellum.
679 2331 768 2398 ³⁸En
789 2355 929 2420 nmquam
938 2336 1096 2420 finarum,
1111 2343 1146 2399 ut
1166 2335 1313 2419 congredi
1333 2357 1402 2398 ur·-

326 2423 417 2486 matis
437 2443 501 2485 mm
517 2423 659 2488 Samnite
679 2422 799 2485 liceat?
823 2419 1013 2498 incivitate,
1029 2420 1078 2485 irs
1091 2419 1228 2508 odioque
1242 2421 1386 2500 ardente,

324 2505 463 2572 delectus
473 2528 575 2593 prope
589 2506 733 2573 omnium
746 2505 997 2572 voluntariorum
1011 2505 1081 2572 fuit.
1104 2503 1265 2592 rescriptae
1275 2527 1317 2572 ex
1334 2531 1388 2573 eo-

325 2593 397 2658 dem
413 2595 513 2659 milite
526 2617 618 2659 uovoe
633 2593 783 2683 legiones,
797 2593 974 2682 ductusque
988 2593 1029 2658 nd
1046 2592 1203 2659 Caudium
1219 2594 1389 2659 exereitus.

326 2681 500 2782 Progressi
526 2679 661 2782 ieoisles,
683 2680 739 2746 ubi
763 2679 804 2745 sd
831 2695 955 2772 portam
980 2699 1103 2760 venere,
1122 2694 1239 2784 vestem
1261 2679 1387 2746 detrahi

323 2767 895 2940 tttrttfflttttttttttt
906 2781 1118 2918 Ριέῒὶιῗὲἐῖἷέ
1129 2766 1386 2932 lignidi}

329 2941 413 3016 Quin
428 2950 472 3017 tu,
487 2939 600 3026 iuquit,
616 2941 744 3025 adducis
767 2941 875 3016 hesim,
890 2951 925 3004 ut
936 2940 1027 3024 justo
1036 2941 1105 3024 fiai
1118 2942 1264 3004 deditio?
1286 2939 1386 3016 Tum,

323 3025 379 3091 ubi
394 3025 427 3088 in
443 3033 561 3090 coetum
579 3024 769 3091 Samnitium
784 3026 872 3092 etad
894 3025 1033 3092 tribunal
1055 3039 1182 3092 ventum
1204 3025 1312 3091 Pontii
1327 3041 1384 3104 est,

322 3115 362 3178 A.
390 3111 560 3176 Corneliae
585 3112 708 3178 Arvina
732 3110 850 3177 fecialis
875 3112 921 3178 its
943 3113 1039 3178 verbe
1067 3111 1156 3177 feeits
1194 3111 1386 3198 Quandoque

321 3200 390 3264 isice
399 3200 534 3264 homines
545 3197 661 3284 insy‘ussu
668 3201 783 3282 pepedi
790 3201 930 3264 Ronmni
945 3199 1328 3283 Quiritiumfoedsuietum
1344 3201 1388 3264 iri

321 3287 559 3372 spmrondensnt,
575 3297 668 3370 utque
688 3285 725 3350 ad
745 3307 812 3350 eam
825 3307 889 3350 rens
902 3285 1049 3350 ³⁴seorsum
1063 3295 1244 3359 numerunt-
1268 3287 1306 3350 ob
1320 3307 1387 3350 eost

322 3394 394 3449 rem,
408 3394 468 3457 qno
477 3375 611 3456 propitius
622 3373 896 3438 Romanusseeiere
904 3375 994 3456 inpio
1003 3375 1046 3438 sit
1058 3374 1182 3451 solutus,
1192 3373 1279 3436 isosee
1290 3374 1387 3436 hami·

322 3481 375 3524 nes
383 3460 466 3524 uobis
480 3461 568 3522 dedo.
613 3457 698 3522 Haee
712 3456 831 3523 dioenti
845 3457 947 3524 iecieli
965 3456 1146 3524 Postumius
1164 3479 1250 3546 genu
1272 3455 1385 3536 minue,

322 3559 443 3611 suante
466 3549 616 3623 maxime,
630 3556 757 3629 poterat
775 3545 817 3622 vi,
837 3546 983 3630 perculit,
1009 3557 1042 3609 et
1063 3545 1149 3608 clara
1174 3565 1251 3609 voce
1275 3547 1332 3622 ait,
1355 3567 1387 3610 se

324 3569 490 3697 dommine
504 3634 596 3696 civem
619 3651 690 3709 esse,
707 3633 792 3696 iiiam
806 3633 955 3716 legatum·
966 3633 1115 3717 semelem
1130 3653 1151 3695 a
1164 3653 1197 3696 se
1210 3642 1319 3696 contro
1329 3631 1387 3717 jus

318 3721 457 3805 gentium
471 3719 616 3784 uiolatum
623 3751 635 3793 ‚-
659 3739 695 3782 eo
697 3717 817 3800 justius
830 3719 939 3783 beilum
950 3727 1099 3804 gesturos.

355 3909 408 3957 81·
420 3909 468 3956 Vos
477 3906 603 3972 appellare]
616 3907 668 3955 Vos
680 3909 841 3970 quodammo·
871 3921 967 3968 cunque
978 3909 1063 3956 debete
1081 3906 1195 3969 quiquid
1210 3907 1320 3968 promisit
1332 3919 1387 3966 spo·

322 3973 354 4019 do
365 3969 441 4035 injus
452 3972 652 4031 voemavouu
665 3987 709 4020 suo
723 3967 780 4034 jure
796 3973 840 4018 sii·
871 3974 996 4032 ponditve,
1026 3973 1091 4033 quod
1123 3979 1238 4032 prestare
1265 3978 1384 4018 teneatur.

322 4038 521 4097 quidpostuiare.
546 4038 639 4085 Eodem
656 4039 729 4084 modo
740 4037 839 4084 infmia
871 4037 928 4085 vid.
939 4037 1047 4085 Festum.

321 4101 430 4158 oratione
445 4101 541 4149 Pontii:
559 4102 606 4150 Sed
621 4102 678 4162 quid
695 4115 738 4162 ega
756 4105 779 4148 te
794 4115 835 4162 ap·
898 4100 1000 4150 83¹&
1014 4101 1127 4164 unomen]
1142 4101 1316 4162 Nunquamne.
1346 4099 1383 4147 Sic

320 4165 399 4276 {Uni
416 4172 452 4223 et,
472 4165 592 4227 Pensatum
608 4166 742 4214 Romanum
761 4165 837 4226 eppei·
870 4167 934 4214 inira
948 4165 984 4213 X.
1000 4166 1023 4214 8.
1040 4167 1081 4212 En
1099 4179 1202 4228 usonem
1214 4163 1292 4228 fundo
1309 4163 1385 4211 andis·

870 4233 908 4280 tis·
1114 4265 1118 4273 ι

353 4295 386 4342 32
403 4293 449 4341 liei
470 4295 526 4342 sotis
552 4295 682 4358 ὶιιειιρὶιιιι]
710 4295 837 4342 Debitores
901 4295 935 4342 84
954 4295 1055 4342 'Nonam
1099 4295 1236 4359 mount]
1282 4295 1383 4356 eulpam

321 4359 401 4408 idonei
423 4359 546 4407 solvendo.
589 4359 654 4407 Reus
674 4359 762 4407 dicitur
784 4361 837 4420 qui-
870 4359 1051 4408 eornmtserunt.
1215 4393 1219 4400 .
