2978 4918
361 165 418 228 126
723 164 839 227 TlTl
866 164 1007 228 lell

197 346 229 395 ll.
241 346 333 394 ceto.
357 331 620 406 ²'consternatus
636 329 677 393 ab
698 328 771 392 sede
793 351 849 394 sue
863 350 960 415 quum
982 326 1077 393 ferret
1098 329 1190 392 matri
1210 329 1313 394 obiise
1327 351 1406 394 com·

196 412 228 458 Α·
240 413 269 460 ⁰·
278 411 335 462 ⁴⁸⁶·
358 417 497 504 plexum,
512 415 627 479 mulier
640 415 672 478 in
688 415 767 480 iram
782 438 821 480 ex
835 414 979 501 precibus
994 437 1091 492 versa,
1108 415 1223 494 ²⁴Sirtc,
1233 419 1406 500 priusquam

356 505 539 586 conspicerem
563 503 694 584 arepto,
715 503 818 577 sciam,
841 501 954 588 inquit,
974 504 1018 565 od
1038 503 1158 578 hostem,
1174 525 1219 564 nn
1244 505 1289 566 od
1299 505 1405 586 filiano,

356 590 487 653 venerim
498 615 509 651 .·
532 590 656 670 captiua
671 597 821 652 mater-ne
834 589 944 652 castris
957 589 1019 652 iuis
1031 591 1116 652 sim?
1137 589 1179 652 In
1192 590 1250 652 loc
1263 611 1308 653 me
1321 592 1405 674 loligo

355 676 421 739 uita
435 683 466 738 ei
480 674 592 758 inffelic
600 683 719 738 senecta
733 675 841 751 nonii,
855 683 888 738 nt
898 675 1024 738 exsulem
1036 684 1075 749 te,
1085 675 1195 738 &inde
1208 675 1320 738 hodene
1331 677 1406 739 nide-

355 765 445 824 rem?
461 761 598 826 Potuisti
601 761 752 842 populari
759 761 838 822 lonc
845 769 1081 844 inrumpente
1087 761 1196 844 genuit
1206 771 1299 845 aiqroe
1307 763 1405 824 oluit?

356 846 431 910 Nou
444 846 512 923 tibi,
529 847 664 930 quamvis
678 846 789 930 itfisto
802 848 905 909 animo
920 855 949 909 et
970 848 1085 910 minaci
1099 868 1296 929 perveneras,
1312 847 1406 930 ingre-

356 934 457 996 dienti
467 933 554 1015 fines
575 933 626 995 iro
647 933 783 996 cecidit?
807 953 877 1008 uon,
893 953 981 1016 quum
1001 935 1033 995 in
1048 943 1208 1016 conspectu
1222 933 1404 1017 Romosuit,

350 1020 513 1094 ‘succurrit
530 1021 616 1082 iutra
630 1019 687 1081 illa
702 1019 812 1082 moenio
827 1020 929 1081 domus
942 1029 1116 1100 capenates
1130 1021 1189 1082 mei
1209 1029 1290 1096 sunt,
1306 1029 1405 1094 mater,

355 1103 475 1189 conjux,
486 1105 660 1188 liberique?
675 1105 763 1188 Ergo
774 1125 827 1187 ego
838 1105 901 1168 nisi
908 1105 1101 1186 peperissem,
1112 1105 1214 1168 Βοηια
1229 1125 1291 1168 non
1301 1106 1405 1189 obpug-

297 1257 298 1261 ,
357 1201 501 1262 neretum
525 1193 588 1256 uisi
597 1191 702 1272 filium
724 1189 871 1266 ladmen,
887 1189 985 1252 libero
1005 1191 1038 1252 in
1052 1190 1150 1254 libero
1167 1193 1281 1274 patric
1296 1201 1405 1254 mortua

356 1299 455 1342 essem.
488 1276 583 1342 ”Sed
602 1298 657 1360 ego
680 1277 760 1338 uiltil
773 1273 844 1356 jam
860 1277 944 1357 pati,
959 1296 1013 1338 nec
1026 1275 1085 1338 tibi
1099 1280 1220 1358 turpius
1234 1299 1321 1361 qnam
1336 1279 1405 1340 milti

356 1365 502 1439 miserius,
515 1383 657 1445 possum:
680 1382 743 1436 nee,
759 1363 860 1425 cisitu
874 1363 1054 1440 rniseprt'mn,
1070 1363 1245 1446 dinfitturn
1260 1385 1332 1428 sum.
1358 1365 1405 1426 De

355 1451 404 1515 itis
417 1451 552 1530 uideris:
567 1469 650 1532 qnos,
665 1449 695 1510 si
701 1449 820 1530 pergis,
832 1456 886 1510 unt
900 1449 1055 1510 inmatura
1069 1469 1157 1526 mors,
1173 1461 1230 1514 aut
1244 1451 1336 1534 longo
1347 1471 1403 1512 ser·

356 1538 436 1600 uitro
449 1543 559 1598 manet
605 1531 697 1598 Uxor
718 1531 831 1596 deinde
852 1553 888 1596 ac
910 1531 1003 1597 liberi
1024 1533 1180 1619 amplexi:
1204 1534 1356 1622 fletusque
1368 1533 1403 1598 ab

356 1620 442 1684 omni
459 1619 554 1684 turba
577 1618 742 1684 mulierum
765 1631 862 1695 ortus,
878 1632 909 1683 et
934 1619 1142 1703 comploratio
1156 1621 1205 1684 sui
1227 1623 1402 1706 patriaeque,

354 1705 476 1792 fregere
497 1705 624 1769 tandem
640 1705 754 1769 virum.
777 1703 960 1790 complexus
983 1704 1057 1770 inde
1078 1727 1150 1770 suos
1169 1707 1322 1773 dimittit:
1343 1707 1402 1790 ipse

288 1817 296 1834 ·
354 1791 478 1856 ¹⁰retro
492 1791 533 1856 ab
554 1791 633 1854 urbe
647 1802 748 1854 castra
767 1791 874 1855 movit.
918 1790 1076 1856 Abductis
1098 1792 1215 1860 deinde
1235 1793 1402 1882 legionibus

355 1900 393 1942 ex
407 1899 487 1964 egro
503 1877 659 1953 Romano,
675 1875 793 1941 invidia
812 1877 858 1941 rei
879 1876 1063 1960 obpressum
1077 1878 1104 1922 ’ἵ
1114 1879 1244 1962 periisse
1261 1879 1400 1954 tradunt;

354 1964 407 2030 alii
430 1963 494 2028 alio
510 1963 583 2028 leto.
616 1961 734 2048 ²⁸apud
751 1962 897 2041 Fabium,
913 1962 1007 2051 longe
1027 1965 1281 2050 antiquissimum
1302 1975 1401 2030 aucto·

354 2072 433 2128 rem,
448 2072 548 2136 usque
561 2046 602 2114 ud
619 2063 809 2114 senectutem
825 2048 938 2114 vixisse
950 2050 1096 2114 eumdem
1119 2051 1257 2117 inienio.
1300 2049 1401 2116 Refert

354 2149 449 2213 certe,
465 2135 548 2202 hanc
568 2157 652 2221 saepe
666 2157 738 2200 eum
754 2147 863 2200 exacta
878 2147 971 2200 etate
992 2159 1157 2222 usurpasse
1170 2161 1291 2215 vocem,
1306 2137 1401 2202 Multo

353 2225 492 2290 miserius
515 2225 582 2288 seni
602 2223 740 2286 cnsilium
754 2243 824 2286 esse.
860 2221 970 2286 ²⁹Non
995 2222 1176 2288 inviderunt
1202 2224 1311 2290 laudes
1335 2243 1399 2286 suas

353 2307 537 2374 mulieribus
567 2307 627 2372 viri
658 2306 807 2375 Romani.
838 2306 918 2372 adeo
947 2310 1014 2372 sine
1040 2308 1270 2376 obtrectatione
1296 2309 1399 2399 glorie

351 2395 463 2461 elienae
483 2394 691 2460 ”vivebatur
736 2391 949 2459 Monumento
970 2415 1098 2481 quoque
1117 2398 1203 2482 quod
1225 2409 1314 2476 esset,
1328 2409 1399 2458 tem-

385 2584 622 2658 ib't'onstemotrae]
638 2583 761 2632 Turbatus
771 2583 863 2636 animo,
896 2583 952 2630 belli
969 2585 1066 2630 iuturus
1084 2583 1132 2642 sit,
1155 2591 1208 2630 turn
1228 2583 1295 2644 quia,
1311 2577 1398 2640 siquid

352 2656 608 2775 neilaliiriiioelipiiiii
625 2711 731 2771 pretium
751 2717 788 2757 est
806 2725 864 2758 cou-
896 2643 1398 2769 pppeenpesdepcuoupisacintrpppioppnuppp’r,qppp

350 2781 413 2826 terre
429 2777 493 2822 inter
511 2788 537 2821 se
554 2782 603 2820 tres
623 2775 797 2834 pulcherrimas
812 2787 865 2820 ore-
896 2775 999 2822 ruiseriae
1009 2775 1069 2821 inse
1079 2777 1272 2824 redundaturum
1288 2777 1335 2828 titt
1351 2779 1397 2816 tum

461 2845 587 2950 triu
602 2838 864 2963 nuntius
895 2840 1338 2966 {sustineritis
1350 2845 1399 2960 rt

351 2968 506 3028 scripserunt,
523 2973 640 3026 tunquam
656 2981 671 3013 a
687 2973 765 3012 matre
784 2967 864 3014 Corio·
895 2968 971 3014 tinere
982 2970 1013 3014 ad
1024 2981 1109 3028 parvos
1119 2969 1240 3016 Coriolani
1248 2971 1341 3016 liberos.

351 3033 402 3078 lani
415 3030 524 3078 habitan
541 3030 604 3076 hauc
620 3031 692 3088 Livii,
708 3031 865 3078 conciudesi·
928 3031 958 3079 26
975 3031 1048 3080 Retro
1062 3034 1090 3078 ab
1105 3035 1160 3080 urbe
1176 3039 1253 3080 castro
1268 3029 1348 3092 monii]
1365 3025 1396 3072 8⁰

351 3109 419 3142 ruam
437 3101 462 3142 et
484 3095 602 3152 magicum
625 3108 686 3156 pene
713 3094 861 3155 spirantemr
893 3097 994 3144 coneilio
1010 3097 1152 3144 utVoleoos
1168 3099 1293 3159 impellere
1309 3103 1398 3142 nonme·

352 3159 472 3220 Dionysii,
490 3159 661 3220 placidiorem
685 3158 818 3218 Plutarchi,
832 3173 862 3207 ex
894 3163 974 3208 turad
989 3174 1074 3222 pacem
1092 3163 1228 3210 ledendum
1244 3175 1300 3210 cum
1316 3155 1396 3220 popul⁰

352 3229 453 3284 utroque
478 3225 566 3270 ellectu
601 3223 667 3270 velut
694 3231 861 3284 temperatam.
894 3225 1021 3280 llomenot
1038 3227 1059 3272 si
1077 3228 1226 3274 mentionem
1244 3225 1308 3288 pacit
1324 3232 1395 3282 asper·

351 3287 400 3334 lite
417 3293 545 3348 postrema
563 3288 619 3334 dure
637 3289 769 3347 quemdam
787 3289 861 3336 hieto·
894 3297 1017 3346 narentur,
1039 3291 1091 3352 ipse
1111 3291 1242 3352 imperium
1269 3285 1394 3350 deponem-

349 3351 390 3398 rire
406 3353 475 3413 quest
490 3353 595 3399 colorem
611 3353 714 3400 retinere
725 3353 861 3413 magistor-
893 3353 967 3402 Dion.
981 3357 997 3402 l.
1009 3353 1084 3402 vlll.

350 3422 413 3464 taeee
433 3418 595 3464 videbuntur:
623 3414 726 3463 Liviana
746 3417 862 3464 excelsior
926 3417 957 3467 27
973 3419 1066 3468 Perisse
1103 3415 1209 3483 miani]
1250 3420 1289 3466 lta
1321 3414 1394 3462 nrtrrtt

349 3481 637 3528 esseetllomenemroe
647 3481 749 3541 dignior.
892 3483 964 3530 Dion.
976 3484 1008 3532 ib.

382 3545 414 3594 25
430 3545 477 3592 Sed
485 3557 528 3606 ego
543 3543 604 3590 nibil
611 3546 665 3606 jam
676 3544 741 3607 poti]
759 3544 805 3592 Sed
816 3557 861 3606 epo
926 3546 957 3594 28
972 3546 1166 3614 Apenninum]
1178 3545 1394 3600 Pistorem‚detl¹¹⁰

349 3611 535 3672 necquidquam
550 3603 604 3670 jam
616 3608 665 3668 peti
676 3621 784 3670 porrum
796 3610 860 3670 quod
892 3611 987 3673 egimus
998 3614 1024 3660 in
1032 3619 1082 3659 not.
1093 3613 1133 3660 sa
1143 3615 1175 3661 ed
1186 3615 1207 3665 1.
1218 3613 1258 3660 ll·

349 3689 398 3724 non
409 3675 487 3736 magis
503 3680 573 3734 turpe
590 3673 634 3719 tibi
651 3674 692 3732 sit,
703 3686 777 3734 quam
788 3675 860 3719 mise·
924 3675 956 3722 29
972 3676 1030 3724 Non
1040 3677 1173 3724 inviderent
1184 3671 1333 3734 leudesium]
1347 3667 1394 3716 All·

253 3779 259 3790 .
348 3754 404 3788 rum
425 3739 504 3793 inibit
528 3751 581 3796 nec,
601 3737 697 3784 etiamsi
724 3737 860 3784 miserrima
891 3745 951 3802 quot
962 3741 1056 3802 scripti,
1073 3738 1327 3792 tumecronovirnia
1345 3741 1392 3780 tum

347 3806 404 3863 sim,
423 3804 466 3851 diu
483 3805 568 3850 tumn
584 3802 674 3848 mirere
689 3813 754 3860 sum,
765 3807 794 3848 ut
803 3815 859 3861 quse
891 3805 1012 3862 enortris,
1024 3805 1247 3854 habentnedmc

348 3871 379 3916 ob
400 3873 522 3916 renonem
548 3867 614 3913 haud
640 3866 724 3926 procul
745 3879 761 3912 e
781 3872 859 3912 morte
924 3868 957 3916 80
985 3869 1120 3932 liniatur]
1148 3869 1268 3934 cujaetus.
1293 3869 1311 3914 l.
1336 3859 1391 3910 ΧΠ·

347 3934 432 3980 mrim
473 3933 510 3978 De
530 3931 611 3978 liberis
630 3929 689 3988 tuis,
711 3929 754 3989 qui
774 3929 815 3976 liic
835 3942 861 3976 ee
892 3931 1099 3980 Observato-iis
1114 3933 1160 3982 hoc
1175 3937 1226 3984 loeo
1236 3925 1392 3998 inmntverb·

348 3997 437 4044 sistunt
453 3997 508 4054 tibi,
524 3996 579 4042 vide
594 3995 655 4056 quid
670 4006 736 4054 eger.
775 3992 861 4041 'flac
892 3999 954 4054 hiet,
972 4003 1087 4057 tanquam
1107 3993 1129 4044 e'
1139 3999 1240 4048 Liuiano
1255 3991 1391 4053 erenrpltfli

346 4061 422 4120 igitur
443 4060 517 4108 totius
543 4056 617 4120 hujus
643 4059 690 4106 loci
718 4071 788 4106 mens
815 4063 859 4104 est.
896 4061 963 4110 Tuae
980 4061 1042 4108 euim
1059 4062 1166 4120 primum
1186 4065 1297 4112 nucitum
1311 4060 1351 4112 ed,
1367 4051 1390 4095 “l

347 4123 411 4178 Quin
432 4123 543 4177 vetuste,
565 4123 590 4169 in
615 4123 646 4170 iia
667 4137 723 4183 qun
749 4123 859 4183 proxime
890 4125 1023 4172 summitur
1038 4123 1066 4172 de
1087 4127 1125 4172 uta
1143 4123 1267 4181 amnui,
1284 4127 1309 4170 ni
1329 4122 1389 4167 inw-

347 4189 495 4248 proecedunt.
517 4189 548 4234 de
569 4200 595 4233 se
616 4189 668 4246 ipra
690 4189 791 4247 loquum
812 4192 858 4241 est,
892 4189 955 4235 ritas
968 4189 1053 4248 areis,
1064 4194 1091 4235 at
1105 4205 1224 4254 purpura
1234 4193 1300 4243 uene,
1316 4187 1341 4232 ei
1353 4193 1388 4226 Ν·

346 4253 387 4300 hie
403 4252 501 4312 corrigit
517 4252 731 4311 disrumpendo
747 4265 791 4298 rua
805 4252 859 4312 qul·
891 4253 938 4298 retr
947 4254 1178 4314 mmmm
1189 4245 1389 4304 villelm.

346 4317 402 4365 dem
428 4329 514 4378 perum
542 4315 639 4374 reterre,
660 4315 743 4376 qualit,
759 4321 861 4364 eventus
893 4320 1018 4366 aiom.
1062 4318 1214 4368 Monumeelo
1239 4327 1321 4380 quoqu
1347 4307 1387 4357 ὅθ·
