3008 4908
322 195 383 252 iis
712 189 824 256 1111
851 189 990 253 L1v11

162 369 298 421 nosco.
321 355 387 420 lace
418 355 454 420 iss
477 373 583 438 compo
608 351 734 420 Morio
757 355 921 434 adeoestr
948 357 1161 442 mgnoamds's
1185 355 1301 424 camos
1328 373 1381 422 eo·

161 433 297 488 &⁰0⁴ss
321 463 399 519 nos,
423 442 478 526 qui
501 441 626 506 nomina
654 462 717 506 ooo
740 441 1006 520 autemurale
1027 443 1166 528 perfecto
1192 463 1224 508 se
1252 444 1381 508 aaron

320 537 458 612 tempuss
475 547 539 610 pro
560 528 712 592 dermore
722 527 882 612 futurum,
902 526 986 612 ordre
1006 550 1068 594 nors
1088 529 1272 612 probauerit
1291 549 1380 594 omo·

319 635 406 679 sams
431 611 534 678 omnis
553 613 703 700 juventus
728 613 830 680 adluit
851 625 980 700 postero
1004 613 1066 682 dis.
1098 613 1295 681 ⁰⁰Cohortes
1317 613 1378 680 sibi
1500 653 1501 664 .

321 721 457 800 quosque
471 699 669 764 centuriones
684 699 844 789 legerunt:
869 700 936 766 bini
949 713 1109 768 senatores
1120 701 1252 791 singulis
1263 699 1380 768 cohor·

319 789 405 852 tibus
419 786 591 872 praepositi.
636 785 723 854 Haec
736 787 936 854 omnissdeo
949 800 1074 854 mature
1093 787 1233 874 perfecta
1254 787 1380 874 aceepi-
1455 785 1459 792 ’

319 893 401 950 mus,
417 885 454 938 ut
471 873 572 956 signs,
587 895 626 938 eo
647 873 719 958 ipso
738 873 792 938 die
804 895 825 938 a
860 874 1049 940 usestoribus
1062 896 1102 940 ex
1115 875 1230 940 oerario
1250 889 1379 962 promta

319 957 485 1047 delataque
496 960 530 1026 in
540 980 701 1046 campum,
715 972 830 1047 quarta
838 896 906 1026 diei
919 959 999 1026 hors
1012 974 1099 1026 mota
1112 984 1152 1028 es
1166 983 1282 1048 campo
1296 961 1377 1026 sint:

319 1047 540 1133 exercitusque
559 1067 670 1125 novus,
686 1047 797 1133 paucis
819 1046 1003 1112 cohortibus
1014 1059 1154 1114 veterum
1168 1046 1307 1113 militum
1323 1067 1379 1112 ro-

319 1131 444 1200 luntate
457 1132 668 1220 sequentibus,
683 1133 834 1198 manserit
854 1133 896 1198 sd
914 1133 1074 1200 decimum
1095 1133 1243 1221 lapidem.
1288 1133 1379 1200 lnss·

319 1241 420 1306 quens
434 1221 499 1286 dies
514 1217 640 1286 hostem
659 1220 692 1284 in
712 1232 915 1306 conspectum
931 1219 1026 1298 dedit,
1046 1233 1211 1307 castraque
1232 1219 1273 1286 ad
1295 1219 1379 1285 Cor-
1500 1247 1501 1266 2

319 1307 448 1372 bionem
463 1303 573 1372 castris
587 1319 662 1372 sunt
679 1307 857 1393 conjuncta.
901 1299 1014 1370 Tertio
1033 1305 1095 1384 die,
1117 1327 1216 1392 quum
1238 1306 1287 1371 ira
1311 1306 1378 1370 Ro-

317 1413 440 1470 manos,
464 1392 544 1470 illos,
559 1414 657 1492 quum
680 1393 773 1458 toties
787 1389 1000 1470 rebellassent,
1015 1393 1207 1458 conscientia
1221 1391 1326 1478 culpoe
1339 1413 1378 1458 ac

317 1477 373 1544 des
415 1480 505 1556 ratio,
521 1478 671 1558 irritaret,
686 1501 776 1544 mora
790 1478 962 1544 dimicandi
975 1478 1065 1543 nulls
1078 1490 1125 1544 est
1138 1477 1230 1545 fauts.

393 1563 476 1631 XX.
499 1563 538 1630 ln
563 1565 702 1630 exercitu
731 1565 878 1630 Romano
897 1586 995 1651 quum
1017 1564 1084 1630 duo
1106 1564 1249 1631 consules
1273 1577 1378 1632 essmt
1500 1601 1501 1614 .

315 1663 470 1734 potestate
486 1651 574 1737 perir
596 1651 682 1739 quod
697 1649 938 1716 saluberrimum
953 1651 986 1716 in
1001 1650 1274 1717 administratione
1288 1673 1378 1740 mag-

315 1759 430 1802 narum
446 1739 552 1802 r'erum
567 1751 624 1814 est,
639 1759 763 1802 summa
782 1737 916 1822 imperii,
938 1736 1132 1804 concedente
1145 1738 1305 1826 Agrippa,
1319 1760 1376 1824 pe·
1454 1803 1455 1806 ,

316 1843 373 1888 nes
391 1823 545 1911 collegam
559 1835 644 1890 erat:
666 1839 699 1888 et
711 1821 863 1909 praelstus
884 1823 938 1890 ille
959 1809 1098 1890 lacilitati
1114 1825 1330 1890 submittentis
1344 1847 1377 1890 ss

316 1910 449 1976 comiter
463 1909 681 1995 respondebat,
708 1909 974 1976 communicando
995 1909 1128 1976 consilia
1146 1910 1330 1996 laudesque,
1345 1923 1378 1976 et

316 1997 475 2084 nequando
488 1997 631 2080 inparem
646 1996 716 2063 sibi.
762 1996 800 2062 In
816 1996 884 2062 acie
898 1996 1071 2073 Quinctius
1090 1996 1238 2062 dextrum
1262 2017 1374 2075 cornu,

314 2083 459 2170 Agrippa
477 2083 638 2148 sinistrum
662 2082 780 2148 tenuit:
806 2083 862 2168 Sp.
878 2082 1042 2148 Postumio
1058 2082 1144 2148 Albo
1160 2083 1267 2184 legato
1280 2084 1377 2149 datur

315 2163 420 2234 media
433 2169 514 2234 acies
535 2171 668 2246 tuende;
690 2169 830 2270 legatum
845 2169 980 2234 alterum
1001 2169 1071 2236 Ser.
1087 2169 1264 2254 Sulpicium
1288 2170 1378 2257 equi·

318 2255 405 2320 tibus
422 2255 613 2342 praeficiunt.
658 2255 785 2322 Pedites
808 2257 849 2320 ab
870 2255 982 2322 dextro
997 2276 1097 2322 cornu
1111 2257 1238 2345 egregie
1252 2277 1378 2360 pugne-

316 2363 402 2422 vere,
427 2342 514 2408 haud
539 2343 677 2431 segniter
698 2343 914 2410 resistentibus
936 2341 1071 2408 Volscis.
1120 2345 1190 2408 Ser.
1216 2343 1378 2428 Sulpiciis

317 2450 375 2514 per
400 2429 536 2496 mediam
561 2429 700 2495 hostium
725 2429 824 2494 aciem
845 2451 920 2494 oum
944 2429 1085 2516 equitatu
1108 2428 1264 2514 perrupit.
1290 2427 1378 2494 unde

316 2537 417 2603 quum
431 2515 541 2582 eadem
556 2517 670 2582 reverti
689 2530 797 2602 posset
821 2516 861 2581 ad
885 2537 967 2594 suos,
983 2515 1167 2601 priusquam
1188 2514 1291 2580 hostis
1308 2529 1377 2581 tur·

249 2619 251 2624 '
315 2601 409 2668 batos
432 2603 559 2668 ordines
582 2602 736 2676 reliceret,
751 2617 841 2690 terga
859 2601 1037 2690 inpugnare
1054 2601 1192 2668 hostium
1216 2602 1316 2667 sedus
1330 2603 1378 2666 ri·

314 2712 386 2754 sum
416 2704 474 2754 est.
510 2699 736 2775 momentoque
763 2689 928 2774 temporis,
956 2689 989 2752 in
1014 2709 1153 2754 aversam
1182 2689 1378 2754 incursando

314 2775 425 2851 aciem,
441 2774 571 2860 ancipiti
582 2787 703 2839 terrore
713 2773 890 2860 dissipasset
905 2773 1023 2856 hostes,
1037 2777 1071 2838 ni
1084 2798 1143 2840 sno
1157 2775 1290 2860 proprio
1300 2797 1378 2840 eum

313 2861 432 2946 proelio
446 2861 567 2960 equites
581 2859 771 2926 Volscorum
790 2873 823 2926 et
840 2859 1025 2961 AEquornm
1037 2875 1203 2948 exceptmu
1218 2860 1377 2944 aliqrmm·

314 2946 370 3014 diu
397 2957 592 3036 tenuissent.
623 2945 676 3010 Ibi
690 2967 765 3012 vero
787 2947 945 3032 Sulpicius
969 2969 993 3012 n
1068 2950 1277 3024 emerendi
1301 2959 1378 3014 tess-

308 3055 372 3117 psss
394 3055 467 3109 esse,
492 3035 706 3098 circumventos
731 3035 964 3120 iatmlnsosqrse
1048 3037 1111 3100 arsis
1131 3033 1318 3112 vociferans,
1341 3037 1379 3100 ns*

313 3129 450 3204 quemn
466 3119 613 3204 proelmm
635 3121 756 3185 conaisi
782 3123 865 3186 ossi
887 3125 920 3188 oi
936 3122 1129 3205 perficerent.
1173 3121 1241 3186 Nec
1251 3121 1379 3208 figure

313 3208 445 3290 egrsiieru
472 3207 623 3290 integrus
646 3209 725 3272 satis
746 3225 817 3285 one,
841 3209 1018 3292 conficerem
1042 3229 1133 3293 sqsos
1160 3209 1311 3293 oirosqsoe,
1338 3229 1379 3274 ne

313 3294 382 3378 quis
406 3293 598 3359 meliorem
619 3295 691 3359 inde
714 3296 759 3360 ad
775 3296 932 3378 molirer,
953 3304 1009 3363 orsi
1036 3295 1208 3380 integraret
1224 3315 1379 3380 pagrrnas.

313 3519 501 3568 mirmnomnes
513 3511 624 3582 juniores
635 3515 739 3568 Romani
751 3521 829 3566 nomi·
860 3519 960 3582 triginta
991 3523 1102 3579 qmtuor.
1154 3507 1277 3577 hisoipuii
1309 3515 1379 3564 enim

314 3597 347 3634 tta
367 3583 535 3634 nisiados
550 3585 684 3632 dehebant:
701 3597 746 3631 nec
760 3585 828 3646 quis-
861 3585 1020 3632 lismetorum
1039 3587 1064 3629 et
1084 3581 1234 3643 l'rlnsslpum.
1256 3593 1287 3628 α
1306 3579 1381 3628 Livio

314 3663 390 3712 quam
408 3655 504 3710 poterat
521 3650 567 3696 hoc
586 3651 827 3704 munusdmmtsrs,
861 3649 936 3698 vili.
955 3649 979 3696 8·
994 3653 1094 3696 centum
1111 3647 1315 3708 vigintiquatuor
1334 3647 1380 3694 ho-

243 3709 249 3717 '
314 3713 363 3762 nisi
381 3727 479 3762 musam
499 3715 606 3774 aliquam
625 3715 754 3769 attulisset,
774 3729 828 3776 quse
860 3715 938 3762 mines
957 3713 1046 3774 singull
1064 3713 1238 3772 continebsnt;
1255 3711 1380 3772 manipuli

315 3779 455 3828 comuir'hus
486 3779 642 3839 probantum·
678 3778 727 3831 Qui
753 3779 828 3826 talem
860 3777 1019 3833 hisidorum,
1044 3784 1143 3824 centum
1170 3776 1295 3836 octoginta
1325 3789 1378 3822 sex.

314 3845 424 3906 ahmam
445 3855 544 3892 masam
565 3844 695 3902 mosot,
715 3844 828 3891 diesun-
862 3845 956 3891 osum
974 3843 1049 3905 igitur
1069 3843 1164 3890 derisus
1184 3852 1241 3902 pass
1261 3841 1378 3902 legionis,

315 3915 356 3960 tus
366 3910 475 3956 mundi·
861 3915 887 3956 et
897 3908 966 3970 qussi
982 3921 1057 3968 parra
1071 3907 1142 3968 legio.
1174 3905 1247 3962 Quod
1260 3905 1303 3954 hie
1316 3907 1380 3956 diei·

347 3971 380 4021 90
397 3970 518 4036 Cohorter]
537 3971 628 4018 Cohors
646 3973 749 4020 habebat
766 3973 830 4020 lias-
862 3979 903 4020 tur
927 3972 1079 4020 centuriones
1103 3985 1118 4020 a
1144 3971 1285 4018 cohortibus
1316 3971 1380 4032 ipsis

314 4043 387 4093 utos,
406 4035 539 4097 Principes,
557 4037 677 4085 'lhlarloss
695 4051 709 4084 s
727 4037 829 4098 singuiis
861 4038 945 4096 laetos,
969 4037 994 4083 id
1019 4044 1102 4091 eontra
1129 4037 1254 4082 solennem
1279 4035 1379 4082 milium

315 4103 469 4162 manipulum
490 4115 576 4150 unum.
608 4101 750 4164 Msnlpulus
768 4101 828 4148 disi·
861 4115 954 4150 morem
965 4107 1112 4161 sst,sxquo
1122 4100 1276 4148 centuriones
1291 4111 1378 4146 seon-

314 4167 416 4214 debatur
432 4167 457 4212 in
475 4165 536 4213 duos
552 4167 664 4222 Ordines3
676 4167 727 4214 sive
744 4171 829 4214 centu·
861 4165 963 4221 suh'bus,
974 4171 1010 4224 et,
1020 4165 1139 4226 permissu
1156 4177 1251 4222 eorum,
1262 4177 1279 4210 a
1298 4164 1377 4210 inhu-

314 4231 373 4285 riss,
392 4231 481 4291 quibus
502 4231 604 4292 singulis
622 4237 725 4294 preersu
744 4237 829 4278 centu·
861 4232 899 4278 nin
915 4231 1029 4278 constitui
1048 4230 1165 4278 solebant.
1181 4227 1241 4276 Vld.
1259 4227 1328 4290 Lips
1344 4227 1378 4274 dc

314 4295 359 4342 rlo.
393 4294 479 4356 ltaque
494 4307 537 4341 sex
547 4300 617 4342 erant
627 4295 653 4342 in
668 4307 717 4343 una
730 4295 829 4342 cohorte
862 4293 918 4344 Mu.
931 4295 1004 4345 Rom.
1013 4295 1032 4346 1.
1043 4295 1079 4344 ll.
1091 4293 1158 4342 nm.
1169 4293 1192 4341 lt
1205 4298 1230 4340 st
1239 4291 1265 4342 Β.

315 4360 483 4408 centurionem
514 4359 626 4407 homines
657 4359 827 4422 quadringenti
