2986 4930
340 237 391 294 -ts
747 229 1023 296 T1T1L1v11

353 397 427 475 loci,
443 395 499 462 sed
521 393 706 482 nequando
720 417 758 461 ee
779 417 835 464 urs
860 395 999 462 hostium
1018 408 1107 464 esset.
1132 395 1202 464 ⁶¹id
1228 419 1293 466 uon
1320 417 1413 466 muro

355 483 471 563 solum,
485 481 541 548 sed
563 483 668 560 ctiam,
685 482 726 546 ob
748 483 1007 552 commoditatem
1034 483 1168 564 itineris,
1190 485 1326 568 ⁶²ponte
1339 484 1412 552 sub-

355 571 438 648 licio,
456 582 523 634 tum
541 569 685 658 'primurn
700 569 732 633 in
750 569 883 634 Tiberi⁸
905 569 998 650 facto,
1014 573 1165 660 conjungi
1188 571 1261 638 urbi
1282 569 1412 658 placuit.

356 656 532 736 Quiritium
563 677 691 744 quoque
718 653 812 732 fosse,
844 655 928 721 houd
960 679 1090 741 pervum
1127 659 1359 724 munimentum
1392 681 1412 723 s

354 743 550 829 planioribus
570 742 657 808 editu
672 742 759 819 iocis,
776 743 860 807 Anci
875 742 958 828 regis
971 765 1052 829 opus
1066 759 1123 810 est.
1168 744 1297 834 Ingenti
1311 747 1413 810 incre-

353 845 462 896 mento
484 829 579 896 rebus
603 829 713 908 auctis,
727 851 825 916 quum
851 827 883 893 in
899 843 986 894 tants
1006 830 1210 896 multitudine
1234 831 1412 910 hominum,

284 968 292 986 ι
353 917 535 982 discrimine
559 930 645 980 recte
667 937 707 980 en
727 937 893 1001 perperam
918 914 991 981 secti
1006 915 1147 994 confuso,
1162 916 1303 984 facinore
1324 917 1413 984 clen-

352 1003 477 1069 destins
505 1003 628 1079 fierent,
658 1023 766 1067 carcer
795 1001 835 1066 od
864 1014 1016 1067 terrorem
1047 1003 1247 1069 increscentis
1271 1003 1415 1070 eudocioe

191 1110 290 1170 Imperii
303 1109 328 1154 fl·
355 1090 460 1156 medis
485 1090 574 1167 urbe,
593 1088 748 1154 inminens
771 1085 852 1166 soro,
868 1088 1053 1156 aediiicutur.
1099 1091 1168 1156 Nec
1186 1090 1263 1156 urbs
1286 1102 1414 1156 tentum

189 1188 231 1222 Μ·
242 1173 335 1236 protasi.
357 1176 417 1242 hoc
432 1199 506 1265 rege
520 1177 629 1251 crevit,
643 1173 696 1240 sed
713 1175 807 1240 etium
822 1197 898 1261 ager
913 1175 1061 1263 finesque.
1107 1176 1194 1242 Silva
1205 1176 1321 1264 Moesis
1335 1177 1415 1242 Vei-

352 1263 479 1330 entibus
502 1263 639 1340 edemts,
668 1283 765 1348 usque
786 1261 826 1328 ad
855 1284 942 1327 mare
962 1262 1130 1348 imperium
1146 1263 1316 1348 prolatum,
1331 1265 1414 1330 etin

352 1373 408 1416 ore
445 1349 572 1416 Tiberis
602 1347 696 1414 Ostia
710 1357 723 1382 ¹
758 1346 832 1412 urbs
861 1348 1007 1414 condite:
1042 1349 1151 1416 seiinae
1187 1350 1271 1416 circe
1305 1348 1413 1430 fame,

350 1438 539 1526 egregieque
552 1434 646 1500 rebus
667 1433 751 1500 bello
764 1432 870 1522 gestis,
894 1435 994 1500 aedis'
1007 1436 1096 1501 Jovis
1119 1435 1252 1502 Feretrii
1274 1437 1415 1522 amplifi-

187 1625 215 1671 ιι.
229 1622 259 1672 c.
273 1623 325 1669 ιιι.
350 1537 562 1676 eatidXXIV.
589 1611 678 1672 Anco
707 1621 868 1696 regnante,
895 1607 1053 1688 Lucumo,
1080 1609 1129 1674 vir
1153 1611 1277 1710 inpiger
1301 1631 1341 1676 uc
1362 1609 1414 1676 di-

188 1687 331 1801 d'ffii'
351 1696 432 1763 vitiis
452 1709 576 1781 potens,
594 1695 730 1760 Romam
746 1693 965 1782 conmigrauit,
980 1696 1128 1782 cupidine
1148 1718 1289 1761 msxrrne
1301 1719 1339 1762 ec
1354 1719 1415 1783 spe

170 1767 304 1868 ,ni'usidd-
320 1777 331 1790 “
352 1782 460 1870 magni
484 1781 624 1858 honoris,
640 1783 728 1866 cujus
754 1781 948 1867 adipiscendi
963 1782 1147 1934 Turgpiniis
1162 1789 1249 1867 (nam
1270 1782 1317 1847 ibi
1331 1805 1413 1870 quo-

188 1883 341 1930 mamvenn.
372 1893 411 1934 ue
436 1869 603 1954 peregrino
630 1869 727 1953 stirpe
749 1867 904 1933 oriundus
932 1872 1012 1950 eret)
1071 1869 1170 1935 cultus
1200 1891 1263 1934 non
1292 1868 1412 1936 fueret.

384 1956 570 2022 Demarati¹
591 1953 751 2020 Corinthii
766 1954 850 2018 iilius
864 1967 950 2031 erst3
974 1956 1039 2042 qui,
1055 1955 1097 2020 ob
1122 1955 1290 2022 seditiones
1311 1957 1414 2024 domo

349 2040 444 2127 profu
470 2065 515 2120 us,
530 2063 631 2192 guum
649 2040 833 2127 Tarquiniis
848 2040 930 2106 forte
944 2041 1149 2120 consedisset,
1166 2063 1269 2109 uxore
1282 2042 1328 2108 ibi
1350 2043 1414 2109 du·

350 2142 412 2209 ctu,
460 2151 515 2194 uos
553 2128 612 2192 lios
625 2127 745 2214 genuit.
790 2126 995 2193 Nominohis
1017 2127 1164 2194 Lucumo
1190 2141 1285 2219 utque
1301 2131 1415 2196 Aruns

349 2213 487 2282 fuerunt.
533 2215 679 2280 Lucumo
688 2212 841 2299 superfuit
855 2215 948 2300 patri,
960 2213 1118 2280 bonorum
1130 2215 1272 2280 omnium
1287 2214 1412 2282 heeres:

353 2302 465 2369 Aruns
489 2301 576 2388 prior
604 2323 697 2388 quern
722 2312 811 2385 poter
839 2301 985 2378 moritur,
1014 2323 1114 2366 uxore
1135 2302 1267 2390 gravide
1290 2301 1413 2368 relicto.

188 2403 336 2468 ujusgenur
355 2389 422 2456 Nec
437 2387 493 2456 diu
514 2400 620 2452 manet
633 2399 788 2472 superstes
809 2386 876 2451 iiiio
889 2401 998 2472 poter:
1022 2389 1077 2474 qui
1096 2411 1204 2472 quum,
1220 2388 1415 2476 ⁶⁴ignoraus

187 2473 277 2518 “sm
352 2498 468 2542 nurum
485 2488 624 2540 ventrem
651 2473 743 2550 ferre,
759 2473 915 2538 inmemor
937 2474 968 2538 in
995 2473 1138 2539 testando
1152 2476 1276 2561 nepotis
1300 2475 1415 2541 deces-

350 2563 449 2642 sisset,
466 2583 575 2648 puero,
591 2575 665 2646 post
687 2563 736 2626 avi
752 2575 886 2624 mortem
910 2561 942 2624 in
964 2560 1083 2624 nullam
1110 2575 1225 2626 sortem
1250 2562 1413 2628 bonorum

349 2665 437 2728 nuto,
453 2649 493 2715 eb
508 2649 617 2734 inopie
635 2647 753 2731 Egerio
767 2647 901 2710 inditum
919 2668 1044 2712 nomen.
1090 2647 1271 2713 Lucumoni
1285 2662 1414 2728 contre,

349 2737 492 2802 omnium
517 2732 634 2800 haeredi
656 2733 826 2812 bonorum,
841 2754 937 2818 quum
964 2732 1084 2798 divitiae
1103 2735 1171 2818 jam
1187 2731 1415 2804 animossace-

349 2839 430 2900 rent,
438 2823 528 2886 suxit
539 2821 633 2884 ducta
644 2819 675 2883 in
688 2819 1098 2906 matrimoniuannuquil,
1106 2843 1232 2886 summo
1242 2822 1312 2888 loco
1324 2835 1414 2902 neto,

255 3041 259 3050 ,
349 2993 478 3042 “Tiberim
490 2992 558 3039 crev.
622 2989 730 3038 ¹Hortio
741 2991 814 3038 Gron.
881 2989 1124 3042 raderamncrev.
1184 2993 1331 3040 'Demarati
1339 2993 1415 3042 Cres.

381 3123 410 3170 si
425 3106 461 3170 'Id
481 3137 527 3169 son
546 3135 614 3170 mero
635 3121 720 3186 mum]
741 3123 860 3186 Intelligc‚
926 3123 1086 3186 strgnoram
1105 3139 1191 3172 nurum
1210 3129 1314 3174 uentrem
1326 3125 1414 3191 fem]

349 3203 397 3238 non
409 3189 527 3250 conjungi,
539 3189 603 3248 quod
620 3186 736 3246 sequitur,
754 3189 796 3235 sed
812 3189 862 3234 ciu-
895 3187 1015 3236 Notabilis
1026 3191 1065 3238 hic
1076 3191 1145 3237 nobis
1164 3191 1254 3238 locutio
1264 3191 1371 3238 occurrit
1386 3193 1416 3238 in

348 3255 384 3317 gi,
396 3252 496 3306 muniri,
507 3252 624 3299 suteiiud
634 3251 693 3313 quid
703 3252 790 3299 simile.
806 3253 862 3300 Non
895 3255 989 3302 duobus
1020 3255 1159 3302 codicibutr
1193 3257 1304 3316 ignem
1335 3269 1417 3304 sunu

349 3319 416 3366 enim
438 3319 464 3365 in
483 3319 569 3364 urbem
591 3321 649 3362 tunc
670 3315 793 3364 inclusum
814 3319 862 3364 fuit
895 3323 1003 3366 sabens.
1051 3318 1162 3366 Verbum
1176 3319 1245 3382 serre
1263 3319 1289 3366 in
1308 3319 1345 3368 iis.
1361 3333 1416 3368 non

347 3383 499 3437 ianiculum,
523 3387 551 3428 ut
577 3381 650 3428 modo
675 3383 861 3428 observavimus.
895 3390 1025 3444 comperet.
1063 3384 1176 3444 Cogitent
1197 3385 1285 3432 eruditi
1306 3397 1338 3430 uu
1362 3398 1417 3433 non

349 3447 418 3510 Sepe
429 3445 535 3508 suppleri
545 3447 592 3492 hoc
608 3446 681 3492 modo
696 3446 794 3506 aliquod
811 3461 863 3494 ver·
895 3447 946 3496 hec
966 3461 1028 3494 ⁴rere
1052 3449 1084 3495 sit
1109 3448 1173 3496 Livii
1196 3449 1321 3510 scripture.
1346 3457 1418 3498 certe

348 3515 407 3560 bum
420 3525 516 3559 necesse
532 3511 610 3558 estin
627 3511 734 3557 annone
754 3513 862 3571 pluribus
894 3511 947 3558 haec
959 3512 1036 3572 figure
1051 3513 1165 3573 loquendi
1176 3527 1225 3560 non
1240 3515 1302 3574 sepit
1319 3513 1418 3562 tiburti

348 3578 465 3627 membris
476 3581 609 3623 constante.
626 3573 742 3622 viduor.
752 3573 793 3624 84.
803 3578 861 3624 edc-
894 3589 1004 3623 menum.
1039 3577 1071 3624 Et
1088 3577 1168 3624 firmet
1189 3579 1314 3636 tiendus,
1331 3577 1416 3638 Epo&

348 3643 389 3690 6¹1.
399 3643 415 3689 1.
429 3640 476 3689 111.
488 3639 559 3687 infre.
895 3641 933 3688 lt.
969 3641 1075 3703 Tuutpuc
1092 3648 1171 3688 venter
1189 3641 1360 3690 Pactumeius:
1387 3645 1417 3690 id

381 3707 413 3756 52
434 3699 580 3754 Ponte..is
606 3702 707 3751 Tiberim
721 3703 801 3769 facto]
824 3706 862 3752 Sic
894 3713 941 3760 est,
954 3705 1109 3754 Pactumeius
1125 3705 1180 3758 (hoe
1192 3719 1280 3752 nomen
1294 3713 1347 3754 erut
1358 3703 1419 3768 ejus

347 3773 436 3819 hebere
447 3775 551 3816 veterem
567 3782 640 3815 suum
658 3769 749 3816 librum
760 3776 863 3818 testetur
896 3785 969 3830 quem
981 3771 1082 3818 cenidis
1093 3783 1136 3830 pro
1147 3771 1196 3818 fllio
1204 3784 1248 3817 suo
1260 3769 1417 3834 ostentabat)

348 3835 466 3898 Sigonius
511 3833 638 3880 consensit
670 3832 790 3882 Victorin.
823 3849 862 3882 co·
897 3835 1052 3882 Pactumeius
1063 3848 1119 3884 vere
1138 3841 1210 3882 ottus
1228 3847 1259 3882 ex
1275 3842 1299 3880 te
1318 3843 1367 3890 est,
1383 3850 1420 3884 ex

348 3904 403 3949 dex.
443 3897 482 3946 Sic
493 3905 517 3945 et
530 3897 642 3959 Epitome
655 3915 661 3946 r
676 3904 769 3960 postem
781 3901 806 3946 ts
821 3899 863 3946 Ti·
896 3906 965 3946 utero
975 3907 1018 3946 tuo
1029 3913 1084 3946 vere
1096 3899 1191 3958 prodiit.
1233 3899 1325 3946 Eodem
1338 3903 1422 3948 modo

347 3965 419 4012 ierim
428 3962 496 4026 secit-
530 3963 615 4023 ltaque
629 3959 795 4025 judicavimus
810 3965 866 4011 vul·
896 3976 956 4011 usus
977 3969 1013 4010 est
1031 3963 1132 4010 Tacitus
1151 3964 1310 4026 eppeiistioue
1331 3965 1422 4012 uteris

347 4036 430 4090 getam
441 4027 568 4074 lectionem
589 4029 614 4074 in
628 4027 705 4078 Tiberi
716 4029 748 4074 sb
762 4029 792 4074 iis
803 4041 864 4082 esse,
896 4029 983 4076 Annei.
1000 4028 1017 4073 l.
1035 4029 1055 4076 1.
1072 4042 1094 4076 c.
1111 4029 1151 4078 ⁶⁹.
1184 4027 1302 4092 Suffectus
1317 4029 1423 4076 servitio

348 4095 391 4154 qui
408 4102 432 4140 et
443 4105 548 4152 suprsc.
569 4091 607 4140 18.
626 4093 733 4140 iecerunt
749 4093 774 4138 is
792 4093 866 4153 rapite
897 4095 1084 4147 ιιτοῆιιιίινιιις
1102 4092 1199 4140 ccxv.
1210 4093 1251 4141 28.
1268 4093 1328 4140 Just
1346 4107 1422 4142 ma-

348 4159 444 4217 Numer,
463 4157 506 4202 ubi
522 4157 705 4204 emendavimus
720 4171 750 4204 ex
769 4157 865 4217 scriptis
896 4161 934 4202 tu
960 4159 1052 4202 uterum
1079 4155 1185 4218 Poppoeoe
1216 4156 1423 4204 mentiemur

348 4223 572 4350 qugwiif
581 4228 759 4334 ciiiiui'iernureti
770 4285 863 4346 origine
895 4220 955 4348 iidgit
965 4221 1427 4336 dddtuirsasirdddnddiiiieiddeidrmndttetld

348 4359 373 4400 et
383 4354 478 4401 essibus
489 4351 559 4414 piure
570 4351 641 4397 hebet
653 4351 725 4398 Dion.
737 4350 753 4395 1.
767 4349 814 4396 111.
898 4349 992 4398 Horatii
1004 4350 1084 4397 iocum
1095 4353 1169 4400 modo
1179 4357 1353 4400 memontum.
