3056 4928
416 193 508 252 LlB.
529 193 618 252 Vlll.
645 191 747 252 CAP.
773 191 873 251 XXX.
1121 189 1179 252 ⁴85

121 353 272 438 expetite
292 341 377 418 metri
400 353 580 442 propinquo
594 367 688 442 atque
708 355 757 418 ira
777 353 940 418 concirent
953 351 1105 418 finitimos
1119 371 1214 439 pc-u.
1226 373 1319 423 otuu

144 439 225 504 ulos.
271 438 315 503 Et
335 453 403 504 eret
425 463 526 528 genus
547 463 642 505 omne
656 439 783 506 sbunde
798 440 881 505 bello
897 438 1091 506 Samnitibus
1106 439 1214 525 put,A
1225 437 1321 489 ΨΜ·

164 525 227 590 arsi
243 525 430 612 Pelignique
450 541 482 592 et
505 525 700 592 Marrucini:
748 550 814 605 uos,
829 529 856 590 si
870 527 1019 592 Vestinus
1033 525 1176 614 adtinge-

122 629 219 687 retur,
241 633 350 676 omnes
371 613 533 678 bsbendos
556 613 668 678 hostes.
714 549 799 678 llicit
822 628 927 678 tumen
949 635 1032 698 pers,
1048 635 1121 698 quae
1142 615 1177 678 in

122 699 291 782 presentis
315 699 413 764 videri
437 699 541 784 potuit
565 701 694 786 majoris
714 699 823 777 animi,
846 721 940 786 quam
957 698 1096 765 consilii:
1119 699 1176 764 aed

122 800 251 851 eventus
271 784 390 863 docuit,
408 783 504 850 fortes
526 785 685 850 fortunam
708 785 825 852 'uvare
871 785 997 850 Bellum
1012 807 1052 849 ex
1067 800 1176 852 aucto.

121 871 213 936 ritate
230 869 361 936 Petrum
382 873 518 956 populus
532 871 680 939 adversm
695 807 840 938 Xestinos
857 873 960 958 jussit.
1007 871 1176 938 Provincia
1183 890 1291 940 Vestinis

121 977 159 1020 ea
173 957 286 1032 Bruto,
303 957 466 1022 Samnium
484 958 620 1024 Camillo
638 972 721 1024 sorte
737 959 850 1024 evenit.
896 959 1064 1023 Exercitus
1086 957 1319 1032 utro-Qum

121 1064 183 1129 que
196 1042 295 1120 ducti,
311 1057 342 1107 et
360 1065 438 1110 cura
459 1044 648 1110 tuendorum
668 1044 779 1109 linium
797 1045 900 1109 ltostcs
924 1045 1075 1129 prohibiti
1097 1021 1282 1110 con-‘¹¹⁰¹um‘

114 1129 251 1216 jungere
261 1151 358 1194 arma.
404 1131 553 1196 Ceterum
566 1131 699 1196 alterum
720 1131 882 1196 consulem
904 1131 943 1196 L.
963 1131 1105 1208 Furium,
1122 1133 1174 1196 cui

119 1217 220 1302 major
245 1214 344 1280 moles
366 1237 471 1282 rerum
499 1218 635 1302 inposito
657 1231 734 1294 erat,
749 1216 863 1281 morbo
884 1219 973 1304 gravi
996 1217 1174 1303 inplicitum

119 1301 247 1368 lortuus
260 1301 345 1367 bello
359 1303 532 1368 subtraxitt
549 1305 719 1389 jussusque
731 1303 916 1368 dictatorem
940 1303 1044 1368 dicere
1059 1305 1104 1368 rei
1118 1327 1175 1392 ge·

119 1389 228 1454 rendre
246 1411 366 1469 cauma,
381 1391 475 1476 longe
500 1387 707 1454 clarissimum
730 1389 813 1454 bello
835 1413 872 1454 ea
893 1400 1076 1476 tempestate
1095 1391 1175 1456 dixit

120 1474 161 1540 L.
179 1475 343 1560 Papirium
360 1475 547 1552 Cursorem3
571 1499 589 1540 a
627 1497 668 1540 uo
684 1474 727 1553 Q.
742 1475 858 1540 Fabius
876 1476 1038 1541 Maximus
1051 1475 1328 1552 Bullia-braum·

121 1583 179 1626 nus
201 1562 348 1647 magister
368 1563 510 1663 equitum
532 1578 578 1627 est
599 1497 719 1628 dictus:
742 1561 929 1648 pernobile
956 1561 1050 1626 rebus
1076 1563 1109 1626 io
1135 1556 1290 1646 eo‘fflffm‘·

119 1649 303 1735 magistratu
325 1661 431 1736 gestis,
447 1647 605 1714 discordia
620 1665 736 1726 tamen,
751 1671 815 1734 qua
834 1650 938 1734 prope‘
959 1647 1000 1712 ud
1027 1648 1173 1714 ultimum

118 1733 329 1800 dimicationis
350 1747 477 1799 ventum
500 1750 557 1812 est,
580 1735 728 1800 nobilius.
773 1735 827 1799 Ab
855 1734 956 1801 altero
986 1734 1115 1800 consule
1140 1736 1173 1800 in

120 1819 258 1886 Vestinis
274 1820 440 1906 multiplex
458 1821 587 1899 bellum,
603 1841 661 1885 nec
682 1841 814 1908 usquam
840 1821 928 1886 vario
960 1835 1085 1902 eventu,
1105 1844 1173 1908 ges·

117 1920 185 1972 tum
196 1919 253 1972 est.
267 1929 342 1970 nem
356 1919 388 1972 et
401 1909 590 1993 pervastavit
601 1929 705 1994 agros,
720 1922 762 1985 et,
774 1907 960 2008 populando
974 1921 1067 1993 utque
1082 1930 1175 1974 uren·

118 1993 161 2058 do
179 2005 264 2060 tecta
281 1992 419 2058 bostium
439 2008 578 2080 sataque,
600 1995 633 2058 in
654 1993 752 2058 eciem
776 1995 890 2060 invitos
905 1995 1061 2060 extraxit:
1084 1995 1175 2060 etita

117 2082 233 2164 proelio
247 2101 312 2144 uno
323 2079 439 2144 udcidit
453 2081 651 2145 Vestinorum
667 2101 728 2159 res,
739 2078 983 2167 haudquaquam
1004 2092 1108 2145 tamen
1125 2082 1173 2144 in-

118 2181 250 2232 cruento
264 2166 363 2230 milite
382 2189 448 2243 suo,
467 2179 501 2230 ut
523 2165 639 2229 nonin
662 2179 763 2230 casus
784 2166 886 2230 solum
907 2165 1085 2252 refugerent
1098 2165 1174 2231 hos·
1253 2225 1255 2230 ,

118 2265 173 2332 tet,
190 2253 256 2331 sed,
267 2255 334 2339 jam
355 2273 395 2316 ne
407 2252 490 2316 vallo
510 2251 639 2338 quidem
654 2273 691 2316 ao
705 2249 796 2316 fossis
811 2250 892 2330 freti,
904 2251 1121 2316 dilaberentur
1139 2255 1172 2316 in

117 2340 246 2424 oppida,
267 2339 330 2404 situ
346 2339 473 2403 urbium
490 2339 710 2424 musnibusque
736 2359 769 2402 se
790 2336 962 2402 defensuri.
1008 2337 1174 2403 Postremo

117 2426 237 2512 oppida
273 2447 377 2514 noque
391 2425 417 2464 ⁶⁸
427 2426 455 2488 vi
470 2442 677 2550 expugnare·
691 2423 831 2500 adortus,
847 2423 951 2508 primo
964 2423 1114 2488 Cutinam
1126 2423 1174 2488 in·

116 2512 239 2599 gentis
278 2533 335 2576 ore
352 2509 486 2576 militum
546 2524 602 2576 aut
624 2509 788 2574 vulnerum
812 2511 868 2586 ira,
891 2510 975 2595 quod
999 2508 1084 2574 haud
1109 2510 1175 2574 fere

139 2599 283 2684 uisqnsm
308 2599 430 2699 integer
454 2596 569 2682 proelio
596 2611 781 2676 excesserat,
811 2597 903 2661 scolis
932 2595 1031 2681 cepit:
1059 2594 1174 2660 deinde

116 2621 301 2772 bingium.
320 2697 484 2770 utriusque
498 2684 586 2749 urbis
606 2683 748 2762 praedem
773 2682 933 2760 militibus,
950 2681 1104 2768 quodem
1121 2705 1175 2746 ne-

116 2789 179 2858 que
193 2783 306 2854 portae,
322 2791 427 2858 neque
439 2771 522 2834 muri
537 2768 674 2834 hostium
690 2782 867 2845 arcuerunt,
882 2769 1044 2834 concessit

160 2856 280 2924 XXX.
308 2857 348 2922 In
374 2857 538 2922 Samnium
563 2856 690 2920 incertis
715 2855 795 2920 itum
817 2855 966 2940 auspiciis
990 2867 1054 2919 est:
1085 2856 1173 2941 cujus

116 2943 283 3010 ruvinum
299 2963 364 3007 uon
379 2943 412 3006 in
427 2941 503 3008 belli
515 2956 673 3021 eventum,
689 2941 775 3030 quod
796 2963 947 3028 prospere
967 2957 1092 3030 gestum
1114 2957 1172 3018 est,

115 3030 171 3096 sed
187 3029 221 3094 in
236 3029 355 3094 rabiem
374 3042 470 3115 atque
484 3028 545 3093 irus
561 3031 786 3114 imperatorum
798 3029 901 3095 vertit.
926 3049 1062 3114 namque
1077 3026 1173 3114 Pupi-

115 3117 182 3182 rius
196 3115 344 3194 dictator,
360 3137 380 3179 a
399 3114 536 3200 pullario
552 3117 700 3192 monitus,
715 3137 815 3202 quum
836 3114 875 3180 ad
894 3115 1068 3202 euspicium
1085 3135 1173 3199 repe-

115 3203 246 3268 tendum
269 3203 402 3267 Romam
430 3200 690 3286 proficisceretur,
712 3202 865 3290 magistro
886 3203 1028 3289 equitum
1050 3199 1173 3264 denun-

115 3289 220 3367 ciavit,
237 3303 273 3354 ut
294 3311 361 3354 sese
378 3289 449 3354 loco
470 3302 599 3364 teneret,
615 3309 688 3363 neu,
704 3287 832 3352 absente
846 3309 888 3364 se,
901 3309 973 3352 cum
996 3286 1088 3351 hoste
1107 3308 1173 3350 ms-

115 3397 193 3442 num
216 3387 405 3441 consereret.
451 3373 566 3442 Fabius
585 3393 682 3459 quum
706 3388 777 3460 post
791 3371 1017 3458 profectionem
1038 3373 1316 3438 dictato-mutuent.

117 3463 160 3527 ris
178 3483 237 3548 per
256 3461 472 3546 exploratores
487 3459 698 3545 comperisset,
710 3459 839 3544 perinde
853 3461 960 3524 omniu
973 3458 1076 3523 soluto
1086 3458 1171 3542 spud
1180 3449 1321 3560 {5352oe

116 3548 234 3626 hostes,
246 3569 284 3613 ac
294 3549 320 3612 si
334 3569 429 3612 nemo
442 3547 606 3612 Romanus
621 3546 653 3608 in
671 3546 802 3610 Samnio
812 3558 906 3620 esset3
929 3567 983 3610 seu
994 3544 1083 3608 ferox
1095 3545 1232 3624 aulo·rem
1243 3545 1307 3624 sene'

115 3635 235 3700 lescene
259 3633 446 3721 indignitate
465 3653 623 3708 accensus,
639 3631 725 3732 quod
738 3632 845 3695 omnia
867 3633 899 3694 iu
921 3630 1076 3696 dictatore
1088 3631 1249 3702 vide-geru.

116 3733 226 3788 rentur
248 3721 383 3806 reposita
397 3741 479 3796 esse;
502 3739 557 3784 seu
567 3739 731 3784 occasione
753 3718 834 3782 bene
843 3716 991 3804 gerendae
1006 3717 1049 3780 rei
1062 3717 1173 3782 induc·

522 3861 536 3890 ·
551 3855 683 3920 otpagm
694 3857 769 3904 Gron.

147 3973 180 4022 dd
201 3971 525 4035 Vtupagmmarorru]
538 3973 629 4020 Grouo·
661 3983 709 4033 qur
729 3969 871 4016 ructorltate
888 3967 1010 4014 niteretur.
1044 3965 1101 4012 Non
1120 3977 1174 4012 rurs

115 4039 169 4085 elur
180 4037 451 4100 rdldltur'oppugnarrr
469 4038 628 4086 nullatsmen
660 4037 728 4083 sulm
747 4029 801 4095 dut
821 4031 933 4092 exempla
955 4036 1084 4080 occurrunt
1109 4030 1173 4090 opud
1268 4025 1272 4046 ¹

114 4104 208 4150 mtlone
226 4097 307 4157 silete,
319 4113 362 4148 cur
372 4103 495 4150 rem-ult
505 4115 520 4148 a
531 4101 630 4161 rallquir
661 4099 769 4153 Livium,
780 4097 843 4143 elcut
853 4097 871 4143 l.
881 4095 915 4142 X.
927 4109 948 4142 c.
959 4093 1000 4142 to.
1015 4101 1039 4142 et
1056 4095 1114 4142 alibi
1126 4107 1173 4141 aa·

114 4168 276 4222 edltlouibme
294 4179 359 4226 qun,
370 4173 399 4211 ut
414 4175 439 4213 et
454 4179 540 4214 omnes
556 4163 628 4212 MSS·
661 4165 723 4224 plur.
1134 4223 1139 4234 ·

113 4229 199 4287 nostrl.
222 4231 313 4278 hubent
332 4241 473 4294 meoet.
514 4232 628 4278 meum
692 4227 724 4274 69
740 4222 981 4285 Ausetanum]
999 4223 1174 4284 momulus

113 4309 167 4347 tem
185 4290 323 4349 lectioneor.
343 4307 418 4355 quem
440 4295 480 4342 ille
501 4295 628 4356 expremit,
660 4307 687 4340 re
707 4291 828 4338 subierunt
849 4289 895 4342 tra,
918 4289 1055 4334 auctoribus
1079 4287 1173 4336 duobus

113 4373 162 4406 nou
179 4361 481 4422 improbsremut‚aitrtlt
500 4360 568 4408 mma
585 4359 628 4407 all·
663 4355 763 4403 uurnu
776 4353 846 4402 MSS.
857 4365 881 4400 er
893 4353 1023 4412 campros.

690 4420 765 4484 rit
