3034 4916
448 117 549 178 trn‘
563 117 601 180 x.
620 112 731 198 wcte.
753 114 869 198 xuvr.
1129 122 1191 202 eae

116 279 293 364 sociamque
307 281 430 366 imperii
444 284 564 359 dorent,
580 281 819 366 quonammodo
837 303 869 364 re
883 278 1021 348 oblivisci
1034 281 1074 367 P.
1091 281 1187 348 Decii
1195 297 1226 346 υ.
1236 299 1264 346 c.
1274 298 1336 348 scr..

117 367 324 450 consulisper
333 377 377 431 tot
387 369 515 452 collegia
523 369 759 451 eaperliporee?
782 367 940 436 Neminem
952 365 1081 456 omnium
1090 387 1185 434 secum
1194 363 1224 409 ἃ
1237 363 1263 412 ⁰·
1276 362 1335 411 ²⁹⁵³

118 449 270 536 conpingi
283 455 390 518 malle:
414 464 443 517 et
456 457 611 538 copiarum
626 456 704 538 ratis
717 453 777 520 ribi
789 475 854 540 cnm
868 453 913 542 Ῥ.
931 451 1040 534 Decio,
1056 463 1086 518 et
1100 474 1185 540 unm·

119 559 214 622 pacm
231 541 356 604 nimium
370 539 498 605 tectum
508 541 598 625 fore.
642 542 698 606 Sin
719 543 834 626 collega
849 538 927 624 quid
938 539 1138 628 ciicd'mclit,
1151 549 1188 604 ut

117 623 183 692 sihi
199 623 241 688 1.
261 625 450 692 Volumnium
466 629 577 690 darent
586 624 764 711 adjutorem.
810 622 964 712 Omnium
980 645 1086 692 rerum
1102 624 1186 690 arbi·

118 710 221 774 trium
246 725 278 774 et
299 735 318 776 a
339 709 469 796 populo,
485 723 517 776 ct
538 735 557 776 a
578 724 697 790 senatu,
720 727 752 798 et
776 710 817 778 ab
840 701 910 796 ipso
935 709 1067 800 college,
1085 709 1186 776 Fabio

142 795 314 880 ermiasqrn
337 810 393 862 cst.
415 811 447 863 et
460 821 576 884 ,quum
593 797 630 863 P.
646 795 766 884 Decius
792 821 824 862 se
849 799 882 862 in
907 797 1071 884 Samnium
1087 795 1136 862 vel
1150 798 1184 866 in

117 817 288 948 btruriam
314 883 471 983 proficisci
494 896 641 969 paratum
664 907 730 950 esse
751 881 946 961 ostendisset,
963 891 1052 948 tanta
1074 882 1185 951 laetitia

115 990 156 1036 ac
171 969 346 1056 gratulatio
363 969 432 1056 luit,
447 969 473 1010 ⁹⁸
484 984 518 1036 ut
541 973 757 1056 reciperetur
778 970 912 1058 victoria
933 969 1056 1058 animis,
1073 970 1198 1052 trium-¹

115 1055 280 1141 plrusque,
295 1077 361 1120 non
375 1055 505 1135 bellum,
543 1071 682 1122 ecretum
695 1055 877 1122 consulibus
887 1057 1055 1122 rideretur.
1093 1053 1186 1122 Inre-

114 1140 174 1226 nio
196 1141 285 1228 apud
331 1143 470 1222 uosdam,
483 1138 655 1229 extemplo,
671 1142 837 1210 consulatu
860 1135 951 1222 inito,
966 1142 1124 1228 profectos
1151 1137 1184 1211 in

117 1226 286 1298 Etruriam
342 1229 449 1295 obium
477 1229 687 1315 Deciumque,
713 1229 781 1294 siue
810 1227 874 1294 ulla
894 1229 1065 1318 :mentione
1092 1228 1185 1316 sortis

115 1315 359 1400 provinciarum
385 1315 657 1401 certaminumque
680 1315 763 1382 inter
783 1313 929 1403 collegas,
945 1338 1018 1402 quae
1041 1315 1184 1401 exposui.
1209 1325 1212 1334 ’

117 1401 216 1484 Sunt,
234 1400 349 1502 quibus
370 1423 410 1468 ne
431 1401 500 1468 haec
518 1401 645 1503 quidem
660 1401 833 1468 certamina
846 1423 1005 1554 exponere
1020 1402 1097 1490 setis
1115 1396 1185 1492 lue·

114 1488 170 1554 rit.
195 1485 381 1573 adjecerunt
393 1503 426 1556 et
448 1489 546 1576 Appri
561 1487 796 1554 criminationes
818 1487 858 1554 de
903 1487 976 1554 abio
996 1489 1123 1558 absente
1143 1486 1185 1555 ad

113 1573 287 1660 populum,
313 1587 345 1639 et
373 1575 578 1659 pertinaciam
616 1575 764 1640 adversus
797 1589 986 1660 praesentem
1021 1568 1185 1662 consulem

115 1661 281 1744 praetoris,
311 1662 609 1748 contentionemque
638 1661 732 1726 aliam
758 1662 841 1726 inter
866 1649 1012 1750 collegas,
1037 1657 1186 1733 tendente

113 1745 237 1828 Decio,
249 1763 284 1812 ut
297 1767 363 1816 suae
378 1748 511 1836 quisque
524 1747 696 1832 provinciae
705 1760 820 1814 sortem
833 1759 984 1835 tueretur.
1031 1747 1186 1814 Constare

113 1855 167 1899 res
189 1830 306 1920 incipit
330 1857 370 1906 ex
390 1857 428 1902 eo
449 1833 683 1922 temporaque
705 1831 839 1921 profecti
862 1833 958 1902 ambo
982 1835 1125 1922 consules
1144 1833 1186 1902 ud

113 1917 238 1986 bellum
254 1937 338 1985 sunt.
384 1920 546 2004 Ceterum,
557 1914 881 2009 antequpmconsules'
893 1922 926 1986 in
941 1917 1103 2004 Etruriam
1114 1941 1188 2008 per·

113 2007 274 2090 venirent,
293 2007 435 2074 Senones
450 2008 535 2073 Galli
550 2007 755 2074 multitudine
777 2008 897 2094 ingenti
911 2007 955 2094 ad
972 2007 1116 2074 Clusium
1134 2029 1186 2072 vc-

115 2105 250 2172 nerunt,
263 2087 422 2180 legionem
440 2093 618 2159 Romanum
634 2107 717 2158 castr
761 2115 800 2176 ue
814 2087 1040 2182 obpugnatum.
1064 2093 1184 2182 Scipio,
1194 2117 1258 2168 uelli
1266 2119 1340 2180 negte-

116 2179 176 2266 qui
199 2177 311 2242 cestris
336 2191 483 2262 praeemt,
504 2177 575 2244 loco
601 2179 737 2264 adjuvan
761 2200 813 2262 am
829 2181 1031 2265 paucitatem
1053 2183 1349 2248 suorumnemssm·

105 2264 260 2350 ¹militum
282 2277 379 2342 ratus,
395 2263 462 2330 99ἰι]
478 2263 587 2346 colle’,
600 2267 657 2353 ¹qui
679 2264 762 2329 inter
788 2263 898 2332 urbem
915 2279 956 2349 et
980 2279 1084 2330 castra
1105 2248 1318 2361 erat‚ffiv⁰effi}·

116 2351 220 2418 aciem
236 2349 346 2416 erexit
392 2351 468 2431 Sed,
482 2364 519 2416 ut
532 2352 564 2414 in
580 2374 615 2416 re
629 2349 743 2431 subita,
757 2373 871 2436 parum
886 2349 1053 2438 explorato
1073 2351 1186 2422 itinere
1194 2384 1246 2426 unt.

116 2437 159 2504 ad
169 2439 288 2526 jugum
302 2437 450 2522 perreuit,
460 2437 553 2522 ¹quod
567 2436 673 2504 hostes
687 2449 849 2524 ceperant,
863 2450 955 2522 parte
976 2437 1037 2504 alia
1058 2439 1183 2526 egressi.

117 2525 165 2592 ita
187 2547 270 2590 caesu
284 2524 325 2590 ab
340 2537 431 2625 tergo
451 2523 545 2612 legio,
560 2537 657 2611 utque
670 2524 704 2588 in
719 2523 834 2601 medio,
850 2545 947 2611 quum
971 2523 1071 2590 hostis
1092 2524 1185 2592 undi-

117 2634 182 2697 que
191 2625 358 2698 urgueret,
372 2623 595 2680 crrcumrenta.
640 2609 787 2694 Deletanr
802 2633 929 2698 quoque
948 2610 992 2676 ibi
1013 2609 1183 2698 legionem,

117 2698 165 2778 ita
180 2711 217 2764 ut
236 2697 371 2766 nuncius
397 2720 460 2764 non
488 2711 674 2782 superesset,
690 2695 820 2785 quidam
843 2711 988 2764 suctores
1011 2711 1102 2774 sunt3
1125 2719 1185 2767 nec

117 2796 195 2868 pute
209 2783 251 2848 ad
266 2784 420 2863 consules,
436 2783 490 2871 qui
499 2785 566 2870 jam
582 2783 668 2851 baud
690 2782 802 2870 procul
820 2807 841 2848 a
856 2783 966 2850 Clusio
980 2781 1124 2864 aberant,
1139 2784 1184 2852 fa·

115 2892 209 2954 mem
223 2871 289 2955 ejus
312 2869 410 2938 cladis
432 2869 596 2954 perlatum,
612 2892 708 2957 quem
723 2869 757 2936 in
772 2884 943 2956 conspectu
965 2869 1054 2938 fuere
1070 2869 1182 2937 Gallo·

111 2979 192 3034 ¹rum
208 2955 337 3042 equites,
354 2954 535 3040 pectoribus
549 2979 703 3044 equorum
719 2979 876 3044 suspensa
887 2970 1047 3046 gestamen
1062 2958 1182 3046 Impius,

118 3057 151 3108 et
165 3043 285 3108 lanceis
304 3041 415 3122 infixe,
430 3058 621 3132 ovantesque
640 3043 736 3110 moris
755 3045 805 3110 sui
824 3045 974 3112 carmine.
1019 3045 1112 3125 Sunt,
1128 3045 1184 3132 qui

118 3127 265 3196 Umbros
279 3127 381 3210 fuisse,
397 3153 462 3195 non
479 3131 601 3214 Gallos,
617 3129 761 3208 tradant;
785 3153 844 3196 nec
865 3144 989 3198 tantum
1012 3131 1110 3198 cladis
1131 3153 1183 3196 oc·

116 3231 265 3300 ceptum:
302 3229 335 3282 et
368 3216 590 3284 circumventis
620 3216 860 3304 pabulatoribus
889 3241 961 3284 oum
992 3215 1032 3284 L.
1059 3215 1185 3284 Manlio

112 3299 289 3388 ⁸Torquato
309 3303 415 3392 legato
440 3303 619 3391 Scipionem
635 3318 865 3389 propraetorem
886 3303 1057 3370 subsidium
1081 3327 1100 3368 e
1118 3326 1184 3370 ces-

94 3463 98 3474 .
117 3387 177 3452 trie
191 3387 307 3472 tulisse,
323 3390 688 3477 victoresqueUmbros,
704 3389 919 3478 redintegrato
940 3389 1069 3476 proelio,
1086 3389 1184 3456 uictos

117 3495 197 3552 esse,
279 3478 322 3540 tir
382 3499 420 3544 ue
440 3477 485 3542 eis
506 3499 544 3546 ac
565 3475 708 3564 predam
734 3475 903 3542 adernmm.
950 3475 1090 3542 Similius
1109 3498 1184 3540 vero

110 3573 219 3642 .mt‚a
275 3500 461 3642 εΙΙοωὲοεω,
485 3587 581 3651 quam
598 3563 734 3644 Umbro,
758 3585 828 3629 eam
851 3561 973 3628 cladem
1002 3576 1183 3648 acceptum

118 3647 221 3732 quod,
235 3671 334 3735 quum
348 3673 432 3736 saepe
447 3651 535 3732 alias,
551 3665 619 3716 tum
635 3672 675 3715 eo
691 3672 786 3728 anno,
803 3649 916 3716 Gallici
931 3647 1087 3714 tumultus
1101 3671 1185 3734 prae·
1280 3653 1282 3660 “

119 3733 232 3820 cipuus
255 3749 359 3802 terror
384 3739 542 3806 civitatem
567 3737 678 3803 tenuit.
724 3735 835 3823 Itaque
859 3747 1072 3822 praeterquam
1098 3734 1184 3822 quod

565 3889 667 3938 lcullerrt
678 3889 749 3938 Creu.

152 4019 205 4068 m·
216 4019 249 4068 m
256 4023 421 4083 preciperetur
430 4025 527 4071 victorie
536 4022 635 4085 munic]
669 4023 704 4070 tio
724 4023 762 4070 rel
782 4023 869 4070 culmea
887 4027 933 4074 cst.
953 4020 991 4066 vel
1013 4025 1078 4068 certo
1098 4031 1184 4081 purum

119 4081 153 4130 Ut
165 4085 291 4132 motorium
301 4086 391 4134 animis
401 4094 426 4134 et
436 4101 479 4149 spe
489 4101 575 4136 omnes
582 4083 637 4151 jum
668 4087 727 4136 ciart
739 4099 833 4135 uncus.
865 4087 953 4147 Igitur,
971 4084 1110 4134 auctoribus
1126 4085 1185 4132 cluo·

119 4153 179 4196 tuuc
187 4149 234 4198 eibi
245 4151 430 4211 desponderent.
670 4153 716 4200 buc
728 4151 833 4212 scriptis,
844 4153 922 4200 altero
934 4149 1044 4206 Hearnir'.
1058 4157 1140 4198 nostro
1150 4150 1186 4198 cl·

154 4213 455 4264 ts1eecttm...actea
471 4213 556 4280 erait]
572 4217 637 4272 Quo·
671 4216 892 4273 tercmedtmusta
907 4213 993 4264 eolletn.

120 4279 193 4326 modo
205 4279 322 4330 haetenus
334 4281 638 4344 regenerantnmttaora·
1083 4283 1089 4288 “’
