2978 4918
353 174 413 258 *rso
642 235 646 246 ,
683 198 686 209 ·
732 166 1072 242 nrm-arvus-

194 347 223 418 q.
235 347 263 394 c.
273 323 453 404 aoa‘tssces
465 329 606 410 baberet,
620 343 653 396 et
664 329 727 396 hoc
741 330 864 418 insigne
877 331 1000 420 regium
1016 332 1052 398 in
1060 332 1181 412 orbem,
1196 352 1282 400 susm
1295 333 1402 418 cujus,

191 415 223 480 A:
235 411 262 458 Β·
273 405 332 458 ⁴⁴¹⁸·
353 441 414 505 que
427 417 536 491 vicem
551 439 610 502 per
621 437 731 482 ornnes
745 416 814 494 iret,
829 417 934 498 subito
945 440 1054 485 omnes
1064 441 1136 484 cum
1148 417 1323 484 duodecies
1368 420 1388 468 ‘-

192 512 320 590 neeemyt-
351 504 411 571 bus
434 499 591 588 prodiere.
637 503 773 568 Centum
789 503 900 590 viginti
922 503 1047 570 lictores
1071 504 1388 589 soruminpleverant,

190 590 383 688 {gn'ffiwet
401 587 537 654 fascibus
552 611 676 654 secures
700 588 845 676 inligatas
870 587 1089 673 preferebant.
1110 590 1205 670 {inec
1233 590 1390 656 adtinuisse

193 706 309 766 nunna
351 677 438 740 demi
457 673 601 752 securim,
618 697 716 762 quum
739 675 805 740 sine
828 677 1052 759 provocatione
1067 677 1163 742 creati
1178 689 1289 753 essent,
1303 676 1390 740 iuter·

349 761 564 848 pretabantur.
608 761 728 826 Decem
744 783 853 848 regum
879 763 998 846 species
1018 777 1096 840 erat,
1118 761 1392 846 multiplicatusque

350 863 453 932 terror
468 868 532 910 non
547 847 663 912 infimis
678 847 792 924 solum,
815 845 868 910 sed
887 849 1077 931 primoribus
1094 849 1237 924 Petrum,
1253 849 1324 912 ratis
1338 869 1391 910 cre·

350 934 400 1001 dis
414 955 557 998 caussam
572 957 609 998 ac
623 933 813 1019 principium
829 934 939 1018 quaeri.
964 947 1011 1012 ut,
1036 937 1061 998 si
1086 935 1155 1021 quis
1179 955 1346 998 memorem
1359 931 1392 996 li-

351 1019 482 1086 bertatis
497 1041 605 1102 vocem
620 1033 673 1084 aut
689 1021 721 1082 in
738 1035 848 1086 senatu
864 1033 918 1083 aut
938 1019 970 1084 in
991 1020 1110 1104 populo
1133 1020 1276 1096 misisset,
1298 1019 1392 1084 statim

352 1102 451 1194 virgae
465 1128 650 1192 securesque
664 1106 757 1170 etiam
780 1103 821 1170 ad
842 1118 1017 1170 ceterorum
1034 1123 1152 1170 metum
1168 1106 1394 1191 expedirentur.

353 1192 452 1274 Nam,
472 1205 681 1279 praeterquam
687 1191 781 1321 ⁵quod
805 1191 836 1254 in
854 1189 972 1275 populo
987 1191 1066 1256 nihil
1080 1205 1148 1256 erat
1165 1193 1315 1278 proesidii,
1330 1190 1394 1256 sub-

351 1274 416 1344 lata
436 1279 672 1364 provocatione,
725 1277 974 1342 intercessionem
992 1300 1118 1364 quoque
1132 1299 1288 1344 consensu
1304 1289 1403 1374 sustu-³

351 1365 473 1434 lerant:
518 1387 594 1430 uum
608 1367 729 1450 priores
743 1363 910 1430 decemviri
926 1362 1136 1448 adpellatione
1146 1364 1278 1450 collegas
1290 1361 1414 1448 corrigr'

351 1451 477 1517 reddita
495 1387 535 1516 db
556 1473 589 1516 se
606 1453 680 1536 jura
704 1453 866 1526 tulissent3
889 1467 920 1514 et
944 1451 1101 1535 quiedam,
1126 1473 1201 1536 quae
1227 1451 1275 1514 sui
1295 1447 1398 1535 judicii

352 1537 451 1603 videri
465 1551 601 1622 possent,
622 1535 660 1602 ad
677 1535 828 1621 populum
844 1533 1032 1620 rejecissent.
1078 1537 1288 1624 Aliquamdiu
1302 1557 1399 1622 aequa-

352 1637 403 1688 tus
417 1623 501 1686 inter
519 1645 630 1688 omnes
644 1635 745 1686 terror
763 1619 841 1686 suits
865 1620 1026 1706 paullatim
1042 1635 1127 1686 totus
1142 1637 1269 1688 vertere
1291 1623 1323 1686 in
1341 1620 1399 1702 ple·

352 1709 423 1774 bem
439 1708 545 1793 coepit.
591 1707 817 1774 Abstinebatur
839 1731 858 1770 a
884 1707 1050 1774 Patribus:
1071 1711 1103 1772 in
1123 1709 1313 1774 humiliores
1333 1706 1401 1770 ⁵8li·

351 1795 497 1860 bidinose
512 1793 741 1879 crudeliterque
752 1791 989 1864 consulebatur:
1013 1793 1192 1872 hominum,
1209 1817 1275 1860 non
1288 1816 1400 1858 caussa·
1481 1821 1482 1836 ¹

353 1902 435 1954 rum,
459 1879 519 1945 toti
543 1891 649 1956 erant;
673 1892 709 1943 ut
730 1879 816 1964 apud
838 1902 917 1966 quos
941 1882 1043 1966 gratis
1068 1884 1128 1945 vim
1156 1884 1244 1969 aequi
1272 1880 1401 1956 haberet.

351 1964 476 2030 iudicis
491 1964 579 2034 dorni
600 1965 790 2040 conflabant,
818 1966 1069 2048 pronunciabant
1096 1968 1127 2030 in
1154 1969 1239 2032 foro.
1286 1968 1321 2032 Si
1341 1966 1402 2052 quis

352 2051 507 2140 collegam
523 2050 718 2137 adpellasset,
741 2052 782 2116 ab
797 2073 845 2129 co,
866 2051 907 2116 ad
928 2073 1022 2137 quern
1038 2067 1180 2135 venerat,
1203 2055 1250 2118 ita
1271 2051 1403 2120 discede·

352 2138 434 2215 bati,
462 2151 497 2202 ut
520 2138 696 2224 poeniteret,
726 2159 791 2202 non
817 2137 932 2222 prioris
956 2136 1084 2203 decreto
1112 2142 1247 2206 stetisse.
1293 2139 1403 2226 Opinio

353 2226 447 2293 etiam
467 2224 534 2288 sine
554 2235 683 2290 auctore
697 2225 825 2300 exierat,
841 2245 905 2287 non
921 2223 952 2286 in
968 2225 1131 2308 praesentis
1147 2227 1247 2292 modo
1261 2223 1404 2312 temporis

353 2333 407 2378 eos
422 2311 570 2397 injuriam
585 2311 788 2395 conspirasse,
803 2309 859 2374 sed
874 2308 975 2374 foedus
1000 2311 1234 2378 clandestinum
1259 2313 1343 2377 inter
1363 2312 1405 2394 ip-

353 2420 405 2471 sos
422 2397 630 2483 jurejurando
655 2397 763 2474 ictum,
790 2417 830 2460 ne
854 2396 982 2460 comitia
1004 2397 1166 2475 haberent,
1194 2413 1405 2484 perpetuoque

353 2483 565 2550 decemviratu
581 2505 757 2567 possessum
773 2481 868 2547 semel
883 2481 1063 2548 obtinerent
1078 2484 1263 2568 imperium.
1482 2535 1483 2542 ,

396 2569 583 2636 XXXVII.
606 2570 877 2653 Circumspectare
902 2581 969 2632 tum
990 2569 1199 2654 patriciorum
1223 2571 1331 2636 vultus
1347 2568 1406 2654 ple·

353 2657 425 2734 beii,
451 2669 483 2721 et
503 2655 529 2694 ⁵⁹
543 2653 617 2720 inde
641 2655 794 2720 libertatis
818 2667 944 2738 captare
970 2676 1089 2731 auram,
1117 2657 1204 2722 unde
1231 2657 1408 2724 servitutem

352 2741 494 2806 timendo
508 2742 542 2805 in
562 2763 635 2806 eum
656 2753 773 2807 statum
787 2739 1013 2823 rempublicam
1028 2741 1242 2810 adduxerant.
1291 2743 1408 2808 Primo-
1466 2737 1469 2745 '

352 2851 403 2896 ree
418 2827 552 2892 Patrum
572 2825 675 2892 odisse
694 2823 897 2904 decemviros,
913 2827 1014 2891 odisse
1023 2828 1166 2914 plebem:
1190 2852 1254 2896 nec
1266 2831 1409 2917 probare,

765 2999 773 3030 i
790 2995 903 3052 decedebat
913 2999 987 3045 Gran.

385 3161 498 3213 bb'Nec
506 3166 626 3213 attinuisse
636 3165 697 3214 demi
705 3171 817 3216 cesserim.
895 3169 958 3217 inter
968 3183 994 3216 se
1012 3172 1184 3227 consentirent.
1195 3179 1232 3229 et,
1245 3173 1366 3236 quidquid
1384 3171 1412 3216 sb

352 3229 572 3302 iamdabantur]
622 3231 777 3281 Consuetudo
811 3241 862 3280 erat
894 3247 944 3280 uno
954 3235 1077 3282 decretum
1094 3237 1164 3291 soret.
1176 3251 1270 3286 ornnes
1281 3245 1414 3292 tuerentur,

348 3305 403 3353 Jsrn
420 3293 477 3340 inde
495 3295 616 3342 sVslerio
627 3298 748 3345 Publicola
765 3300 861 3352 tradita.
895 3299 990 3345 subura
1008 3307 1059 3346 erat
1077 3301 1236 3358 intemessioe
1256 3305 1358 3350 illorum
1378 3301 1413 3346 in·

352 3369 384 3404 ne
408 3369 504 3406 secures
522 3359 627 3408 fascibus
648 3363 747 3424 illigata
765 3363 863 3424 prein-
891 3359 963 3424 juriis
984 3365 1026 3423 qui
1047 3365 1207 3413 intercederet
1230 3374 1258 3414 et
1281 3368 1412 3426 obsisteret.

352 3426 436 3469 rentur
457 3423 483 3469 in
505 3425 564 3471 urbe
585 3427 731 3475 consulibus.
767 3427 813 3473 Sed
837 3427 863 3472 id
895 3441 967 3474 nemo
988 3435 1047 3476 erat.
1079 3429 1143 3488 Imo,
1164 3437 1193 3476 ut
1216 3430 1287 3480 inira
1305 3431 1415 3480 habetur·

352 3483 489 3534 Decemviri
508 3489 562 3536 ideo
576 3491 670 3537 iactum
681 3491 861 3545 madescent,
894 3491 915 3536 ei
934 3492 1106 3553 quirenllegum
1122 3493 1271 3554 appellasset.
1293 3499 1328 3542 ita
1348 3495 1414 3541 discr·

351 3553 417 3610 quod
435 3565 450 3598 a
469 3554 607 3602 consulibus
625 3569 753 3618 provocare
771 3557 803 3602 sd
821 3568 863 3616 po-
895 3553 968 3614 debst,
987 3560 1013 3602 ut
1024 3557 1145 3618 peniteret
1160 3571 1208 3604 sors
1223 3559 1414 3620 priorisdetretc

351 3617 438 3676 pulum
454 3617 544 3664 liceret.
576 3617 655 3673 Unde.
666 3633 744 3680 quum
754 3620 800 3680 ipsi
811 3619 862 3665 sine
893 3621 986 3666 rtetlrse.

351 3683 520 3739 manatione
538 3685 613 3730 mesti
633 3691 722 3737 meent.
746 3685 863 3744 interpre-
926 3681 1130 3750 bS'Llliidisose]
1148 3687 1195 3732 Pro
1207 3688 1329 3749 libidine,
1344 3691 1380 3735 irs
1391 3693 1416 3733 ut

351 3745 473 3818 tstbsrrtuq.
492 3747 518 3792 id
534 3753 579 3803 est,
597 3749 776 3810 interpretando
794 3759 863 3794 men·
894 3748 999 3796 iacerent
1016 3750 1134 3810 quidquid
1149 3750 1210 3810 ipsis
1229 3753 1333 3812 liberet,
1353 3752 1416 3800 nullu

350 3813 402 3855 tem
421 3810 496 3872 huJus
514 3813 703 3870 consuetudinis,
724 3813 862 3862 statuebant
891 3807 954 3873 juris
963 3821 1007 3860 sut
1017 3815 1138 3876 equitetis
1149 3815 1237 3864 babitu
1247 3819 1357 3866 nuans·

350 3885 379 3934 es
399 3887 425 3921 se
443 3887 493 3926 non
511 3875 738 3930 wnerimecullarn
756 3889 808 3922 esse
824 3889 862 3922 rs·
927 3876 1423 3942 5⁰¹1edetaerurtseapserem‚·

350 3936 443 3986 donem
459 3953 504 3986 cur
519 3939 677 3988 demerente
698 3940 803 3988 fascibus
825 3953 862 3987 se·
894 3939 965 4004 sede]
994 3945 1015 3988 Α
1043 3943 1149 4002 patriciis
1176 3947 1332 3994 servitutem
1360 3949 1419 3994 dum

349 4014 426 4048 cures.
894 4005 981 4052 timent
992 4007 1090 4067 pietati,
1102 4013 1192 4055 statum
1203 4011 1423 4072 reiprrblioemu·

383 4065 416 4114 b'i
436 4066 639 4116 intercessionem.
651 4101 677 4118 .·
688 4083 794 4116 ccam
812 4083 862 4116 sss·
895 4069 940 4118 tari
951 4072 1084 4125 voluerant,
1104 4071 1363 4138 Decemvirslemque
1381 4091 1422 4136 pc·

349 4129 571 4191 tulerant10mnes
587 4135 663 4180 nostri
682 4147 860 4182 comeum
894 4138 1004 4180 testatem
1027 4135 1130 4183 institui.
1172 4135 1253 4186 Nune
1278 4143 1312 4186 ab
1334 4142 1421 4188 iisdem

350 4192 466 4240 ruerant.-
493 4201 522 4242 ut
548 4211 634 4246 seruas
662 4199 772 4246 rideatur
795 4200 861 4258 quod
893 4197 968 4244 siiisri
984 4199 1030 4246 sibi
1048 4201 1145 4248 dulcem
1163 4203 1336 4254 mutuandas
1352 4207 1424 4252 liber·

349 4257 440 4303 habent
461 4259 571 4308 Andreu
592 4270 617 4308 es
639 4263 792 4324 campanus„
809 4275 862 4308 ras-
893 4262 1300 4326 uruspeminrentienpeetsns.

348 4333 427 4368 smus
444 4324 573 4372 umbras.
608 4327 697 4374 Sensus
711 4333 764 4373 este
782 4339 859 4386 quum
1178 4369 1181 4378 .
