2978 4918
390 249 483 310 Lrn
507 251 547 311 11.
575 251 680 311 CAP.
699 249 876 312 XXXVIII.
1079 259 1134 314 les

96 410 193 476 erdem
221 411 275 476 illa
302 435 400 500 quum
431 410 579 480 Patribus
608 415 638 480 in
681 417 727 479 nti
756 415 897 481 omnium
926 414 1135 482 admiratione
1144 437 1271 488 uerus

95 513 272 572 enarrasset:
306 522 379 564 ecoe
406 501 490 565 aliud
524 503 642 567 miracu
655 523 727 566 um:
782 505 813 567 ui
847 513 958 586 captus
987 503 1274 568 omninum-⁴⁸⁹·

93 583 231 648 membris
245 583 368 651 delatus
382 586 415 650 in
437 589 554 652 curiam
571 601 660 663 esset,
675 610 748 652 eum
759 525 911 653 lanctum
927 588 1031 654 officio
1045 591 1135 676 pedi·

94 667 143 732 bus
155 673 217 734 suis
231 671 365 737 domum
381 673 517 751 rediisse,
532 673 683 740 traditum
699 676 861 739 memoriae
874 687 932 740 est.

127 755 304 822 XXXVll.
329 758 416 823 Ludi
452 781 523 823 uam
545 759 727 844 amplissimi
749 775 783 824 ut
801 761 922 838 fierent,
938 774 1063 827 senatus
1077 763 1133 826 de·

91 842 208 907 creviu.
254 845 307 908 Ad
325 867 378 908 eos
392 783 491 922 ludos,
507 861 637 910 auctore
652 847 742 911 Attio
757 847 863 922 Tullo,
874 848 920 911 vis
931 849 1203 936 magnevol-artu
1214 867 1281 917 runt

91 949 202 993 suorum
217 932 317 995 veuit.
373 931 561 1019 Priusquam
577 935 848 998 committerentur
862 932 938 1008 ludi,
956 933 1080 1012 Tullus,
1097 948 1132 1000 ut
1141 931 1225 980 V⁰¹¹⁰¹

90 1012 167 1078 domi
187 1017 402 1102 compositum
421 1040 492 1081 eum
517 1017 644 1082 Marcio
667 1018 779 1094 fuerat,
802 1018 842 1083 ad
868 1019 1011 1084 consules
1035 998 1220 1088 renit.‘¹⁰¹¹¹¹·

89 1097 155 1165 dicit
176 1125 254 1176 esse,
271 1125 346 1190 quoe
368 1118 486 1169 secreto
507 1126 601 1188 agere
622 1104 664 1169 de
684 1105 843 1191 republica
865 1107 949 1170 velit.
995 1107 1133 1171 Arbitris

89 1189 214 1266 remotis,
230 1191 363 1267 latua,
385 1191 496 1276 inquit,
519 1191 624 1276 ⁹quod
647 1193 766 1276 sequius
789 1195 841 1267 sit,
862 1195 900 1256 de
923 1195 996 1256 meis
1019 1193 1134 1260 civibus

88 1273 191 1358 loquor.
236 1275 314 1339 Non
335 1287 435 1340 tamen
456 1279 616 1342 admissum
637 1281 800 1361 quidquam
822 1279 862 1341 ab
886 1279 927 1342 r'r's
940 1280 1133 1344 criminatum

88 1363 174 1438 nenio,
194 1363 249 1425 sed
269 1373 401 1438 cnutum,
416 1385 454 1426 ne
474 1365 651 1426 admittunt.
695 1363 802 1426 Nimio
823 1365 1010 1448 plusquam
1033 1368 1132 1443 uelim,

88 1457 242 1510 rostrorum
256 1451 387 1532 ingenia
400 1460 470 1513 stent
483 1449 617 1514 mobilia.
663 1450 776 1514 Multis
790 1451 825 1512 id
833 1449 968 1514 cladibus
977 1453 1132 1530 rerrsimus,

89 1530 199 1614 Quippe
212 1536 270 1618 qui
286 1556 348 1596 nou
363 1546 464 1598 norme
477 1537 596 1611 merito,
611 1537 665 1600 sed
678 1546 777 1599 uestra
787 1538 957 1617 parientia,
974 1538 1134 1602 incolumnes

86 1619 172 1682 rinus.
217 1621 347 1704 Magna
366 1622 416 1684 lic
430 1643 508 1684 nune
529 1621 695 1685 llrlscorum
715 1623 874 1686 multitado
887 1633 941 1686 est.
963 1624 1031 1687 Iudi
1050 1633 1131 1688 ment.

86 1709 241 1785 spectaculo
255 1709 380 1770 intenta
394 1709 502 1771 ciuitas
516 1708 585 1771 erit.
623 1707 765 1784 Morini,
781 1709 857 1792 quid
863 1730 925 1792 per
938 1711 1070 1774 eamdem
1084 1731 1133 1772 oc-

87 1793 220 1856 casionem
248 1793 326 1854 ιθαῠ
347 1793 527 1857 Sabinorum
538 1791 700 1877 juveutute
721 1795 756 1856 in
780 1793 838 1858 lenc
858 1793 932 1858 rude
951 1797 1134 1860 commistum

87 1877 127 1940 rit.
146 1879 250 1944 horret
264 1881 397 1954 animur,
409 1901 447 1943 ne
464 1881 540 1964 quid
565 1881 730 1944 inconsulte
751 1901 788 1944 ae
806 1883 995 1962 temerefiat.
1039 1882 1132 1957 Hae,

87 1974 176 2028 neura
200 1976 365 2048 uestraque
385 1987 500 2040 caresta,
515 1967 608 2048 prius
628 1967 757 2030 dicenda
779 1966 871 2046 nobis,
885 1969 1028 2044 emmeles,
1047 1977 1134 2033 ratas

86 2069 146 2114 um.
190 2050 342 2124 Qadad
355 2053 537 2126 meadtirret,
553 2053 699 2134 extenplo
709 2053 781 2115 hinc
791 2055 907 2116 domum
917 2053 1048 2117 ubirein
1062 2056 1133 2118 arri-

87 2147 182 2212 aare,
198 2137 221 2176 ¹¹
234 2136 460 2220 necajusfacti
469 2139 679 2202 dictioecorrta
701 2140 771 2202 ioue
774 2159 913 2220 presens
921 2141 1025 2204 violer.
1052 2140 1133 2204 llere

86 2215 194 2287 loeutus
212 2223 308 2288 abiit.
366 2223 518 2287 Consules
538 2245 634 2309 quum
650 2159 701 2287 ad
716 2224 822 2288 Patres
837 2245 903 2288 rem
919 2224 1050 2289 dubiam
1072 2225 1132 2290 sub

87 2321 199 2374 uetare
213 2323 308 2374 certo
322 2309 515 2389 detulissent,
535 2323 645 2374 auctor
659 2310 767 2396 magis,
784 2325 820 2373 ut
840 2309 886 2386 lit,
902 2331 996 2396 quam
1013 2333 1074 2388 res,
1090 2311 1132 2376 ad

86 2395 322 2475 precavendum
347 2397 394 2460 vel
417 2417 458 2460 ex
482 2417 675 2481 supervacuo
689 2396 797 2459 morit.
819 2393 966 2480 factoque
987 2411 1129 2460 senatus-

86 2483 225 2560 consulto,
242 2495 285 2546 ut
310 2482 417 2546 urbem
436 2485 623 2546 excederent
638 2480 754 2560 Volsci,
776 2501 939 2564 praecones
962 2481 1224 2550 dimittun-vuau
1233 2507 1291 2552 arn·

86 2579 136 2643 tur,
150 2569 201 2654 qui
215 2589 334 2634 ornnes
349 2589 401 2631 eos
416 2567 569 2651 proficisci
588 2583 661 2632 ante
674 2565 967 2716 noetemd'uberent.
1011 2567 1129 2653 lugens
1138 2569 1225 2616 Μ·

87 2671 169 2732 pavor
190 2656 302 2740 primo
326 2653 535 2720 discurrentes
555 2654 595 2718 ad
610 2675 682 2719 suas
696 2674 746 2718 res
764 2665 797 2718 to
820 2651 916 2716 endas
937 2652 971 2716 in
994 2651 1131 2737 hospitia

87 2741 215 2820 perculit.
281 2739 552 2805 proficiscentibus
577 2738 692 2804 deiude
719 2738 897 2826 indignatio
927 2737 1056 2802 oborta:
1079 2741 1128 2818 Se,

87 2831 339 2894 menander-atos
352 2829 638 2910 commeatusque,
654 2825 694 2888 ab
706 2828 797 2901 ludis,
809 2825 908 2908 sestis
923 2825 1038 2910 dieder,
1053 2837 1132 2890 ooetu

87 2915 293 2992 marmorio
306 2913 456 2976 dominum
476 2913 674 2996 Domumque,
690 2913 812 2975 abactas
825 2933 895 2975 erse.

120 2995 325 3066 XXXVIII.
349 2997 459 3074 Quum
473 3018 574 3083 prope
593 2999 777 3062 oontinuato
793 2997 920 3084 agmine
933 2997 1025 3074 irent,
1047 3019 1131 3080 pras-

86 3104 191 3166 gressus
213 3084 336 3151 Tullus
350 3084 390 3148 ad
414 3083 543 3168 ¹¹caput
559 3083 774 3162 Ferentinum,
793 3097 828 3148 ut
851 3083 983 3182 quisque
997 3083 1129 3160 veniret,

86 3171 223 3252 primores
245 3191 361 3238 eorum
385 3171 554 3256 excipiens,
580 3169 605 3208 ¹³
615 3167 777 3256 querendo
804 3167 1074 3255 indignandoque,
1099 3183 1131 3236 et

86 3276 128 3318 eos
144 3259 226 3342 ipsos
254 3255 402 3320 ¹⁴sedulo
416 3256 580 3321 audientes
596 3257 735 3321 secunda
750 3256 805 3319 iroe
826 3256 931 3330 verba,
946 3268 978 3319 et
999 3278 1058 3342 per
1075 3277 1130 3322 eos

86 3342 310 3410 multitudinem
325 3341 417 3408 aliam
433 3341 464 3406 iu
477 3343 651 3428 subjectum
668 3343 726 3406 viae
737 3362 883 3426 campum
900 3339 1041 3406 deduxit
1080 3341 1131 3406 lbi

86 3425 111 3489 in
131 3431 294 3495 concionis
316 3427 447 3494 modum
473 3433 648 3494 orationem
674 3447 817 3505 exorsus,
841 3427 865 3466 ¹⁵
879 3428 1000 3492 Veteres
1018 3429 1246 3511 pupullarum

461 3568 473 3598 ¹¹
484 3563 582 3612 demit
593 3563 667 3612 Gron.
679 3563 749 3610 Creu.
1139 3515 1260 3562 mmm

111 3699 203 3755 senaa
220 3701 313 3761 sequius
334 3697 377 3761 rit}
403 3698 475 3752 Quod
495 3697 588 3744 civibus
618 3693 1107 3758 pidoalieujurineousultidletitaetire.

86 3764 135 3808 neta
155 3766 235 3812 labem
257 3765 366 3824 allquam
387 3768 505 3822 mpetum.
545 3761 588 3808 Se·
652 3761 682 3808 lt
700 3761 776 3820 eaput
802 3759 966 3825 Ferentium]
994 3761 1050 3809 vid.
1080 3765 1130 3806 not.

85 3829 249 3889 efferarum
264 3829 329 3876 iu·-
346 3829 411 3887 quod
426 3826 533 3884 humor,
548 3826 587 3876 de·
619 3823 843 3874 summurn

85 3892 161 3938 wine.-
182 3906 198 3939 α
214 3907 275 3940 roos
292 3905 355 3939 erres
373 3905 429 3952 ques
449 3903 497 3936 nou
514 3891 587 3938 modo
652 3889 683 3938 18
700 3885 836 3950 omaro]
858 3888 914 3935 Non
932 3890 1013 3934 minus
1028 3889 1133 3948 puseus

86 3954 191 4014 fluitat
205 3957 284 4011 attur.
302 3957 347 4003 red
364 3957 438 4002 etiem
457 3961 587 4016 usurpetur
617 3953 735 4016 werdo.

86 4020 587 4080 sumtuoummmotrneonuone
652 4018 683 4065 1⁴
697 4016 782 4064 Sedala
811 4017 927 4064 audientes
958 4017 1055 4064 mara
1088 4018 1132 4064 ἕνα

87 4093 187 4142 west.
619 4083 697 4146 verda]
726 4083 790 4129 Cum
810 4095 869 4128 eura
888 4089 913 4128 et
933 4083 1067 4130 attentione
1088 4093 1132 4128 au·

114 4147 141 4196 lt)
154 4147 191 4196 At
211 4149 350 4198 Solimus
364 4147 499 4212 jmataa]
526 4149 590 4196 Vide
619 4147 712 4194 dientes
728 4147 800 4192 verba
814 4159 870 4205 quoe
885 4146 1134 4204 obsecundaremu-

89 4215 232 4271 amedu.
620 4211 815 4269 vereutlraeque
825 4209 916 4256 lueend
926 4217 1002 4258 uene

116 4275 213 4326 ll'Nr
230 4281 293 4344 cefro
303 4278 381 4342 saell]
405 4275 453 4332 Ne,
470 4277 491 4324 sl
509 4290 587 4324 mma·
652 4275 683 4322 ts
703 4273 840 4324 saraa...
856 4273 1133 4336 Volsoaramlflaeerer·

91 4349 183 4390 sumet
199 4355 303 4404 prmus
318 4341 495 4401 adaim,innre
511 4349 588 4388 trano
619 4342 650 4387 be
671 4352 719 4388 nou
744 4338 867 4386 immerito
892 4345 975 4386 oenret
997 4338 1135 4386 Gronovius

89 4407 588 4470 mrumnmaugioaetabuaem·
619 4403 719 4453 dieiex
740 4415 841 4464 parona
862 4403 977 4460 histem,
999 4415 1044 4450 nee
1065 4399 1132 4463 qna»
