3056 4928
417 233 513 300 LlB.
534 235 602 298 Vll.
633 237 735 297 CAl‘.
753 235 900 299 XXXIX.
1027 253 1031 260 '
1136 247 1190 304 441

137 391 222 464 baud
247 399 351 462 minus
374 398 494 463 tribuni
514 397 636 464 celebre
657 419 894 485 nomen,quam
911 380 1340 477 consulum,esaet.n,c‚l12,

139 485 375 570 Campanorum
397 485 512 549 deinde
525 485 551 528 ⁷⁸
561 485 853 572 Suessauorumque
873 485 991 550 nuditae
1005 486 1193 574 legationes:
1203 495 1233 542 Δ·
1245 493 1272 540 C·
1283 491 1338 539 ³⁴⁰·

138 571 401 657 precantibusque
416 570 536 646 datum,
553 584 589 635 ut
604 570 787 656 praesidium
802 594 841 636 eo
856 570 887 636 iu
910 571 1043 636 hiberna
1057 571 1194 636 mittere·

138 673 198 735 tur,
214 679 280 744 quo
300 658 487 722 Samnitium
503 659 702 721 excursiones
716 673 908 722 arcerentur.
930 657 1038 723 ”lam
1053 673 1120 722 tum
1136 660 1196 722 rni-

138 743 223 808 nime
246 743 380 808 salubria
407 743 533 808 militari
561 742 735 828 disciplinis
758 743 870 831 Capua
893 747 1104 809 instrumento
1127 758 1349 808 ammoniam·

138 832 226 894 nium
249 829 460 914 voluptatium
484 829 638 894 delenitos
660 829 796 894 militurn
823 831 945 895 animos
970 831 1081 896 avertit
1096 825 1340 895 ame-‘⁰¹¹¹d‘0‘·

139 916 240 981 moria
254 917 381 1002 patriae:
405 915 630 1002 inibanturque
645 916 776 979 consilia
798 917 829 978 in
850 915 989 980 hibernis
1004 915 1113 982 eodem
1130 887 1350 1013 sce-ffiffion,

139 1001 203 1067 lere
222 1001 402 1066 adimendae
424 1001 594 1086 Campanis
610 1001 741 1086 Capuoe,
756 1001 847 1086 ⁸⁰per
865 1002 950 1089 quod
971 1003 1015 1066 illi
1031 1025 1098 1067 eam
1114 1004 1195 1068 auti·
1205 1019 1264 1064 aue

138 1089 210 1174 quis
225 1088 400 1153 cultoribus
412 1088 617 1152 ademissent:
639 1109 734 1172 neque
745 1091 887 1152 inmerito
900 1111 983 1152 suum
998 1092 1131 1172 ipsorum
1146 1113 1198 1154 ees·

139 1177 266 1256 emplum
283 1177 316 1238 in
332 1195 380 1238 eos
394 1197 556 1239 umsumm.
602 1176 666 1239 Cur
687 1184 785 1238 ardna
803 1177 909 1257 potius
925 1176 1078 1258 Campani
1091 1199 1199 1260 ugrum

138 1261 246 1324 Italico
264 1261 455 1338 uberrimum
471 1263 595 1344 dignum
610 1281 687 1344 agro
708 1259 819 1335 urbem,
836 1263 889 1346 qui
903 1283 1001 1325 nense
1014 1283 1136 1326 aecum
1151 1273 1199 1326 tu·

139 1349 206 1413 tari
214 1349 346 1429 possint,
367 1367 455 1430 quom
478 1349 575 1410 uictor
589 1347 736 1410 exercitus
749 1347 884 1422 iuberet,
900 1349 954 1430 qui
971 1367 1026 1411 suu
1038 1349 1149 1411 sudore
1161 1370 1199 1412 uo
1231 1407 1237 1414 .

139 1435 289 1518 sangnine
302 1435 377 1496 inde
392 1433 542 1496 Samnites
556 1433 744 1514 deperiisset?
767 1433 818 1496 An
830 1453 945 1516 aeqram
960 1455 1030 1508 este,
1041 1434 1201 1498 dediticios

139 1539 207 1584 tuos
216 1521 273 1582 illa
275 1519 452 1604 fertilitate
462 1529 553 1602 utque
561 1520 737 1581 umoenitate
745 1519 887 1667 perperim
910 1540 952 1596 se,
964 1520 1200 1604 militandofie·

139 1627 199 1681 sos,
215 1607 248 1668 in
262 1606 423 1688 pestilente
437 1614 528 1689 atque
541 1605 632 1668 arido
651 1605 734 1667 circa
755 1625 793 1666 nr
811 1626 855 1667 ern
874 1607 938 1669 solo
958 1607 1081 1682 luctari,
1097 1615 1152 1670 aut
1166 1608 1200 1670 in

141 1691 216 1754 urhe
230 1693 408 1756 insidentem
423 1690 520 1754 tudem
534 1691 693 1754 crescentis
707 1691 740 1753 in
755 1691 960 1774 diessoenmis
969 1693 1069 1774 pati?
1115 1690 1200 1757 Haec

141 1777 261 1864 agitata
280 1776 411 1842 occultis
432 1775 711 1863 conjurationibus,
729 1776 863 1840 necdum
885 1777 1017 1864 vulgata
1038 1777 1071 1841 in
1091 1800 1200 1842 omnes

141 1863 284 1940 consilia,
301 1863 420 1927 invenit
435 1885 534 1926 nouus
550 1860 660 1926 consul
674 1860 712 1925 C.
726 1860 869 1926 Marcius
887 1863 1024 1948 Rutilus,
1039 1864 1090 1928 cui
1105 1864 1276 1937 Cam-um.
1288 1887 1345 1939 41³,

140 1951 236 2033 pania
250 1965 335 2014 sorte
349 1949 512 2032 provincia
521 1960 677 2023 evenerat,
694 1947 736 2024 Q.
755 1948 887 2014 Servilio
897 1949 1018 2037 collega
1031 1949 1073 2013 ed
1089 1949 1199 2014 urbem
1210 1957 1239 2002 Α·
1251 1955 1277 2000 C·
1288 1953 1345 2032 ⁸⁸9·

141 2036 261 2100 relicto.
308 2034 420 2120 ltaque
444 2055 542 2121 quum
565 2035 673 2098 omnia
694 2057 741 2111 ea,
757 2035 836 2099 sicut
850 2049 938 2122 gesta
956 2049 1057 2115 crant,
1073 2058 1131 2122 per
1144 2019 1361 2137 tri-&uffa

141 2121 243 2186 bunos
257 2137 424 2204 comperta
437 2120 577 2198 haberet,
594 2134 625 2185 et
639 2133 733 2185 aetate
748 2134 780 2184 et
800 2143 858 2184 usu
873 2121 986 2186 doctus
1000 2125 1132 2208 (quippe
1146 2123 1200 2209 qui
1210 2115 1266 2194 nub
1275 2147 1340 2193 cm.

56 2241 63 2250 ·
137 2208 203 2293 jam
220 2222 368 2296 quartum
384 2206 495 2271 consul
516 2219 606 2282 esset,
622 2205 820 2292 dictatorque
834 2221 865 2270 et
880 2229 992 2272 censor
1006 2206 1127 2288 suisset)
1145 2230 1200 2293 np-

143 2295 256 2358 timum
279 2305 378 2370 ratus,
402 2291 575 2358 differendo
589 2313 688 2377 spem,
703 2292 968 2379 quandocumque
982 2293 1108 2368 vallent,
1125 2315 1201 2358 cou-

143 2379 204 2444 silii
219 2379 427 2464 exsequendi,
442 2379 608 2444 militarem
623 2379 767 2462 inpetum
781 2377 943 2456 frustrari3
968 2401 1125 2444 rumorem
1138 2378 1199 2443 dis·

143 2466 236 2552 sipat,
251 2467 283 2530 iu
309 2465 419 2530 iisdem
441 2466 567 2550 oppidis
581 2480 611 2528 et
626 2485 711 2528 enno
731 2477 803 2549 post
824 2463 970 2550 presidia
985 2463 1201 2532 bibamaturu.

143 2552 245 2617 divisa
266 2552 350 2616 enim
373 2564 464 2619 erant
486 2573 543 2638 per
566 2551 751 2637 Campaniae
771 2551 874 2626 urbes,
897 2565 1162 2638 manaverantque
1183 2576 1202 2616 a

145 2639 257 2724 Capua
272 2637 402 2708 consilia
416 2639 447 2702 iu
463 2638 636 2704 exercitum
663 2658 799 2703 omnem.
844 2636 894 2701 Eo
915 2635 1093 2704 laxamento
1115 2639 1201 2726 cogi-

143 2725 318 2789 tationibus
333 2725 421 2800 dato,
437 2725 555 2810 quievit
571 2724 602 2788 in
617 2724 787 2809 praesentia
800 2722 921 2788 seditio.

188 2810 356 2875 XXXIX.
381 2811 514 2889 Consul,
530 2810 645 2874 educto
667 2811 699 2874 in
722 2810 830 2874 aestive
855 2810 964 2885 milite,
980 2809 1056 2876 dum
1078 2811 1331 2897 quieto-amm.

147 2899 305 2964 Samnites
322 2895 469 2972 babebat,
485 2898 660 2961 exercitum
683 2918 820 2984 purgare
833 2895 858 2936 ⁸¹
868 2896 1067 2961 missionibus
1089 2897 1307 2963 „umnelin

143 2982 303 3048 lentorum
319 2981 486 3046 hominum
503 2982 647 3060 instituit,
669 2983 738 3047 aliis
752 2983 882 3048 emerita
896 2981 1031 3048 dicendo
1045 2985 1202 3070 stipendia

145 3091 224 3149 csse,
240 3069 319 3133 alios
333 3090 444 3156 graves
453 3070 520 3154 jam
534 3082 638 3144 aetate,
654 3081 709 3134 aut
722 3069 841 3134 viribus
877 3091 969 3134 arum
986 3069 1116 3135 validos.
1131 3073 1202 3157 qui-

145 3155 219 3220 dum
235 3154 304 3218 ⁸²in
320 3169 514 3220 commeatus
538 3155 752 3232 mittebantur,
768 3155 837 3242 sing
873 3156 884 3221 i
905 3156 1021 3241 primo,
1041 3155 1156 3222 deiude
1172 3171 1203 3222 et

121 3259 126 3264 '
145 3241 293 3307 cohortes
307 3241 464 3328 quiedam,
480 3243 555 3327 quia
568 3241 680 3326 procul
695 3243 736 3306 ab
750 3242 847 3306 domo
861 3263 898 3306 ac
910 3242 1004 3308 rebus
1018 3244 1081 3306 auis
1097 3243 1204 3308 hiber·-

145 3339 284 3394 uasseat.
329 3327 392 3392 Per
406 3329 542 3412 speciem
557 3327 651 3393 etiam
670 3327 851 3394 militarium
862 3351 985 3402 ttsuurn,
1000 3328 1133 3428 ⁸'quum
1150 3329 1203 3394 ulii

147 3413 212 3478 alio
229 3414 438 3494 mitterentur,
454 3435 569 3498 magna
594 3435 667 3496 pars
689 3412 835 3512 ablegati.
857 3435 952 3502 quam
968 3412 1202 3480 multitudinem

146 3500 257 3566 consul
283 3499 362 3566 alter
387 3500 500 3564 Romae
522 3513 712 3584 praetorque,
729 3499 804 3564 altas
818 3522 857 3563 ex
875 3501 944 3564 aliis
969 3501 1115 3586 fingendo
1137 3521 1204 3566 nro·

147 3607 208 3664 ras,
225 3585 387 3651 retinebat.
436 3584 477 3649 Et
493 3587 595 3670 primo
616 3587 754 3672 quiilcm,
770 3585 873 3672 ignari
896 3585 1128 3664 ludificationis,
1146 3587 1205 3650 mi·

182 3807 214 3854 te
230 3808 450 3872 summorumque]
462 3809 537 3856 Jubet
549 3809 662 3870 Sigonius
693 3821 744 3869 prn-

149 3872 197 3933 lcgl
219 3871 467 3932 &aerumnamque
496 3887 540 3920 nee
561 3874 662 3920 tortasse
725 3871 949 3934 Sl'Mimioaibar]
963 3871 1204 3932 mittendarium,

148 3936 202 3982 sine
220 3949 300 3982 causa.
334 3937 446 3983 Suessula
461 3939 526 3984 enlm
538 3938 661 3998 propius·
693 3938 808 3983 solvendo
819 3937 958 3982 militiaeue
974 3937 1016 3996 qui
1033 3935 1207 3984 turbuleutoet

148 3999 232 4060 Carasa
242 4001 320 4054 abest,
334 4013 407 4060 quam
419 4001 514 4059 Suessa,
525 4009 550 4048 et
560 4003 591 4048 ad
607 4015 661 4048 eam
693 4001 793 4048 tattlow
804 4001 901 4060 ingenio
908 4007 983 4046 erant.

149 4071 286 4126 pugnatum
294 4060 346 4125 jara
359 4079 416 4112 cum
429 4068 577 4112 Samnitibus
585 4073 628 4113 est.
725 4065 757 4112 ⁸2
774 4066 805 4111 m
823 4064 972 4129 commeatur]
989 4065 1018 4110 lu
1042 4077 1098 4124 qua
1119 4064 1206 4126 culqua

183 4127 214 4174 tu
229 4129 287 4176 June
299 4125 360 4192 tum]
377 4129 430 4176 lluc
440 4131 533 4178 dietum
543 4137 581 4176 est
591 4144 662 4190 prop-
692 4128 848 4186 libentium,
857 4128 915 4174 datu
924 4134 1069 4176 commuta·

149 4197 187 4238 ter
202 4193 303 4239 biberat
314 4193 448 4246 Annibalis.
460 4192 528 4256 cujus
539 4195 658 4242 exercitus
723 4193 756 4241 83
773 4191 851 4248 Qum
886 4192 928 4238 ulit
962 4193 1008 4238 alia
1045 4194 1204 4259 mitterentur]

151 4257 430 4316 uparacmruptusest
443 4257 585 4306 Sruorrrua
693 4258 803 4312 Quatuor
818 4259 862 4304 baa
879 4270 957 4312 socer,
969 4271 1025 4318 quar
1043 4269 1101 4304 rane
1119 4271 1206 4318 pariam

184 4319 216 4368 80
232 4321 281 4368 Per
294 4319 354 4380 quoti
363 4321 399 4368 illi
414 4335 464 4368 eam
478 4323 581 4382 animati
592 4322 662 4370 cuun-
695 4323 833 4370 amane
847 4327 914 4380 sunt,
924 4322 1016 4368 omittit
1026 4322 1142 4370 Aaou

151 4384 370 4449 tutamentum]
388 4385 444 4435 vid.
456 4389 473 4434 l.
481 4386 528 4437 lv.
540 4399 561 4435 c.
572 4387 613 4435 87.
622 4399 661 4434 tu·
1023 4404 1028 4426 ι
