3032 4924
489 185 583 246 Lis.
605 185 658 245 vi.
687 185 791 246 CAl’s
819 186 861 246 11.
1125 195 1180 252 tsi

120 347 210 425 lium,
228 345 269 412 L.
286 345 463 428 AEmilium,
481 347 521 413 Ε.
538 347 748 415 Ρωῑιιιιιὶιιω.
771 347 819 414 Hi
830 369 871 414 ex
886 349 1069 438 interregno
1083 371 1183 438 quum
1194 371 1222 419 u.
1235 359 1328 429 csse.

120 433 286 519 extemplo
295 434 515 522 magistratum
525 433 757 510 inissent'nulls
765 434 806 499 de
813 455 849 500 re
856 436 1053 522 prius,quum
1060 435 1102 502 de
1109 437 1222 504 reli-o
1235 439 1263 486 α
1274 435 1329 488 ³⁸⁰⁴

119 519 280 609 giouibu's,
286 535 429 586 senatum
436 521 631 588 consuluere.
646 521 684 588 ln
694 519 805 608 primis
814 521 981 590 foedereac
989 523 1073 612 leges
1081 531 1185 608 (erant

119 621 228 673 eutem
251 629 299 671 eae
320 605 489 673 duodecim
511 607 628 673 tabulae
649 621 681 673 et
701 609 850 696 quaedam
872 608 969 696 regi-m
990 610 1088 714 leges)
1108 631 1186 676 oon·

120 694 216 778 quiri,
233 715 306 778 quur
329 703 559 780 competerent,
569 696 749 782 jusserunt:
772 693 854 760 ealiu
867 717 907 761 ex
921 697 966 762 eis
988 699 1072 762 edita
1089 697 1185 763 etium

1 798 2 821 ¹
120 783 152 845 in
169 780 304 866 vulgus:
328 803 401 867 quae
423 794 527 846 nutem
549 782 589 846 sd
611 803 700 846 sucre
721 781 933 866 pertinebant,
949 805 967 847 a
981 783 1186 868 pontificibus

120 867 273 942 maxime,
289 879 326 931 ut
348 867 500 950 religione
520 867 689 934 obstrictos
714 867 867 934 haberent
889 868 1100 935 multitudinis
1117 872 1205 936 aui-'

121 975 199 1030 mos,
216 952 395 1038 subpressa.
418 951 504 1019 Tum
519 954 581 1020 ⁷de
596 953 707 1020 diebus
726 954 880 1042 religiosis
894 956 1007 1044 agitari
1028 969 1183 1042 coepturn,

118 1038 271 1124 diemque
292 1039 468 1105 antediem
482 1063 525 1106 xv
541 1039 703 1105 Kalendas
722 1041 865 1120 Sextiles,
881 1040 1000 1126 duplici
1023 1043 1115 1136 clade
1136 1045 1186 1116 irr-

119 1127 255 1207 signem,
274 1129 353 1210 (quo
375 1127 483 1192 dicad
506 1127 688 1192 Cremeram
707 1127 798 1192 Fabii
819 1130 902 1208 coesi,
918 1151 983 1215 quo
1004 1129 1122 1195 deinde
1143 1131 1184 1195 ed

120 1211 240 1276 Alliam
257 1233 332 1276 cum
346 1211 444 1278 exitio
459 1211 546 1278 urbis
559 1213 643 1278 ioede
664 1222 854 1300 pugnatum)
872 1238 889 1279 u
905 1217 1080 1300 posteriore
1094 1216 1186 1282 clude

122 1298 297 1364 Alliensem
317 1299 528 1384 adpellaruut,
544 1301 764 1386 insignemque
778 1301 823 1364 rei
838 1301 917 1366 nulli
934 1301 1060 1387 publice
1081 1303 1185 1388 prire-

120 1386 242 1472 timque
267 1389 399 1472 agendas
424 1385 590 1452 lecerunt·
612 1386 788 1464 ⁸Quidsm,
815 1388 901 1474 quod
929 1388 1083 1490 postridie
1107 1389 1185 1454 Idus

120 1471 302 1549 Quinctiles
326 1493 388 1536 non
411 1473 531 1538 litasset
547 1472 706 1559 Sulpicius
728 1474 874 1538 tribunus
895 1475 1042 1552 militum,
1059 1476 1185 1562 ⁹neque

120 1559 250 1623 iuventa
272 1579 350 1643 pece
365 1557 471 1624 Dedm
494 1572 566 1645 post
585 1561 670 1624 diem
692 1560 819 1624 tertium
835 1562 974 1647 objectus
995 1560 1080 1626 hosti
1093 1563 1190 1628 exer·'

119 1645 203 1710 citus
221 1645 387 1710 Romanus
407 1659 498 1722 esset,
513 1647 608 1711 etiam
630 1643 781 1731 postridie
797 1645 873 1711 Idus
887 1647 980 1712 relius
995 1648 1110 1712 divinis
1132 1657 1185 1714 su2

119 1731 445 1882 pemeder'ilp'ussum:
470 1731 554 1811 inde,
572 1747 608 1798 ut
631 1732 787 1818 postridie
810 1731 971 1799 Kalendas
994 1757 1124 1822 quoque
1148 1757 1186 1800 sc

123 1819 236 1884 Nonas
251 1841 269 1881 e
311 1840 362 1883 em
377 1818 490 1909 religio
504 1832 593 1897 esset,
608 1818 771 1898 traditum,
787 1833 912 1904 putant.

165 1905 213 1970 11.
238 1904 315 1970 Nec·
323 1905 378 1970 diu
394 1905 484 1972 licuit
497 1906 609 1993 quietis
630 1905 762 1970 consilia
775 1907 936 1994 erigendae
950 1929 990 1972 ex
1008 1919 1072 1973 tem
1136 1909 1186 1974 avi

121 2014 198 2058 casu
221 1991 405 2077 reipublicae
430 2015 534 2057 secum
558 1993 689 2082 agitare.
735 1992 824 2058 Hinc
840 1993 957 2070 Volsci,
973 2007 1094 2060 veteres
1135 2018 1186 2060 os·

121 2091 179 2157 tes,
205 2078 243 2142 ad
270 2079 535 2165 exstinguendum
561 2099 677 2145 nomen
706 2079 889 2144 Romanum
913 2102 1002 2144 arma
1026 2093 1185 2167 ceperant,

121 2165 200 2230 hinc
216 2164 356 2230 Etruriae
394 2166 552 2252 rincipum
567 2187 604 2230 ex
620 2164 768 2234 omnibus
790 2165 917 2252 populis
934 2168 1194 2253 conjurationem

122 2251 164 2317 de
186 2251 339 2327 bellq'sd
363 2187 472 2317 diuum
496 2252 679 2318 voitumnae
703 2251 828 2326 lactem,
850 2265 1039 2317 mercatores
1064 2253 1186 2320 adiere·

122 2339 212 2403 bant
229 2360 330 2403 novus
344 2360 472 2427 quoque
486 2354 590 2404 terror
609 2351 783 2403 accesserat
805 2336 980 2403 defectione
996 2338 1185 2405 Latinorum

125 2425 418 2513 Hernicorumque,
433 2426 499 2512 qui,
517 2439 587 2509 post
606 2445 748 2512 pugnarn
763 2425 805 2489 ad
825 2423 929 2489 lacum
947 2424 1107 2513 Regillum
1123 2425 1187 2490 lec-

124 2525 203 2588 tam,
218 2511 244 2612 ¹?
253 2533 312 2597 per
326 2534 427 2577 annos
451 2533 551 2597 prope
564 2524 691 2576 centum
708 2531 880 2661 numquam
904 2511 1054 2597 ambigue
1074 2511 1139 2576 lide
1153 2515 1185 2576 in
1299 2561 1303 2568 .
1383 2601 1385 2609 y

124 2597 322 2663 amicitiam*
336 2598 446 2684 populi
464 2599 601 2664 Romani
614 2597 749 2664 fuerant.
808 2609 903 2683 teque
915 2619 1013 2683 quum
1029 2599 1110 2663 tanti
1127 2621 1186 2662 un·

124 2684 223 2771 dique
247 2697 383 2750 terrores
407 2686 657 2762 circumstarent,
684 2683 913 2770 adpareretque
937 2684 1093 2762 omnibus,
1120 2704 1185 2749 uon

124 2769 201 2836 odio
224 2771 326 2835 solum
353 2771 440 2856 apud
463 2771 577 2850 hostes,
594 2771 647 2836 sed
669 2783 832 2836 contemtu
857 2775 950 2836 etiam
974 2770 1059 2836 inter
1084 2773 1187 2836 socios

125 2879 242 2922 nomen
260 2857 441 2931 Romanum
457 2857 623 2936 ¹luliorare;
645 2858 765 2944 placuit
786 2849 902 2923 eisdem
917 2857 1064 2943 auspiciis
1078 2858 1187 2924 deleu-

124 2944 159 3008 di
174 2941 415 3028 rempublicam,
449 2945 542 3010 uibus
557 2957 742 3032 recuperate
757 2959 846 3022 esset,
859 2943 1109 3033 dictatoremque
1123 2945 1186 3010 dici

129 3029 177 3095 Μ.
196 3030 332 3095 Furium
353 2967 534 3096 Camillum.
580 3032 611 3096 le
636 3031 772 3097 dictator
795 3033 834 3097 C.
857 3030 1025 3098 Servilium
1049 3032 1186 3097 Ahalam
1195 3052 1312 3102 camme·

127 3118 314 3208 magistrum
336 3119 477 3203 equitum
501 3117 601 3182 dixit:
623 3119 808 3206 justitioque
823 3120 953 3196 indicto,
965 3119 1119 3185 delectum
1134 3117 1353 3206 ju-fflwfflv

128 3203 254 3270 uiorum
269 3203 393 3285 habuit,
408 3205 451 3270 ita
464 3217 500 3269 ut
518 3205 655 3274 seniores
669 3225 806 3292 quoque,
821 3204 936 3291 quibus
951 3204 1069 3292 aliquid
1094 3211 1188 3272 robo-

128 3291 171 3356 ris
192 3305 379 3377 superesset,
394 3291 418 3330 ¹¹
428 3293 461 3354 in
476 3292 571 3356 verba
592 3313 649 3355 sun
666 3293 789 3377 juratos
809 3293 1009 3358 centurioret.
1054 3291 1188 3358 Frxerci-

514 3444 641 3494 ‘anrleiiio
651 3447 726 3494 Gron.
738 3445 807 3494 Cres.

161 3591 251 3640 talio
268 3605 298 3640 ea
313 3593 358 3656 eir]
383 3591 438 3642 aiis
457 3605 541 3640 comm
560 3593 643 3655 logium
675 3593 804 3652 impetrato
814 3599 894 3638 omont
910 3591 979 3652 signe
994 3589 1103 3650 propitio
1113 3591 1192 3640 dsilm

128 3659 207 3719 capitu
218 3657 389 3718 publicorunte
406 3669 461 3717 qun
472 3658 504 3704 ad
514 3669 581 3707 sacro
591 3671 644 3720 per·
676 3657 815 3704 columnis

129 3722 248 3780 minut,
258 3735 393 3782 suppruo.
710 3719 741 3767 1⁰
757 3720 808 3767 Per
822 3733 894 3766 maor
904 3732 977 3780 prope
986 3719 1089 3784 mear]
1108 3719 1191 3766 Latini
1312 3739 1315 3746 ·

162 3787 176 3835 i
202 3787 240 3834 Dc
266 3785 344 3834 dicier
369 3786 496 3849 cogens]
529 3787 644 3848 iteirgtou
675 3797 770 3845 sempor
777 3786 802 3831 in
810 3785 856 3832 lide
867 3790 1007 3832 manserant
1017 3789 1072 3843 post
1082 3797 1191 3846 pugnam

25 3904 29 3912 ‚
129 3853 181 3900 dios
198 3853 324 3910 mmumr,
344 3857 405 3899 testo
422 3853 453 3899 Δ.
474 3849 536 3900 Geli.
557 3851 603 3899 iv.
620 3853 644 3898 9.
675 3853 706 3898 ed
718 3849 840 3910 Regillum
857 3849 947 3902 lecum,
959 3861 974 3894 ι
986 3861 1035 3907 qus
1053 3847 1094 3894 hic
1111 3861 1191 3895 annus

129 3917 193 3964 tristi
211 3917 294 3964 omino
312 3917 416 3964 infames
434 3917 602 3978 impedirique,
619 3917 644 3964 iu
676 3921 713 3963 ert
729 3913 876 3961 contuimur
891 3911 1048 3960 duodecimus
1063 3923 1094 3958 ex
1110 3911 1190 3968 Livio,

129 3983 217 4042 qubus
233 3989 259 4028 et
276 3993 316 4029 ros
333 3981 428 4030 mrim
445 3981 533 4036 iacere.
548 3987 574 4028 et
591 3993 645 4028 rem
676 3979 823 4028 centesimus
842 3991 920 4024 nonus
934 3989 965 4023 ez
975 3975 1108 4038 Dionysio:
1126 3976 1190 4023 rias

129 4047 271 4108 quampiam
288 4059 376 4093 norom
388 4045 492 4094 exordiri
508 4053 645 4106 temperau-
677 4043 735 4101 uici,
747 4048 801 4103 post
817 4043 895 4088 ioedus
910 4054 968 4088 curn
982 4041 1099 4088 Bomonir
1113 4041 1190 4088 icium

130 4110 188 4158 dum
199 4118 245 4160 esi.
677 4109 718 4170 Sp.
729 4107 813 4154 curro
828 4113 852 4152 et
869 4105 970 4153 Proculo
980 4105 1089 4166 virginio
1104 4117 1192 4153 cousu-

161 4175 177 4224 8
194 4177 308 4234 Quidum
327 4175 387 4236 quoa
403 4174 527 4238 postridie]
557 4175 595 4222 De
615 4187 645 4220 ea
676 4174 748 4227 libus,
761 4177 818 4218 ante
834 4183 910 4216 annos
925 4183 999 4232 prope
1015 4176 1124 4225 centum,
1140 4170 1192 4216 sire

132 4253 156 4288 re
167 4243 215 4290 rid.
228 4245 258 4290 Α.
270 4241 335 4288 Geli.
346 4237 378 4286 V.
392 4239 430 4288 li.
677 4243 732 4284 octo
743 4249 817 4296 supro
826 4235 965 4296 nonaginta.

162 4306 294 4368 9'Neque
305 4303 551 4368 iamnnpoeedenrn]
567 4303 647 4361 Enii·
712 4298 803 4348 ll'In
823 4299 891 4347 serio
908 4313 950 4363 eea
973 4301 979 4312 '
1075 4301 1193 4347 amriu-

130 4379 167 4420 eet
182 4371 273 4434 piacm
289 4370 324 4418 dli
342 4383 390 4417 non
406 4376 496 4424 ment,
511 4369 567 4415 licet
580 4367 645 4414 nulia
678 4366 725 4431 ret]
755 4365 783 4412 ln
805 4365 925 4414 mutunus
944 4365 960 4411 d
1014 4366 1107 4420 bueret,
1127 4367 1194 4424 post.
1243 4417 1248 4424 ι
