3008 4908
446 245 539 308 LIB.
561 245 610 307 IV.
651 245 753 306 CAP.
775 245 840 304 XV.
1100 253 1158 308 att

61 479 64 491 ,
100 419 205 476 ancta
235 419 330 478 tmtta
355 412 536 475 dimicationi
563 409 727 495 objicerent.
772 409 869 486 Dein,
896 431 991 496 quum
1020 411 1303 498 undiqueuc.slt.

103 498 169 580 plus
194 498 229 560 iu
255 497 314 560 illo
342 497 435 562 senili
464 497 570 560 animo
598 519 661 560 non
692 497 814 560 consilii
842 499 947 574 mado,
978 496 1033 561 sed
1063 489 1304 562 etnam-⁴³⁶·

102 585 225 647 virtutis
251 605 331 662 esse,
346 605 441 669 qnam
466 584 499 646 ia
523 582 669 647 omnibus
693 582 761 647 aliis
783 583 934 661 dicerent,
951 583 1161 670 laudibusque
1266 611 1267 614 ¹

102 669 186 734 haud
221 669 378 734 inmeritis
413 681 590 745 onerarent,
627 683 658 732 et
692 669 802 732 consul
844 669 923 733 nibil
967 670 1159 748 remitterem

14 766 18 843 J
103 769 250 840 precatus
265 755 394 820 tandem
411 755 499 820 Deos
521 754 701 818 inmortales
718 755 933 832 Cincinnatus,
958 777 998 820 ne
1019 771 1161 822 senectus
1170 780 1271 826 cantur

14 858 18 903 :
104 865 160 907 sua
175 843 209 904 in
225 855 292 908 tam
315 841 447 925 trepidis
468 844 560 905 rebus
574 840 692 904 damna
711 840 897 906 dedecorive
911 841 1091 928 reipublicae
1113 865 1161 908 es·
1170 845 1272 891 nautor

14 944 18 995 Ξ
105 941 160 1004 set,
186 929 364 992 dictatore
389 926 666 992 consuledicitnr.
692 928 758 1011 ipse
786 926 900 993 deinde
930 928 968 992 C.
994 929 1160 993 Servilium

1170 909 1299 956 Cincinna-

107 1013 245 1080 Abalam
261 1017 446 1102 magistrum
463 1012 602 1100 equitum
617 1012 705 1077 dicit.
1170 979 1219 1021 Μ’

149 1100 247 1168 XLV.
274 1100 405 1165 Postero
426 1101 487 1176 die,
511 1098 671 1183 dispositis
693 1100 856 1184 praesidiis,
878 1123 975 1188 quum
999 1101 1031 1166 iu
1056 1101 1159 1167 forum

105 1187 328 1266 descendisset,
343 1207 555 1272 conversaque
576 1185 608 1248 ia
631 1207 702 1250 eum
722 1185 812 1270 plebs
833 1189 971 1252 novitate
985 1189 1030 1252 rei
1050 1211 1087 1252 ac
1102 1191 1160 1252 rai-

106 1273 217 1337 raculo
236 1285 327 1348 esset,
344 1285 376 1337 et
391 1271 536 1336 Maeliani
551 1285 645 1358 atque
658 1274 724 1356 ipse
738 1271 805 1336 dux
820 1295 928 1338 eorum
950 1274 984 1336 in
1005 1297 1039 1338 se
1059 1275 1162 1339 inten-

106 1373 171 1424 tam
187 1359 251 1422 vim
267 1359 348 1422 tanti
363 1359 486 1443 imperii
501 1371 681 1432 cernerent3
705 1371 849 1442 expertes
866 1359 1068 1424 consiliorum
1093 1383 1163 1446 reg·
1244 1359 1250 1373 ’

105 1447 150 1522 ni,
174 1447 231 1529 qui
252 1445 405 1520 tumuitus,
428 1447 510 1528 quod
530 1445 637 1508 bellum
665 1465 781 1526 repens,
806 1455 861 1509 aut
882 1449 1077 1512 dictatoriam
1100 1469 1165 1510 rna-

12 1587 13 1590 ,
95 1531 253 1612 jestatcm,
270 1541 326 1594 attt
342 1529 516 1606 Quinctium
529 1539 598 1611 post
608 1532 813 1612 octogesimum
825 1553 937 1596 annunt
948 1543 1090 1596 rectorem
1102 1535 1165 1597 rai·

101 1617 237 1700 publica
251 1619 415 1701 qrtaetisset,
433 1617 620 1702 cogitarent3
645 1617 756 1679 missus
779 1617 820 1679 ab
834 1615 988 1682 dictatore
1013 1619 1165 1684 Servilius

12 1706 13 1784 J
107 1705 260 1790 magister
285 1705 427 1788 equiturn
458 1703 497 1766 ad
522 1701 677 1776 Maelium,
706 1703 801 1766 Vocat
821 1713 860 1778 tc,
883 1704 997 1791 inquit,
1021 1708 1164 1770 dictatura
1175 1734 1274 1782 Melias
1284 1736 1316 1782 ,a
1346 1735 1348 1740 ·

12 1795 13 1800 ’
109 1789 220 1866 Quum
258 1788 390 1874 pavidus
421 1787 483 1864 ille,
512 1791 588 1872 quid
615 1791 714 1865 uellet,
742 1805 914 1874 quaererem
954 1791 1165 1880 Serviliusque
1174 1813 1230 1847 eum
1243 1813 1313 1848 voea-

107 1897 244 1941 caussam
258 1878 418 1939 dicendam
433 1897 493 1939 esse
506 1888 706 1958 proponeret,
722 1878 901 1960 crimenque,
916 1900 936 1941 a
953 1877 1096 1942 Minucia
1114 1881 1164 1942 de·
1175 1873 1223 1912 ²¹¹¹·

106 1965 201 2025 ἰαιιιιιι
218 1964 264 2024 ad
276 1963 430 2037 Senatum,
446 1963 639 2032 diluendam·
663 1974 739 2026 tnnc
763 1961 893 2027 Maelius
915 1964 1054 2048 recipere
1078 1988 1110 2030 se
1134 1967 1164 2029 in

12 2077 13 2100 2
108 2061 266 2112 catervam
290 2068 430 2123 suorum,
452 2059 484 2111 et
499 2046 636 2130 primum
659 2047 925 2132 circumspectans
948 2052 1165 2134 tergiversari:

12 2191 13 2202 t
108 2147 282 2218 postremo,
297 2153 396 2218 quum
417 2133 579 2216 adparitor
596 2134 685 2218 jussu
709 2135 848 2220 magistri
870 2137 1010 2221 equitnm
1026 2137 1166 2214 duceret,

12 2248 13 2298 ι
107 2234 235 2304 ereptus
264 2243 284 2282 a
306 2218 592 2293 circumstantibus,
615 2217 810 2307 fugiensque,
840 2220 935 2285 fidem
964 2222 1065 2306 plebis
1100 2223 1167 2286 Ro·

12 2317 13 2326 ’
111 2328 214 2371 manre
236 2305 414 2388 inplorare:
444 2319 476 2368 et
498 2305 634 2388 obprimi
656 2327 690 2368 se
713 2326 865 2368 consensu
890 2306 1021 2370 Patrutn
1051 2308 1166 2386 dicere,

111 2393 196 2480 quod
210 2390 299 2476 plebi
312 2390 603 2474 benignefecisset:
627 2412 729 2466 orare,
746 2403 781 2454 at
804 2413 897 2476 opem
920 2393 978 2454 sibi
1003 2393 1113 2456 altimo
1134 2395 1166 2457 in
1221 2446 1225 2453 .

110 2477 294 2543 discrimine
314 2475 440 2553 ferrent,
463 2497 541 2540 neve
554 2487 628 2540 ante
642 2475 750 2540 oculos
765 2497 837 2539 suos
853 2477 1002 2541 trucidari
1016 2479 1166 2545 sinerent.

114 2564 196 2629 Haec
218 2585 293 2630 eum
308 2561 529 2627 vociferantem
552 2561 716 2625 adsecutus
738 2561 842 2627 Abala
865 2563 1014 2628 Servilius
1035 2564 1306 2636 obtenu-uectatus.

112 2663 178 2716 eat:
202 2671 428 2734 respersusque
446 2669 560 2713 cruore
574 2646 762 2724 obtruncati,
778 2649 912 2734 stipatus
926 2662 1052 2714 caterva
1070 2653 1168 2735 patri-

111 2737 234 2802 ciorum
259 2737 423 2821 juvenum,
457 2734 603 2799 dictatori
634 2735 806 2812 reaanciat,
836 2749 981 2800 vocaturn
1018 2738 1057 2800 ad
1095 2759 1167 2802 eum

114 2823 274 2898 Maelium,
304 2819 429 2906 repulso
464 2821 647 2906 adparitore
674 2821 883 2886 concitantem
921 2822 1166 2901 multitudinem,

113 2931 239 2993 paenam
254 2908 399 2972 meritam
413 2905 541 2972 babere.
585 2907 671 2970 Turn
686 2905 833 2984 dictator,
849 2908 956 2972 Macte
980 2911 1103 2990 uirtute,
1118 2910 1168 2974 in-

111 2997 188 3082 quit,
206 2997 244 3060 C.
259 2995 383 3068 serviti,
398 3004 470 3069 csta,
485 2995 618 3058 liberata
632 2993 797 3076 republica.

153 3081 231 3146 XV.
255 3077 518 3144 Tumultuaatem
533 3077 648 3143 deinde
662 3078 896 3146 multitudinem
914 3082 941 3126 ⁷⁷
951 3081 1070 3148 incerta
1084 3086 1168 3150 exis·

12 3229 13 3241 ,
113 3167 277 3232 tiaratione
290 3164 364 3230 facti
379 3167 419 3229 ad
433 3166 616 3230 concionem
633 3165 738 3228 vocari
747 3165 858 3252 jussit;
880 3181 921 3247 et,
938 3169 1079 3234 Maelium
1092 3170 1169 3254 jure

12 3254 13 3286 l
111 3275 226 3330 mmm,
249 3251 483 3336 pronunciavit,
503 3253 595 3316 etiam
616 3253 644 3314 st'
664 3253 755 3336 regni
773 3255 901 3318 crimine
922 3257 1025 3321 insons
1035 3261 1330 3342 fiterit,·rtetumae·

113 3343 164 3424 qui
182 3348 308 3404 vacante
322 3361 342 3400 a
359 3340 505 3422 utagistra
525 3339 657 3422 equitum
682 3339 727 3400 ad
746 3339 924 3404 dictatorem
945 3363 1006 3405 aaa
1027 3340 1329 3408 uenissetf‘ndi‘dlffl·

112 3427 203 3491 &aa
224 3445 361 3488 mursam
380 3425 611 3508 cagttoscendam
625 3425 811 3499 consedisse,-
827 3447 887 3511 quc
898 3431 1031 3512 cognita,
1043 3413 1219 3494 habitu-¹⁰¹·

113 3511 287 3610 rumsuissc
299 3509 439 3574 Maiiam
450 3511 574 3574 similem
586 3510 875 3594 caussasortunaat.
913 3513 980 3578 Vim
990 3524 1167 3596 parantem,

113 3619 151 3662 ae
161 3598 290 3682 judicia
302 3617 335 3660 sa
347 3597 552 3670 committeret,
567 3597 600 3659 oi
613 3597 772 3662 corradum
786 3620 857 3664 csta.
880 3619 934 3662 aec
947 3594 1011 3663 ἑιιιιι
1026 3621 1071 3673 eo,
1090 3610 1169 3665 tam·

113 3705 201 3768 quam
225 3703 291 3746 ctcm
312 3683 386 3757 cicc,
401 3683 550 3765 agendam
561 3681 687 3766 ficisset
710 3685 764 3768 qui
784 3693 874 3749 natus
893 3687 926 3748 in
940 3685 1038 3750 libera
1052 3689 1170 3770 popula
1276 3709 1279 3718 ’

115 3773 195 3835 inter
203 3767 287 3854 jura
308 3769 452 3852 legesque,
469 3789 507 3830 cc
520 3789 581 3851 qua
601 3767 674 3836 urbe
694 3790 780 3852 reges
799 3780 919 3834 tractos
938 3773 1039 3846 sciret,
1054 3775 1171 3836 cadem-

114 3878 170 3940 que
183 3876 270 3919 anno
288 3851 438 3918 78ιονονὶι
445 3853 538 3938 filias
558 3855 650 3940 regis,
665 3864 695 3917 et
708 3854 818 3919 liberas
842 3857 971 3922 caortiis
995 3857 1171 3926 liberatoris

116 4031 218 4084 ridetur,
238 4043 255 4076 a
271 4027 387 4076 dictatam
406 4035 464 4078 tuac
480 4029 629 4088 marcentia-
661 4033 772 4088 patuerat
788 4027 923 4088 antiquitus
938 4029 1086 4090 migratam
1097 4030 1172 4076 dicta·

116 4107 170 4141 rem
187 4095 220 4140 ad
230 4093 350 4154 populum
362 4105 410 4139 aaa
420 4093 501 4140 sulm.
534 4091 629 4140 'lamen
661 4099 723 4138 ture
734 4089 885 4152 majestatem
894 4093 1048 4140 imnduuere.

116 4157 189 4207 tut.
200 4171 222 4204 c.
232 4155 274 4204 δῦ.
302 4156 386 4203 Livius
400 4157 475 4204 latam
486 4169 538 4222 epte
548 4157 628 4218 legem
679 4155 725 4202 ’Π
735 4152 749 4181 '
766 4157 861 4202 Incerta
898 4157 1065 4204 eructuatum
1094 4157 1172 4224 sacti]

118 4221 271 4276 ammonuit,
291 4219 332 4266 Nc
348 4221 398 4282 patr
414 4221 487 4268 adum
502 4221 629 4284 mgistra-
662 4218 744 4273 Quum
768 4220 920 4267 dubitaretur
947 4221 1006 4281 quid
1030 4223 1061 4269 de
1087 4223 1173 4271 ahda

119 4289 166 4332 test
177 4287 228 4332 stac
234 4285 396 4346 praemiata
406 4289 501 4333 crearet
534 4285 630 4332 Verum
662 4283 727 4330 tacto
734 4279 896 4345 judicandum
907 4291 978 4334 auset.

120 4347 216 4396 ianam
232 4351 287 4410 lege
307 4347 348 4395 illa
367 4350 485 4398 uncltrun
503 4345 546 4412 jus
570 4363 632 4395 non·
695 4347 726 4396 78
742 4347 834 4395 Satoris
845 4349 910 4410 Μαι
929 4350 1005 4414 ragis]
1023 4351 1084 4400 licea
1101 4353 1174 4400 taba

121 4411 176 4460 dura
192 4425 236 4474 pra
253 4413 350 4461 armato
360 4415 446 4472 nabat,
462 4429 540 4478 acque
551 4414 630 4462 adhuc
663 4425 711 4460 nan
723 4412 846 4462 immerito
856 4415 999 4476 scrupulum
1011 4429 1108 4466 mosera
1118 4417 1175 4462 dae·

718 4485 775 4540 RS
