3056 4928
465 259 559 324 ΗΒ.
585 261 654 322 Vll.
680 261 783 324 CAP.
809 257 892 319 xxi.
1146 265 1199 318 set

140 413 189 484 ad
213 417 347 484 delubra
360 421 475 500 Vestoe,
492 421 661 507 hospitium
686 421 849 486 flaminum
865 417 1100 502 Vestaliumque
1114 417 1154 482 ab
1169 439 1201 482 se
1211 437 1240 485 u.
1251 436 1276 484 c.
1289 434 1345 484 tot.

148 519 235 570 caste
249 529 286 571 se
303 506 445 594 religiose
465 509 585 574 cultum
604 508 802 574 invocabant.
831 506 870 570 ,¹⁴
884 509 972 570 Eune
984 507 1115 582 meritos,
1136 503 1239 568 cre-¹³·
1250 499 1344 550 “i-⁸⁵⁰·

148 595 234 656 deret
249 596 415 683 quisquam,
430 597 527 660 hostes
536 606 659 680 repente
672 598 738 660 sine
747 594 988 678 caussafactos?
1011 601 1077 670 aret,
1087 593 1116 656 si
1127 592 1203 674 quid

146 679 301 743 hostiliter
302 683 462 767 fecissent,
472 685 599 746 consilio
612 684 648 745 id
661 684 767 766 magis,
780 701 869 764 quam
884 678 1023 764 1⁵fimare
1032 677 1201 761 captasse

147 767 232 842 cisse,
243 777 277 829 ut
287 788 342 829 scta
354 779 454 831 vetera
466 768 618 848 beneficia,
630 768 908 850 locataproeserlim
919 766 1004 848 apud
1012 773 1075 828 tam
1082 773 1199 848 gratos,

147 851 235 915 nivis
248 864 476 934 conrumperent
495 857 675 938 maleficiis?
686 855 908 941 florentemque
925 851 1070 934 papirium
1085 849 1201 912 Βουτα-

147 957 218 999 num
233 935 486 1018 acselr'eissimum
497 941 574 1004 bello
584 941 644 1006 sibi
654 943 838 1004 desumerent
848 939 969 1012 hostem,
984 935 1068 1020 cujus
1081 936 1203 1020 adflicti

149 1023 319 1086 amicitiam
334 1027 505 1107 cepissent?
528 1049 567 1089 ne
576 1029 769 1110 adpellerent
776 1025 941 1098 consilium,
958 1043 1025 1108 qua
1038 1023 1084 1086 nis
1098 1043 1135 1084 aa
1149 1043 1200 1086 ne·

145 1111 270 1173 cessitas
294 1112 483 1192 adpellanda
507 1122 591 1177 esset.
639 1113 842 1176 Transeuntes
863 1110 984 1194 agmine
1009 1107 1118 1191 infesto
1139 1129 1201 1188 per

146 1217 256 1280 Quem
269 1217 353 1259 suum
369 1195 613 1282 Tarquinienses,
630 1221 717 1282 quum
725 1207 842 1280 prater
854 1196 932 1260 amm
952 1196 1033 1260 silit
1042 1194 1200 1276 petissent,

146 1283 279 1345 traxisse
289 1285 431 1366 quosdam
443 1287 617 1368 agrestium,
626 1284 840 1367 populationis
850 1281 923 1364 pits,
935 1303 999 1366 qua
1008 1279 1068 1343 sibi
1077 1280 1202 1343 crimini

147 1369 246 1446 detur,
262 1370 391 1432 comites.
433 1372 509 1449 Eos,
521 1393 572 1434 seu
586 1373 658 1434 dedi
666 1373 802 1452 placeat,
816 1369 924 1432 dedere
938 1375 1106 1450 separatos
1118 1386 1198 1438 esse,-

144 1473 197 1517 seu
206 1455 357 1537 supplicio
365 1457 469 1538 ,capim
485 1457 610 1520 daturos
617 1478 736 1540 panas.
770 1454 795 1493 ¹⁶
806 1455 900 1530 Care,
911 1453 1080 1518 sacrarium
1091 1451 1202 1534 populi

147 1539 293 1615 Romani,
318 1543 517 1605 deversorium
537 1545 731 1618 sacerdotum,
747 1565 784 1604 ae
807 1541 1023 1622 receptaculum
1044 1539 1200 1602 Meuana-

146 1647 211 1688 rum
226 1647 391 1704 sacrorum,
407 1630 551 1692 intactum
576 1631 811 1711 inuiolatumque
824 1626 951 1690 crimine
970 1625 1051 1701 belli,
1067 1625 1200 1706 hospitio

152 1711 316 1775 Vestalium
331 1715 477 1798 mitisque
492 1716 569 1790 Diis
584 1717 704 1778 darent.
749 1712 854 1778 Movit
867 1711 1020 1798 populum
1045 1732 1107 1774 non
1136 1726 1197 1774 tant

144 1819 256 1861 caussa
271 1820 419 1883 praesens,
435 1821 530 1885 quam
544 1817 633 1864 vetus
649 1801 805 1876 meritum,
822 1811 856 1862 ut
866 1795 1024 1874 maleficii,
1060 1818 1132 1860 uam
1146 1795 1201 1860 be-

145 1883 261 1964 melicii,
284 1885 387 1966 potius
402 1884 589 1951 inmemores
604 1899 716 1951 essent.
761 1886 872 1970 ltaque
887 1907 948 1970 pax
967 1819 1086 1969 popilio
1099 1883 1197 1948 Caeri-
1208 1904 1294 1952 secem
1304 1903 1351 1950 im·

144 1971 170 2033 ti
185 1971 267 2046 data,
284 1970 487 2058 induciasque
501 1973 534 2036 in
550 1986 674 2038 eentum
698 1995 798 2036 annos
820 1971 916 2036 iactas
942 1971 974 2034 in
998 1973 1312 2034 senatuscon-Pttmt·

144 2056 263 2121 snitum
281 2056 389 2122 referri
403 2058 532 2142 placuit.
577 2058 615 2123 In
635 2059 783 2135 Faliscos,
799 2058 908 2123 eodem
925 2056 1040 2122 noxios
1055 2056 1197 2133 crimine,
1208 2069 1360 2116 nuncuba-

144 2143 190 2206 vis
214 2142 288 2206 belli
310 2165 460 2209 conversa
473 2161 536 2209 est:
560 2144 615 2208 sed
628 2145 734 2210 hostes
751 2165 902 2230 nusquam
918 2143 1048 2206 inuenti.
1091 2135 1259 2210 Quumbm
1271 2135 1334 2182 ³⁰¹⁸·

144 2228 351 2314 populatione
364 2231 523 2315 peragrati
540 2231 616 2295 lines
638 2243 748 2307 essent,
767 2230 808 2294 ab
822 2231 1057 2328 obpugnatione
1072 2227 1198 2294 urbium
1207 2205 1270 2282 tum.

144 2327 372 2400 temperatum:
397 2315 636 2405 legionibusque
653 2317 789 2382 Romam
809 2315 955 2392 reductis,
972 2313 1028 2377 reli
1052 2335 1127 2378 uum
1143 2335 1198 2378 an-

144 2403 178 2464 ni
193 2402 292 2466 muris
313 2403 515 2490 turribusque
529 2403 706 2468 reficiendis
728 2414 937 2478 consumtum,
954 2413 986 2464 et
999 2336 1084 2464 eles
1100 2394 1200 2483 Apol·

142 2486 215 2550 linis
230 2487 374 2554 dedicata
387 2503 443 2554 est.

187 2574 279 2639 XXI.
306 2575 458 2641 Extremo
483 2599 568 2642 anno
594 2577 722 2643 comitia
747 2575 924 2642 consularia
953 2588 1110 2641 certamen
1139 2576 1199 2641 Pa·
1208 2583 1340 2634 encomia

143 2673 229 2724 trum
250 2683 287 2726 ac
302 2660 403 2746 plebis
416 2663 554 2742 diremit,
572 2665 705 2728 tribunis
720 2663 908 2746 negantibus
930 2684 1077 2747 passuros
1099 2651 1237 2760 comi-{¹1}
1247 2651 1359 2762 effi*

142 2745 323 2826 tiahaberi,
339 2749 558 2814 nisecundnm
583 2749 1078 2837 Liciniamlegemhsberentu13
1100 2749 1200 2814 dicta·
1247 2729 1286 2776 μ
1325 2728 1348 2762 ⁰’

143 2847 215 2897 tore
229 2833 389 2900 obstinato
405 2836 514 2900 tollere
532 2837 637 2922 potius
653 2849 753 2902 totum
774 2861 792 2900 e
811 2834 973 2920 republica
987 2835 1200 2916 consulatum,

143 2941 239 3004 quam
264 2922 479 3006 promiscuum
507 2921 654 2988 Patribus
677 2945 713 2988 ac
739 2922 825 3008 plebi
844 2921 954 2988 iacere.
1000 2921 1199 2987 Prolatandis

142 3005 242 3091 igitur
264 3009 397 3072 comitiis
412 3030 510 3093 quum
525 3009 659 3074 dictator
670 3011 854 3096 magistratu
877 3009 1000 3083 abisset,
1022 3030 1071 3072 res
1090 3009 1130 3072 ad
1151 3009 1200 3072 in·

142 3109 323 3178 terregnum
339 3095 442 3157 rediit.
488 3094 638 3160 lnlestam
659 3097 731 3159 inde
754 3095 903 3160 Patribus
922 3094 1046 3178 plebem
1071 3095 1199 3160 interre-

164 3201 197 3243 es
212 3199 310 3263 quum
326 3180 527 3265 accepissent,
545 3181 584 3246 ad
607 3181 806 3246 undecimum
828 3181 1015 3268 interregem
1038 3180 1199 3246 seditioni-

141 3201 202 3329 bus
215 3279 369 3330 certatum
385 3280 441 3330 est.
487 3267 582 3354 Legis
599 3267 732 3331 Liciniae
748 3267 956 3352 patrocinium
969 3267 1087 3333 tribuni
1097 3269 1210 3353 jactu·¹

142 3351 230 3418 bant.
277 3352 414 3436 Piopior
441 3352 533 3416 dolor
561 3353 645 3438 plebi
674 3351 804 3416 loenoris
835 3353 867 3416 in
893 3353 1079 3418 rarescentis
1110 3367 1195 3418 erat:

143 3437 168 3482 ¹⁷
179 3460 329 3524 curaeque
354 3439 485 3524 privatae
512 3441 544 3502 in
574 3438 796 3504 certaminibus
817 3376 953 3522 poilicis
979 3439 1197 3526 erumpebant.

142 3525 291 3601 Quorum
308 3526 404 3589 taedio
426 3521 536 3590 Patres
558 3526 597 3590 L.
614 3525 797 3590 Cornelium
815 3525 994 3610 Scipionem
1009 3524 1197 3610 interregem

142 3609 323 3678 concordia
335 3632 447 3675 caussa
458 3611 623 3676 observare
643 3611 743 3698 legem
761 3611 917 3675 Liciniam
933 3609 1069 3674 comitiis
1084 3631 1197 3675 consu·

174 3833 206 3883 14
221 3835 402 3900 Eancrneritae]
419 3837 458 3884 An
477 3838 573 3884 credere
586 3839 652 3899 qnis-
683 3850 737 3884 esui
748 3835 858 3882 habendo
870 3831 994 3879 innoxiam
1013 3831 1044 3877 ab
1062 3829 1123 3876 illati
1141 3829 1197 3876 belli

137 3913 211 3962 qum
223 3903 417 3960 missosqui
436 3910 488 3948 tam
506 3903 600 3962 insigne
609 3903 651 3950 be.
683 3901 792 3948 cdmiue.
959 3947 960 3950 Ἴ

138 3965 251 4013 aeficium
279 3965 304 4010 iu
333 3966 455 4012 Romanos
483 3967 650 4021 contulissent,
716 3959 1002 4023 lt·cmoe..prtmm]
1015 3955 1195 4026 curaeetdolo·

138 4031 220 4077 hostes
231 4034 330 4088 repente
341 4029 392 4076 sine
403 4031 581 4078 cansafuctosi
682 4043 719 4076 res
739 4031 769 4076 de
790 4028 890 4089 privatis
909 4023 1067 4072 incommodis
1085 4034 1197 4081 erumpe·
1219 4079 1222 4092 Ι

170 4093 201 4141 15
217 4092 321 4154 Furore]
339 4094 420 4152 Captis
431 4101 455 4140 et
466 4095 575 4142 alienatis
583 4109 650 4144 rnen·
682 4097 741 4140 bunt
762 4093 787 4139 in
812 4087 984 4139 certaminibus
1010 4090 1040 4134 de
1067 4087 1196 4146 republica·
1242 4087 1246 4098 '

138 4160 209 4205 libii&
683 4157 778 4216 Nempe
794 4158 849 4203 odia
863 4155 1010 4215 plebeiorum
1024 4149 1139 4198 sdversms
1154 4163 1197 4209 ps-

172 4223 203 4270 16
221 4223 319 4271 Cere..
331 4253 338 4267 .
349 4223 509 4272 mmmmm..
520 4253 526 4268 .
539 4220 651 4270 .'criminc
683 4223 764 4268 tricia
779 4221 909 4275 acerbiora,
919 4225 991 4277 atque
1005 4217 1068 4272 adeo
1084 4213 1197 4262 censuri·

139 4283 307 4348 &binomine
326 4287 582 4352 restalium..darrntl
600 4288 652 4333 Sal·
684 4301 716 4334 ns
745 4285 903 4346 pervicaciam
935 4281 1059 4353 iaciebant·
1087 4280 1196 4339 privata,

139 4363 194 4396 vam
206 4358 348 4412 praeessent
361 4351 476 4399 Caeritum
488 4351 610 4398 civitatem
628 4353 652 4398 in
664 4373 673 4382 ·
684 4365 744 4412 ques
754 4352 785 4398 ab
796 4350 843 4396 illis
854 4347 1015 4408 patiebantur,
1026 4345 1130 4407 injurie.

139 4415 241 4473 matium
270 4416 364 4476 ,arabia
391 4416 520 4465 vestalibus
547 4417 652 4475 hospitii,
1092 4415 1094 4421 '

726 4489 813 4543 seb
