3034 4916
345 209 404 264 sn
739 165 850 262 riri
875 198 1015 261 nrvrr

190 387 324 440 metm.
348 381 468 434 structa
492 365 582 432 acies.
628 365 758 431 Clamor
782 367 921 452 primurn
948 365 981 430 in
1007 367 1118 450 statiua
1153 361 1304 450 perlatus,
1335 363 1404 428 dein

191 459 221 502 Α·
233 453 327 503 63οᾰ
350 467 535 541 conspectus
550 452 660 538 procul
676 451 789 536 pulvis,
804 452 977 518 tumultum
991 451 1077 538 apud
1096 450 1229 516 alterum
1245 451 1404 515 consulem

351 544 383 607 in
404 542 513 606 castris
527 539 608 605 lecit
631 541 728 640 isque,
744 538 909 603 confestim
924 561 1013 603 arma
1027 559 1139 624 capere
1154 537 1261 622 jussis,
1275 539 1405 622 raptim·

352 651 413 715 que
435 625 556 692 eductis
571 627 604 690 in
627 646 725 690 acrem
740 624 902 704 militibus,
919 637 1125 689 transversam
1142 623 1281 688 hostium
1298 623 1406 703 aciem,

352 728 446 802 atque
470 713 532 777 alio
556 712 727 776 certamine
753 724 949 797 occupatam,
972 711 1108 786 invadit;
1131 711 1306 786 clamitans,
1331 731 1405 775 sum·

351 823 428 866 mum
439 801 602 889 flagitium
613 801 701 884 sore,
716 801 745 861 ai
759 801 888 862 choum
910 801 1072 862 exercitium
1093 800 1249 881 utrimque
1271 800 1406 861 victorie

351 897 511 970 compotem
532 887 667 950 sinerent
674 886 766 968 fieri,
782 905 835 948 uec
848 886 998 948 adserui
1010 884 1083 948 belli
1095 886 1289 948 uindicarent
1312 885 1404 946 deme.

190 975 256 1022 vicu
267 975 334 1023 ⁸⁸¹⁰·
352 972 428 1049 Qua
447 974 587 1057 inpetum
603 969 743 1048 dederat,
759 970 937 1054 perrumpit
944 993 953 1045 ;
976 971 1137 1056 aciemque
1153 991 1207 1054 per
1221 969 1404 1034 mediamin

189 1041 260 1087 ''¹²⁸''
351 1073 454 1125 castra
476 1059 611 1122 bostium
629 1056 739 1134 tendit,
756 1071 787 1120 et
804 1079 900 1122 vacua
921 1055 1136 1120 defensoribus
1150 1054 1235 1140 capit
1249 1069 1348 1142 atque
1361 1057 1403 1118 in-

351 1143 467 1210 cendit.
512 1143 595 1220 Qua
611 1143 666 1207 ubi
686 1143 851 1230 flagrantia
872 1141 1056 1206 Marcianus
1078 1142 1164 1206 miles
1185 1143 1361 1226 conspexit,
1377 1153 1405 1205 et

352 1231 458 1296 hostes
476 1251 648 1316 respexere,
664 1244 731 1293 turn
756 1231 869 1315 passim
891 1228 967 1316 fuga
987 1241 1092 1314 coepta
1114 1229 1306 1293 Samnitium
1328 1227 1404 1291 fieri.

290 1349 293 1358 ·
352 1317 406 1383 sed
421 1319 527 1381 omnia
542 1316 665 1380 obtinet
678 1317 787 1392 caedes,
801 1337 859 1379 nec
874 1315 905 1378 in
929 1313 1023 1378 ullam
1038 1331 1157 1399 partem
1174 1330 1278 1378 tulum
1301 1313 1404 1399 perfu-

350 1406 439 1493 gium
464 1416 520 1468 est.
563 1401 646 1480 Jam,
674 1402 804 1490 triginta
828 1400 965 1465 millibus
990 1399 1128 1464 hostiurn
1155 1403 1253 1476 caesis,
1281 1403 1403 1486 signum

350 1490 492 1574 receptui
508 1488 651 1552 consules
669 1488 832 1565 dederant,
848 1487 1110 1574 conligebantque
1125 1490 1156 1550 in
1175 1508 1271 1551 unum
1289 1488 1403 1572 copias,

349 1576 384 1662 in
402 1577 498 1642 vioern
517 1576 599 1638 inter
616 1597 649 1638 se
662 1588 837 1662 gratantes:
861 1595 958 1660 quum
974 1588 1103 1659 repente
1117 1575 1191 1638 visre
1204 1573 1320 1657 procul
1337 1573 1404 1637 hos-

350 1663 428 1728 tium
445 1684 537 1729 uovae
552 1660 706 1737 cohortes,
723 1683 795 1746 quar
814 1661 844 1724 in
862 1660 1114 1745 supplementum
1130 1661 1256 1744 scriptae
1270 1659 1403 1736 fucrant,

349 1747 545 1835 integravere
560 1749 688 1812 caedem.
704 1748 837 1832 inques,
861 1768 919 1812 nec
934 1747 1023 1834 jussu
1038 1749 1214 1824 consulum,
1236 1767 1297 1811 nec
1318 1748 1405 1834 signo

350 1849 490 1920 accepto,
506 1836 639 1898 victores
656 1833 792 1908 vaduam
815 1835 895 1897 malo
916 1835 1061 1898 tirocinio
1083 1834 1262 1896 inbuendum
1285 1834 1404 1899 Samni-

349 1933 419 1998 tm,
439 1920 644 1985 clamitantes.
688 1918 860 2006 Indulgent
881 1918 1024 1984 consules
1045 1919 1205 2002 legionum
1227 1919 1347 1996 ardori,
1373 1931 1405 1983 ut

372 2007 405 2070 ui
425 2006 526 2092 probe
547 2005 671 2082 scirent,
688 2024 806 2069 novum
827 2004 958 2070 militem
981 2004 1118 2070 hostium
1141 2006 1223 2070 iuter
1244 2007 1404 2090 perculsos

349 2029 425 2178 iuga
440 2105 602 2157 veteranos
616 2113 654 2154 ne
669 2091 820 2156 tentando
831 2091 957 2176 quidem
974 2092 1048 2156 satis
1062 2091 1226 2156 certamini
1238 2093 1314 2156 lore.
1338 2093 1405 2158 Nec

349 2199 403 2243 eos
428 2178 536 2263 opinio
554 2175 671 2242 fefellit.
693 2199 801 2243 omnes
826 2177 1016 2244 Samnitium
1031 2177 1141 2264 copiae,
1165 2193 1285 2242 veteres
1303 2201 1403 2242 trorae·

349 2287 422 2352 que,
437 2279 560 2329 montes
572 2263 736 2349 proximos
755 2264 830 2364 lisga
848 2265 988 2350 capiunt.
1003 2287 1042 2329 eo
1062 2281 1092 2328 et
1113 2265 1260 2329 Romana
1274 2265 1405 2350 erigitur

349 2351 449 2428 aciea3
471 2350 720 2437 necquidquam
744 2367 819 2415 satra
842 2353 903 2415 tuti
926 2350 987 2414 loci
1008 2351 1099 2416 victis
1117 2366 1181 2426 est3
1203 2351 1290 2416 etde
1308 2353 1403 2437 jugis,

348 2459 422 2524 quae
437 2450 595 2523 ceperant,
616 2435 810 2501 funduntur:
829 2437 959 2524 jamque
982 2460 1044 2504 una
1065 2459 1142 2502 voce
1163 2458 1273 2501 omnes
1296 2460 1405 2522 pacem

348 2522 507 2608 petebant.
552 2523 649 2601 Turn,
666 2524 762 2588 trium
779 2523 931 2587 mensium
946 2527 1108 2588 frumento
1121 2524 1290 2608 imperato,
1305 2538 1338 2588 et
1353 2547 1405 2588 an-

349 2630 414 2673 nuo
435 2609 603 2696 stipendio,
624 2631 661 2673 ac
683 2608 816 2698 singulis
841 2611 875 2672 in
898 2609 1028 2675 militem
1050 2611 1172 2687 tunicis,
1196 2611 1236 2674 ud
1260 2623 1406 2674 senatum

347 2695 435 2782 pacis
456 2709 598 2760 oratores
613 2696 711 2760 missi.
756 2695 922 2760 Cornelius
936 2696 968 2759 in
987 2696 1117 2761 Samnio
1131 2695 1269 2762 relictus.
1316 2700 1406 2762 Mar-

342 2781 415 2845 cius
436 2782 477 2846 de
504 2781 654 2846 Hernicis
680 2781 878 2868 triumphans
905 2783 936 2844 in
964 2785 1073 2846 urbem
1101 2783 1210 2858 rediitr
1239 2795 1407 2869 statuaque

347 2867 500 2954 equestris
523 2869 555 2932 in
576 2867 647 2932 forn
666 2867 793 2932 decreta
814 2883 871 2944 cst,
894 2891 965 2955 quae
987 2882 1060 2934 ante
1085 2868 1237 2954 templum
1263 2869 1406 2934 Castoris

347 2953 451 3034 posita
464 2967 520 3018 est
566 2953 781 3018 Hernicorum
797 2953 897 3019 tribus
916 2955 1053 3039 populis,
1075 2955 1253 3030 Aletrinati,
1270 2955 1407 3020 Verula-

346 3059 400 3117 no,
427 3039 631 3110 Ferentinati.
645 3039 755 3126 81quia
775 3039 964 3120 maluerunt,
979 3062 1074 3127 quam
1089 3042 1259 3116 civitatem,
1271 3063 1340 3105 euae
1364 3045 1407 3106 le·

345 3147 401 3212 ges
422 3125 572 3190 redditae:
595 3125 852 3213 connubiumque
875 3126 958 3192 inter
979 3127 1073 3211 ipsos,
1097 3127 1184 3214 quod
1208 3126 1406 3213 aliquamdiu

345 3211 402 3275 soli
429 3209 660 3277 Hernicorum¹
682 3209 871 3291 habuerunt,
888 3214 1083 3298 permissum.
1128 3214 1318 3300 Anagninis,
1336 3217 1406 3301 qui·

370 3321 408 3363 ue
422 3320 512 3363 arma
534 3299 688 3362 Romanis
709 3299 891 3378 intulerant,
911 3301 1019 3364 ciritae
1038 3300 1105 3363 sine
1125 3299 1266 3400 suffragii
1289 3302 1406 3366 latione

343 3319 437 3449 data:
464 3383 599 3448 concilia
628 3384 849 3472 connubiaque
880 3385 1024 3450 ademta:
1055 3385 1127 3451 8²et
1155 3389 1403 3471 magistratibus,

343 3484 554 3556 praeterquam
567 3492 726 3535 sacrorum
739 3473 911 3547 curatione,
925 3471 1137 3536 interdictum.
1182 3472 1307 3537 Eodem
1320 3496 1406 3538 anno

343 3556 428 3620 oedea
445 3557 561 3621 Salutis
584 3579 603 3619 a
624 3556 663 3622 C.
683 3557 781 3620 lunio
805 3557 951 3622 Bubulco
969 3579 1099 3622 censore
1121 3560 1222 3622 locata
1232 3573 1291 3636 est,
1307 3583 1403 3645 quarn

342 3642 453 3708 consul
476 3640 559 3706 bello
583 3643 774 3706 Samnitium
795 3661 933 3708 voverat.
956 3645 1120 3708 abeodem
1137 3645 1323 3732 collegaque
1337 3649 1405 3730 ejus

344 3727 392 3794 M.
411 3727 538 3793 Valerio
561 3727 709 3792 Maximo
730 3727 790 3792 viae
812 3751 869 3814 per
890 3751 983 3818 agros
1004 3729 1131 3816 publica
1153 3730 1287 3816 inpensa
1301 3732 1405 3798 litctae.
1445 3755 1450 3768 ⁸

664 3887 672 3928 ¹
688 3897 846 3946 Hernicorum
857 3899 900 3946 mli
910 3900 986 3946 Gran.
999 3901 1069 3947 Crev-

371 4037 495 4096 Sl⁶0ulo
518 4043 651 4092 maluerunt
676 4057 746 4104 quam
771 4045 853 4094 ciuita-
885 4047 950 4106 apud
971 4045 1112 4108 Anagnino·
1137 4052 1258 4108 gererent,
1281 4060 1313 4094 nc
1335 4048 1407 4108 quid·

339 4100 397 4164 um]
414 4104 477 4158 Quia
493 4106 543 4152 auia
559 4107 653 4166 legibue
664 4107 745 4154 vivere
761 4111 853 4157 malue-
885 4122 960 4170 quam
972 4111 1062 4171 negotii
1082 4111 1171 4170 publici
1187 4117 1298 4172 agerent.
1316 4121 1407 4173 prater

338 4171 566 4226 suntquamcivee
576 4171 750 4218 nemausen
884 4187 1008 4222 sacrorum
1030 4175 1189 4223 curationem.
1229 4175 1269 4222 lta
1291 4175 1407 4238 Anagnia

370 4229 401 4277 82
429 4229 462 4277 Et
488 4235 672 4294 magistratibus,
696 4241 850 4300 preterquam
883 4239 909 4284 in
928 4239 1034 4285 sormam
1053 4239 1104 4286 lere
1125 4241 1277 4298 prefectum
1300 4243 1407 4288 redacta.

336 4305 456 4367 fuerumt
481 4299 607 4353 curatione,
629 4299 789 4365 interdictum]
818 4303 851 4350 Et
883 4301 1084 4362 Depreteetmtr
1093 4303 1201 4352 dixbntm
1218 4303 1250 4353 nd
1268 4319 1289 4352 t·
1307 4305 1350 4358 20.
1364 4317 1407 4350 ru·

336 4359 491 4405 rnterdictum
514 4368 551 4406 eet
572 4363 602 4410 lla
619 4365 660 4422 qui
680 4366 850 4424 magistratum
883 4379 935 4425 pn·
