2978 4918
374 173 431 236 146
695 225 700 234 .
749 171 1038 238 ‚T1T1L1v11

212 351 348 405 unam
374 348 516 406 renatum
543 336 687 402 consules
713 335 841 406 habeat.
873 335 928 402 nbi
957 356 1055 422 quum
1084 333 1179 398 timor
1202 346 1293 420 atque
1315 333 1360 398 irs
1379 332 1406 396 in

209 417 346 468 ΝΜ·
374 428 473 490 vicem
496 425 665 490 sententias
680 424 868 500 variasseot3
891 445 954 510 quo
976 421 1088 508 magis,
1106 419 1208 505 spatio
1229 419 1405 505 interposito,

373 512 399 552 '⁵
409 513 449 576 ab
460 512 568 596 inpetu
584 509 624 574 nd
636 510 877 575 consultandum
889 509 1134 584 advocabantur,
1145 529 1183 571 eo
1193 505 1262 592 plur
1276 505 1408 570 abborre-

373 599 450 662 bnat
465 621 484 660 a
498 597 670 662 certatione
684 597 792 660 animi.
822 597 902 660 arleo
925 611 958 660 ut
974 594 1127 671 Quinctio
1149 593 1264 680 gratias
1284 599 1408 678 agerent,

334 753 343 766 “
372 683 458 836 llll
471 679 1167 853 tttt.⁰t⁰.tt.ltlt²tlt}{tlt?⁸.{t..tl
1180 678 1411 851 {tltttlt

1167 813 1177 843 9

372 852 511 923 concordi
531 857 648 922 ciuitate
667 867 788 938 posset'.
813 855 898 920 Dum
914 855 1022 920 tribuni
1043 853 1230 938 consulesque
1244 853 1285 916 ad
1298 873 1329 914 se
1342 850 1409 928 arris-

372 965 429 1029 que
443 943 543 1007 omnia
559 943 704 1020 tralrunv,
720 941 797 1006 nibiI
808 943 944 1006 relictam
958 960 1022 1004 esse
1037 941 1140 1004 uirium
1154 940 1185 1004 ia
1199 939 1311 1004 media:
1331 936 1412 998 ’ldis-

371 1037 503 1094 tructam
515 1029 740 1114 laceratamque
753 1028 962 1109 rempublicam
976 1028 1088 1112 magis,
1097 1047 1220 1110 qaorum
1235 1027 1266 1090 ia
1280 1045 1364 1088 manu
1373 1023 1413 1096 sit,

370 1137 461 1200 quum
484 1126 516 1179 ut
540 1115 697 1179 incolumis
720 1115 767 1187 sit,
795 1115 896 1198 queri.
938 1113 1061 1198 Appius
1084 1124 1198 1176 contra
1224 1111 1325 1176 testari
1342 1109 1415 1174 Deos

370 1211 461 1286 atque
475 1201 618 1277 horiones,
626 1201 845 1284 ,rempublicam
865 1200 955 1282 prodi
977 1221 1030 1280 per
1053 1208 1163 1261 metum
1186 1219 1224 1262 aa
1237 1195 1339 1262 deseri.
1366 1215 1415 1257 nan

370 1288 521 1368 censalem
534 1288 662 1366 renotat,
676 1290 729 1351 sed
748 1297 884 1350 senatum
899 1286 1009 1350 rannrli
1022 1285 1132 1349 deesse.
1161 1285 1317 1368 grauiores
1331 1279 1416 1360 accipi

370 1375 460 1460 leges,
476 1397 566 1458 quam
581 1375 612 1438 in
626 1375 719 1440 Sacro
734 1383 831 1436 monte
844 1381 973 1454 aereptoe
990 1371 1058 1436 sint.
1103 1370 1217 1437 Victus
1240 1383 1341 1434 tamen
1365 1365 1416 1431 Pr·

370 1472 457 1524 trum
472 1482 625 1524 consensu
641 1460 768 1546 quievit.
791 1460 842 1521 lex
858 1457 981 1522 silentio
995 1455 1162 1542 perfertur.

377 1589 381 1598 «
416 1545 544 1610 LVIII.
565 1547 649 1610 Turn
662 1545 799 1630 primurn
812 1544 937 1609 tributis
948 1544 1084 1609 comitiis
1096 1545 1193 1608 creati
1212 1541 1417 1608 tribunisunt:

371 1631 540 1696 ¹inumero
563 1633 656 1696 etiam
679 1631 810 1705 addito‘,
834 1646 905 1706 tres,
929 1629 1061 1716 perinde
1082 1653 1119 1694 nc
1140 1629 1209 1694 dno
1231 1622 1417 1694 artusartus

372 1718 448 1798 rInt,
468 1718 543 1783 Piso
564 1729 675 1782 auctor
697 1731 752 1782 est.
796 1716 949 1782 Nominat
971 1739 1098 1803 quoque
1120 1715 1281 1794 tribunos,
1298 1714 1336 1780 c.
1353 1711 1420 1776 Sici·

371 1804 472 1882 nium,
490 1804 531 1870 L.
547 1804 774 1876 Numitoriam,
792 1801 840 1866 M.
857 1801 1013 1878 Duilium,
1031 1803 1087 1886 Sp.
1105 1801 1246 1880 Icilium,
1263 1801 1304 1866 L.
1320 1797 1420 1864 Moci·

369 1889 459 1954 lium.
503 1889 652 1954 Volscum
678 1889 913 1976 AEqnicumque
934 1889 1017 1954 iuter
1042 1888 1232 1953 seditionem
1256 1888 1421 1953 Romanam

369 1976 555 2042 est-bellum
579 1989 734 2040 coortum.
764 1987 963 2040 vastaverant
987 1997 1089 2064 agros,
1108 1989 1152 2052 ut,
1169 1975 1197 2038 si
1213 1998 1279 2062 qua
1300 1971 1421 2037 secessio

368 2062 471 2147 plebis
494 2063 593 2140 ficret,
610 2062 652 2127 ad
674 2085 708 2128 se
729 2076 890 2146 receptum
912 2060 1054 2126 haberet.
1099 2059 1300 2146 Compositis
1321 2053 1424 2124 delude

369 2149 474 2227 rebus,
491 2166 593 2213 castra
615 2163 700 2213 retra
723 2170 859 2212 movere.
904 2147 968 2232 Ap.
987 2145 1139 2212 Claudius
1162 2149 1196 2210 in
1214 2147 1346 2212 Volscos
1362 2143 1424 2206 mis·

368 2257 432 2300 sus.
478 2235 631 2313 Quinctio
651 2233 750 2322 AEqui
772 2234 937 2320 provincia
959 2235 1071 2299 evenit.
1117 2233 1245 2298 Eadem
1268 2233 1302 2298 in
1324 2228 1424 2294 militia

368 2322 488 2388 saevitia
503 2323 613 2408 Appii,
629 2344 702 2408 quae
723 2321 821 2398 domi
838 2335 926 2385 esse¹
940 2319 1081 2399 liberior,
1096 2320 1184 2406 quod
1207 2321 1280 2384 siae
1301 2315 1425 2384 tribuni·

334 2471 335 2477 ,
369 2409 425 2482 ciis
441 2411 574 2474 vinculis
589 2422 665 2474 erat.
710 2407 824 2473 Odisse
845 2405 969 2492 plebem
992 2405 1062 2490 plus
1077 2427 1172 2492 quarn
1191 2422 1331 2492 paterno
1345 2402 1425 2468 odio:

368 2498 542 2561 revictum
564 2495 605 2560 ab
627 2519 681 2560 en:
705 2517 738 2559 se
751 2493 881 2558 ”unico
903 2491 1031 2556 consule
1053 2492 1181 2578 objecto
1205 2493 1359 2557 adversus
1381 2487 1428 2551 tri·

367 2581 527 2648 boniciem
552 2593 749 2667 potestatem,
774 2579 927 2666 perlatam
949 2577 1053 2665 legem
1075 2601 1158 2655 esse3
1190 2602 1290 2666 quam
1316 2577 1428 2642 minare

368 2684 495 2746 conatu,
513 2689 717 2754 ¹nequequam
741 2679 829 2730 tanta
853 2665 983 2728 Putrem
1008 2685 1073 2750 spe,
1096 2667 1222 2750 priores
1243 2661 1431 2752 inpedierim

367 2755 521 2819 consules.
569 2755 652 2816 Haec
666 2753 714 2814 ira
736 2750 972 2838 indignatioque
987 2749 1121 2814 ferocem
1135 2752 1288 2816 anImum
1306 2750 1346 2816 nd
1362 2767 1431 2828 vexf

367 2839 485 2903 andum
502 2859 587 2902 saevo
601 2839 735 2922 imperio
757 2838 935 2901 exercitum
958 2835 1148 2904 stimulabat.
1172 2861 1239 2904 nec
1254 2839 1323 2904 ulla
1336 2835 1367 2902 vi
1382 2833 1433 2898 do·

367 2925 447 2990 mari
461 2924 629 3011 ”poteret
659 2935 782 2988 tanturn
803 2938 962 2987 certamen
981 2924 1095 2989 animis
1109 2923 1313 2991 inhiberent.
1360 2923 1430 3006 Seg-

399 3102 505 3159 rqmara
516 3097 541 3144 in
552 3097 656 3145 concordi
666 3098 758 3144 cirritate
768 3111 814 3145 erae
819 3101 898 3160 parret
908 3101 982 3148 Gron.
995 3099 1066 3148 Creu.
1118 3099 1242 3147 'uanam
1255 3101 1326 3149 nau
1380 3095 1433 3142 ‘tl-

367 3163 510 3210 dttor-aatc
521 3162 589 3209 Cres.
655 3165 669 3194 ²
677 3167 730 3210 ante
741 3163 816 3211 Gran.
881 3164 895 3193 ¹
905 3177 969 3220 cerr,-
985 3177 1011 3211 aa
1020 3163 1113 3226 libatur
1124 3165 1201 3230 Gran.
1213 3165 1291 3214 Cres.

398 3308 495 3359 emo
506 3311 592 3370 impete
609 3308 639 3356 ad
655 3309 827 3356 ranarltanrlum
840 3310 881 3357 ad·
913 3311 1009 3360 Terent
1030 3313 1134 3374 Adelph.
1150 3313 1208 3360 Aet.
1227 3314 1265 3364 V.
1281 3329 1316 3362 sc.
1335 3313 1359 3361 4.
1375 3311 1437 3360 r'llsn

365 3373 513 3436 mmbantar]
557 3374 662 3422 Fervida
695 3375 786 3421 Irarum
819 3381 881 3422 aaa
914 3382 940 3424 ut
959 3379 1025 3424 alsat
1041 3381 1136 3436 aptant.-
1154 3384 1178 3423 et
1196 3379 1266 3427 Hee.
1280 3381 1333 3429 111.
1345 3379 1370 3427 6.
1385 3375 1437 3424 oa·

364 3441 482 3500 paularim
495 3439 624 3498 residente,
635 3441 666 3486 ad
682 3453 735 3485 rem
752 3441 882 3500 tranquillo
913 3456 964 3489 aem
975 3457 1025 3490 rem
1035 3444 1082 3488 erlo
1093 3447 1119 3488 ut
1129 3445 1162 3489 err
1171 3449 1256 3503 gesta.

364 3511 390 3550 et
400 3505 482 3550 sedato
498 3503 581 3550 noima
594 3504 769 3565 inspiciendam
785 3504 881 3551 inritati
945 3506 976 3555 28
993 3507 1102 3553 Numero
1135 3509 1213 3555 etlam
1253 3511 1351 3558 additas
1385 3503 1438 3566 tres}

364 3570 506 3616 transiliant.
914 3571 1000 3632 Scriptl
1023 3573 1159 3632 complures
1181 3579 1210 3619 et
1232 3582 1298 3622 vett.
1320 3574 1381 3622 editi
1402 3573 1441 3617 ha·

398 3632 610 3695 warrantum]
630 3633 669 3681 Ne
687 3631 805 3696 majorem
823 3647 880 3680 coo·
912 3637 971 3683 beot
991 3635 1086 3684 additur
1110 3638 1175 3696 qnod
1199 3639 1252 3685 etsi
1276 3641 1374 3702 placuit
1394 3636 1444 3684 lac.

364 3699 470 3745 solerem
483 3693 635 3758 majestatem
652 3711 703 3745 esse
715 3700 794 3753 veltet,
805 3711 879 3758 quam
912 3701 1044 3757 Gronovia,
1059 3714 1112 3760 nas,
1126 3705 1259 3762 quamodo
1276 3714 1347 3753 stare
1362 3701 1443 3764 pouit,

364 3769 518 3824 aaronem
534 3769 614 3822 posset
630 3764 696 3809 salvs
706 3763 810 3810 ciuitatis
822 3777 880 3810 can·
911 3766 1091 3812 nonridemur.
1255 3769 1260 3776 '

364 3827 452 3874 cordia.
944 3829 975 3878 te
995 3829 1069 3876 Ualen
1087 3829 1187 3892 macele]
1228 3833 1318 3889 Quem
1349 3839 1445 3881 reantur

397 3890 604 3938 events-aeram
629 3891 797 3950 laceratamque
818 3905 878 3940 rem·
911 3895 1036 3941 consulem
1069 3895 1174 3954 feriaret,
1205 3901 1339 3960 tanquam
1370 3907 1445 3944 unum

359 3955 478 4034 publicam
497 3957 577 4032 magle
598 3969 694 4016 quaram
715 3957 738 4002 tu
756 3969 828 4004 maan
846 3959 880 4005 rr't
911 3959 1018 4005 maxiano
1030 3959 1144 4006 idoneam
1161 3959 1194 4005 nd
1212 3950 1393 4012 relaudandus
1405 3959 1446 4006 ui·

362 4019 879 4142 ratttt¹ln²⁸t⁰ztttm⁰ttttt
911 4023 1220 4150 bilustro...
1245 4093 1363 4151 pm...
1386 4093 1448 4152 ,a

362 4159 460 4208 promus
479 4149 547 4208 quasi
566 4150 683 4209 scriptum
703 4155 780 4196 essetf
804 4152 880 4210 quaeri
912 4156 975 4207 rant,
994 4153 1116 4211 quomoda
1133 4154 1158 4199 In
1178 4156 1305 4212 proxime
1324 4153 1449 4219 sequenti·

362 4213 450 4272 magis,
465 4225 569 4272 quorum
585 4213 610 4257 in
630 4225 705 4259 mann
720 4221 745 4260 et
761 4220 879 4274 potestate
912 4215 958 4260 bns
984 4215 1126 4264 tmbr'teraut.
1159 4217 1191 4264 Et
1217 4219 1259 4267 sic
1284 4224 1382 4270 habere
1405 4227 1452 4265 ret.

362 4275 478 4322 sitellam
490 4277 606 4324 distracta
622 4283 647 4322 et
663 4277 766 4324 lacerata
780 4280 879 4340 respub·
912 4279 954 4327 lib.
973 4286 1057 4326 manet
1073 4279 1192 4341 srgonrm.
1233 4283 1301 4332 Duo
1316 4301 1332 4334 e
1353 4285 1451 4336 neutris

362 4339 419 4401 lica,
446 4353 521 4401 qnam
549 4345 577 4387 ut
603 4341 732 4388 Incolumis
759 4343 799 4390 rit.
840 4343 879 4390 Sic
910 4348 999 4406 peterat
1015 4376 1021 4390 .
1039 4376 1045 4390 .
1064 4377 1071 4393 .
1089 4345 1222 4394 emineat.
1290 4399 1294 4410 ⁸
