3056 4928
494 253 587 314 nte.
610 255 663 314 tx.
690 247 793 316 cae.
813 218 868 316 ur.
1153 267 1219 322 aas·

144 415 264 498 ponere
283 415 411 480 sibimet
431 417 588 501 ip'siaute
610 419 851 506 dculm=juquru
875 417 1002 496 homa,
1018 432 1049 484 et
1071 417 1354 492 tuditano-,cus
1376 457 1379 466 ⁴

143 501 281 577 victoris,
296 518 330 566 et
355 501 461 568 soltus
480 505 641 590 superbos,
658 519 689 570 et
712 525 770 590 per
792 517 931 570 armatus
954 504 1123 573 inermium
1137 494 1208 575 iter.
1217 501 1249 546 A·
1258 497 1286 546 ⁰·
1296 497 1353 552 3¹⁹·

145 585 225 650 lude
247 587 324 652 fredi
346 590 480 672 agminis
500 591 710 657 miserabilem
735 593 828 668 visua
852 599 909 676 per
930 594 1092 659 sociorum
1114 593 1208 660 urbes

144 671 315 738 1‘studitum
335 677 367 738 iu
392 679 525 759 petriam
540 687 595 743 ac‘
609 693 766 764 parentes,
782 701 846 764 quo
867 701 911 744 sae
955 678 1038 763 ipsi
1062 680 1208 766 majores·

144 781 206 845 qne
219 783 329 826 eorum
350 763 584 849 triumphantes
604 766 771 830 uenissent.
816 767 859 831 Se
880 788 915 830 so
928 786 963 828 oe
985 765 1053 830 siue
1068 767 1209 847 vulnere,

143 848 210 910 siue
227 847 325 928 ferro,
339 849 408 912 siue
427 853 494 916 uois
508 852 626 916 uictos:
648 851 707 916 sibi
728 873 794 916 non
815 852 973 936 stringere
991 850 1116 918 licuisse
1139 851 1208 938 gla-

142 930 226 1012 dios,
239 956 307 998 non
321 955 452 1000 mantum
467 959 539 1002 curu
559 937 650 1003 hoste
660 937 823 1003 conferre:
845 937 904 1002 sibi
926 938 1143 1023 nequidquam
1157 961 1208 1006 ur·

143 1041 205 1094 ma,
222 1021 438 1108 nequidquam
448 1024 541 1102 vires,
557 1025 769 1111 nequidquam
785 1025 908 1089 animos
922 1023 1023 1096 datos.
1048 1025 1132 1090 Htec
1146 1025 1360 1103 fre-snbjugum

125 1130 128 1141 ·
143 1108 303 1172 mentibus
315 1106 396 1174 hora
408 1109 511 1175 letalis
525 1112 710 1196 ignominia
724 1111 861 1184 advernn
876 1113 985 1174 omnia
999 1111 1139 1184 tristiora
1153 1107 1349 1184 obmittantur

141 1192 300 1277 petiundo
313 1195 443 1274 betuna,
459 1217 554 1282 quam
569 1219 642 1284 quoe
656 1211 874 1282 preceperant
887 1197 1010 1262 animis.
1054 1197 1127 1262 Jaru
1142 1200 1208 1282 pri·
1218 1170 1332 1218 nomana

144 1301 231 1344 ntum
259 1301 332 1344 cum
356 1281 488 1370 singulis
509 1286 702 1348 vestimentis
724 1284 860 1348 inermes
882 1293 971 1348 extra
984 1282 1102 1350 vallum
1121 1286 1209 1350 exire

136 1367 230 1450 jussi,
246 1381 279 1432 et
299 1367 394 1452 primi
415 1370 523 1434 traditi
545 1370 682 1451 obsides,
696 1383 793 1454 atque
811 1371 845 1434 in
865 1368 1043 1436 custodiam
1065 1369 1207 1438 abducti.

143 1451 230 1517 Tum
246 1475 266 1518 a
280 1454 460 1520 consulibus
475 1453 499 1494 ¹⁵
508 1455 597 1520 abire
610 1456 736 1522 lictores
748 1457 837 1542 jussi,
852 1455 1139 1542 paludamentaque
1153 1456 1209 1522 de·

141 1541 260 1616 traeta3
282 1553 402 1605 tantam
418 1543 501 1606 inter
522 1545 615 1627 ipsos,
631 1545 697 1630 qui,
711 1543 819 1628 paullo
833 1555 907 1608 ante
930 1555 1208 1620 mensurantes,

140 1623 304 1692 dedendos
326 1627 573 1716 lacerandosque
594 1644 790 1705 censuerant,
806 1628 1039 1694 miserationem
1060 1625 1144 1706 iecit,
1161 1643 1208 1706 ut,

141 1733 207 1776 suae
222 1715 354 1800 quisque
373 1715 564 1780 conditionis
578 1714 706 1797 oblitus,
721 1716 762 1780 ab
785 1715 841 1779 ille
861 1713 1092 1783 deformatione
1111 1727 1208 1780 mntae
1238 1767 1243 1776 .

141 1801 320 1885 majestatis,
336 1800 424 1866 velut
435 1801 478 1866 ab
492 1801 632 1868 nefando
643 1801 833 1888 spectaculo,
849 1813 1003 1866 averteret
1017 1803 1135 1866 oculos.

67 1899 68 1902 ’
186 1887 247 1952 Vl.
270 1887 372 1958 Primi
396 1888 540 1954 consules
566 1911 666 1975 prope
690 1889 848 1954 seminudi
872 1887 932 1952 sub
957 1889 1071 1974 jugum
1099 1887 1207 1954 missi:

141 1987 222 2050 tum,
241 1975 422 2060 utquisque
441 1975 542 2061 gradu
565 1976 728 2060 proximus
742 1988 819 2052 erat,
832 1974 876 2040 ita
896 1974 1082 2057 ignominiae
1102 1974 1208 2060 objea
1249 1999 1254 2006 ·

140 2069 212 2123 tus:
236 2072 303 2124 tom
324 2060 473 2146 deinceps
495 2062 521 2126 si
587 2061 628 2126 lae
650 2061 798 2150 legiones.
821 2061 1069 2128 circumstabant
1094 2060 1209 2128 armti

140 2144 256 2226 h'ostes,
280 2147 510 2233 exprobrantes
533 2149 774 2234 audentesque:
804 2145 902 2246 gladii
924 2147 1018 2212 etiam
1049 2145 1209 2234 plerisque
1332 2171 1339 2209 r

140 2231 305 2298 intentati:
329 2246 361 2297 et
386 2233 541 2298 vulnerati
563 2233 694 2320 quidam
717 2247 819 2298 necati
844 2253 892 2309 ue,
916 2233 943 2296 si
968 2233 1074 2298 vultus
1096 2255 1206 2298 eorum

140 2317 331 2407 indignitate
353 2341 459 2386 rerum
480 2321 585 2385 acrior
606 2321 758 2386 victorem
779 2255 981 2384 obiendisset.
1003 2320 1049 2382 ita
1070 2319 1209 2384 traducti

140 2406 201 2470 sub
218 2408 343 2492 jugum,
360 2421 402 2484 et,
417 2407 504 2492 quod
518 2427 600 2491 pene
619 2407 748 2493 gravius
763 2417 842 2485 erat,
858 2427 915 2489 per
929 2404 1068 2470 hostium
1085 2405 1206 2470 oculos.

140 2495 275 2578 quum
296 2493 377 2558 saltu
400 2493 579 2573 evasissent,
594 2494 663 2569 etsi,
679 2492 765 2557 velut
786 2490 827 2555 ab
848 2489 955 2557 inieris
977 2491 1122 2568 extructi,
1138 2504 1207 2558 tum

41 2626 43 2630 -
139 2580 279 2663 prinlum
304 2579 408 2645 lucem
430 2581 593 2668 adspicere
614 2581 673 2645 visi
694 2590 779 2659 sunt,
793 2591 900 2652 umen
922 2577 992 2662 ipsa
1014 2577 1068 2641 lux
1089 2577 1135 2642 ita
1151 2578 1207 2644 de·
1279 2579 1283 2590 “

138 2665 241 2730 forme
262 2667 457 2732 intuentibus
520 2689 591 2732 men
614 2667 701 2730 omni
715 2675 820 2729 morte
834 2665 960 2728 tristior
968 2659 1036 2728 fuit.
1082 2663 1206 2748 Itaque,

139 2772 240 2840 quum
255 2767 329 2818 ante
342 2767 467 2819 noctem
514 2775 628 2843 apuam
649 2752 813 2838 pervenire
834 2763 971 2835 possent,
987 2749 1099 2814 incerti
1114 2749 1156 2814 de
1168 2749 1206 2814 li·
1216 2771 1370 2831 uspumve·

138 2843 181 2904 de
201 2840 371 2921 sociorum,
386 2852 418 2906 et
439 2841 524 2926 quod
548 2839 653 2925 pudor
665 2837 892 2925 praepediebat,
908 2837 992 2902 circa
1013 2836 1096 2902 riam
1119 2835 1295 2903 1ιειιιι1ῢῑωῑι

138 2926 254 3012 procul
281 2925 393 3012 Capua
417 2926 594 2992 ¹⁶omnium
620 2927 729 3014 egenif
749 2945 885 3010 corpora
909 2923 1001 2988 humi
1027 2936 1207 3009 prostrave-

138 3026 226 3078 runt.
271 3012 371 3089 Quod
394 3012 449 3078 ubi
468 3027 517 3078 est
537 3014 682 3098 Capuam
708 3013 906 3092 nunciatum,
931 3009 1024 3074 evicit
1047 3011 1207 3076 miseratio

131 3099 221 3186 juste
250 3100 408 3164 sociorum
434 3100 615 3186 superbiam
641 3101 815 3187 ingenitam
838 3098 1018 3182 Campanis.
1041 3096 1206 3164 confestim

139 3186 279 3272 insignia
299 3206 359 3250 sua
380 3186 573 3262 consulibus,
593 3186 701 3263 faeces,
721 3184 859 3263 lictores,
875 3205 975 3262 mma,
990 3205 1098 3269 equos,
1114 3185 1207 3250 vesti·

136 3285 256 3347 mente,
277 3285 470 3338 commeatus
496 3271 649 3336 militibus
670 3273 808 3358 benigne
831 3273 981 3336 mittunt:
995 3283 1033 3336 et
1053 3270 1206 3336 venienti·

138 3359 198 3427 bus
221 3358 367 3445 Capuam
388 3372 521 3426 cunctos
542 3373 668 3424 senatos
691 3358 902 3443 populusque,
923 3355 1051 3422 obviam
1077 3358 1204 3443 egressi,

131 3443 230 3531 justis
245 3446 393 3511 omnibus
413 3443 632 3531 hospitalibus,
648 3443 843 3530 privatisque
857 3455 889 3507 et
911 3441 1046 3527 publicis
1068 3441 1206 3530 fungun-

137 3544 192 3596 tur
206 3531 338 3597 uffioiiss
361 3553 465 3619 neque
479 3532 540 3596 illis
565 3531 723 3596 sociorum
749 3530 893 3605 comitas,
909 3529 1077 3616 vultusque
1094 3527 1207 3616 benig·

136 3619 182 3698 ni,
200 3632 230 3684 et
245 3617 394 3706 adloquia
413 3640 479 3684 non
503 3617 599 3682 modo
613 3637 790 3682 sermonem
804 3613 927 3696 elicere,
942 3614 997 3678 sed
1012 3636 1062 3692 ne,
1080 3627 1116 3680 ut
1130 3637 1207 3680 ocu·

459 3773 512 3820 eud
523 3775 594 3822 Creu.
724 3761 814 3832 segma
825 3767 886 3815 Eud.

173 3925 204 3972 14
220 3923 333 3972 Ruditrmr
356 3927 381 3970 r'rr
398 3925 505 3985 patrinae
522 3922 554 3969 od
571 3935 657 3984 parra·
689 3921 794 3968 desumto
810 3918 860 3965 rid.
876 3922 926 3964 not.
943 3916 984 3964 47.
999 3913 1030 3962 ed
1046 3915 1062 3958 l·
1079 3913 1113 3960 ll.
1127 3929 1152 3962 c.
1168 3914 1208 3963 te.

138 3986 184 4054 tet]
204 3989 243 4037 sie
260 3991 336 4036 edidit
351 3990 499 4049 Campanus.
531 3987 611 4048 Vulgo
630 4001 658 4033 uc
690 3997 771 4044 sttpra.

133 4057 250 4118 mia.
291 4054 340 4101 Sed
363 4067 441 4114 quum
466 4055 520 4114 ipss
544 4053 606 4099 ratio
632 4057 657 4097 et
723 4049 753 4096 le
772 4047 883 4094 mantum
909 4057 981 4104 egesar
1007 4042 1116 4118 σοφοῖς]
1148 4043 1210 4092 llaec

138 4121 204 4167 Livii
226 4125 343 4179 perpetue
363 4119 518 4166 commodo
534 4118 657 4178 pustubnt
690 4115 771 4170 lectio,
784 4125 838 4173 quse
854 4111 932 4156 editos
947 4114 1004 4154 unte
1021 4107 1149 4168 sigonium
1166 4110 1210 4155 ob·

136 4184 177 4239 orl,
187 4191 212 4230 et
226 4184 253 4229 id
264 4183 339 4229 etiam
354 4183 454 4242 reperiri
469 4183 495 4229 in
505 4195 557 4228 uuo
567 4181 657 4240 sculpto
690 4179 792 4232 timebat,
808 4188 884 4237 quam
901 4180 1002 4220 tuentur
1018 4173 1066 4220 duo
1083 4185 1098 4218 e
1115 4173 1212 4220 Grono-

137 4247 275 4296 Gronovius
285 4249 397 4301 mmet.
407 4247 560 4294 admisimus.
690 4244 778 4300 viauia,
789 4247 838 4288 tres
851 4254 865 4287 e
877 4237 966 4286 nostris
982 4238 1078 4297 scriptis
1092 4238 1210 4298 nunquit·

173 4313 205 4360 1⁵
222 4311 294 4358 Abire
312 4311 403 4358 lictores
416 4311 489 4373 jurei,
506 4309 658 4371 paudum·
690 4308 756 4365 simi,
768 4307 857 4354 merito
872 4303 964 4364 placuit
978 4303 1061 4376 'magis
1075 4301 1209 4358 Grouorio,

138 4381 207 4438 taque
232 4376 415 4423 dermeth...
431 4376 600 4422 artrerottoaem
616 4374 658 4436 fe-
690 4385 765 4433 quem
784 4383 814 4418 ee
834 4381 909 4430 quarn
931 4369 1066 4429 subJecerut
1089 4366 1211 4430 Sigonius,

137 4441 183 4504 att]
202 4441 289 4488 Procul
305 4438 379 4489 teuto
390 4439 507 4503 firmant.
538 4439 577 4486 De
588 4439 658 4500 pola·
689 4435 879 4560 maqegmt.
