3032 4924
318 199 378 252 suo
641 215 645 224 ·
688 159 984 254 ·r1r1n1“vrr

158 367 188 432 u.
197 367 228 418 u.
237 368 294 420 sss.
319 357 371 422 cui
385 357 522 424 universi
536 356 665 424 selibras
679 357 816 424 farriset
834 356 861 399 ⁸⁰
870 357 1046 446 quartarios
1061 355 1126 427 vini
1139 356 1181 422 ad
1195 355 1280 422 redes
1299 357 1376 444 ejus,

156 433 189 498 Α
199 433 293 484 ⁶·³⁸⁷·
318 466 391 532 quae
410 445 444 510 in
458 465 531 508 arce
545 458 645 525 erant,
659 445 872 516 contulerunt.
895 468 962 510 rem
976 444 1061 510 dictu
1077 465 1218 528 parvam,
1234 457 1377 513 ceterum

318 531 427 616 inopia
447 529 564 596 fecerat
585 555 654 596 eam
677 555 712 598 ur
758 543 898 600 mentum
921 533 1032 619 ingens
1054 532 1203 609 caritatis,
1219 553 1328 617 quum,
1345 553 1380 596 se

209 680 213 688 ,
318 617 452 704 quisque
466 618 550 682 victu
567 639 626 682 suo
639 555 797 695 fraudilns,
813 617 989 682 detractum
1005 618 1131 702 corpori
1153 630 1248 703 atque
1270 618 1378 682 usibus

317 703 500 769 necessariis
521 704 560 768 ad
582 704 736 770 honorem
756 705 849 770 unius
869 705 927 768 viri
949 704 1115 768 conferret.
1161 703 1248 768 Tum
1267 703 1379 790 vigiles

318 791 385 876 ejus
408 789 480 867 loci,
503 812 567 876 qua
588 790 737 857 fefellerat
758 790 950 856 adscendens
969 789 1079 870 hostis,
1097 790 1201 856 citati:
1224 803 1257 854 et
1277 811 1378 875 quum

318 875 352 940 in
368 897 477 942 omnes
491 898 580 942 more
593 878 723 944 militari
737 901 769 945 sc
783 877 1070 949 animadversurum
1087 876 1132 953 Q.
1147 875 1307 962 Sulpicius
1320 879 1379 940 tri·

318 961 424 1028 bunus
448 964 584 1028 militum
611 965 864 1050 pronunciasset3
887 964 1104 1028 consentiente
1132 962 1270 1028 clamore
1293 963 1379 1027 rnili-

319 1061 398 1128 tum,
421 1050 454 1113 in
476 1071 576 1114 unum
598 1051 724 1138 vigilem
747 1050 981 1136 conjicientium
1003 1050 1140 1135 culpam,
1162 1049 1381 1126 deterritum

318 1136 431 1202 ceteris
444 1136 611 1202 abstinuit:
635 1159 723 1204 reum
742 1136 827 1204 haud
847 1135 980 1212 dubium
995 1139 1062 1222 ejus
1076 1157 1180 1214 nosoe,
1195 1135 1380 1220 adproban-

318 1223 402 1288 tibus
425 1225 558 1301 cunctis,
582 1224 622 1290 de
645 1243 724 1290 saxo
749 1223 872 1308 dejecit.
916 1223 997 1287 lnde
1015 1223 1201 1288 intentiores
1217 1222 1380 1310 utrimque

318 1309 473 1377 custodiae
497 1333 580 1387 esse;
602 1323 633 1376 et
656 1311 742 1397 apud
767 1308 889 1387 Gallos,
910 1310 984 1396 quia
1005 1309 1168 1397 vulgatum
1190 1322 1269 1388 erat,
1294 1309 1381 1378 inter

319 1395 415 1462 Veios
432 1397 632 1484 Romamque
645 1398 778 1462 nuncios
792 1417 969 1461 commeare
975 1419 984 1472 ς
1001 1409 1033 1460 et
1045 1395 1132 1480 apud
1150 1395 1323 1476 Romanos,
1337 1397 1379 1462 ab

317 1485 468 1547 nocturni
482 1483 615 1567 periculi
632 1484 791 1548 memoria.
1284 1546 1288 1552 .

155 1571 278 1620 Imm*
362 1569 527 1634 XLVIII.
552 1572 612 1636 Sed
628 1587 702 1636 ante
716 1571 824 1636 omnia
837 1568 1012 1634 obsidionis
1032 1569 1170 1655 bellique
1191 1568 1274 1634 mala
1295 1567 1381 1637 llia·

153 1638 297 1698 mm
318 1679 384 1722 mes
397 1657 558 1743 utrimque
568 1657 743 1722 exercitum
757 1655 932 1743 urguebat:
957 1654 1068 1721 Gallos
1081 1654 1380 1742 pestilentiosum,

316 1763 415 1828 quum
441 1742 512 1807 loco
532 1745 658 1828 jacente
678 1744 761 1810 iuter
781 1741 921 1808 tumulos
941 1753 1044 1807 castra
1063 1741 1227 1819 habentes,
1244 1755 1312 1810 tum
1336 1745 1380 1810 ab

315 1829 471 1894 incendiis
485 1829 606 1894 torrido
617 1842 648 1894 et
664 1830 787 1915 vaporis
796 1827 902 1913 pleno,
913 1829 1122 1916 cineremque,
1135 1850 1200 1892 non
1212 1828 1380 1914 pulverem

247 1975 249 1982 ,
316 1915 424 1990 modo,
439 1915 569 1992 ferente,
586 1939 682 2002 quum
699 1916 774 2003 quid
790 1915 874 1980 venti
890 1928 1114 1982 motumesset.
1129 1937 1265 2002 quorum
1292 1915 1381 1982 into-

316 2001 526 2066 lerantissima
539 2025 628 2089 gens,
644 2003 834 2088 humorique
848 2024 884 2066 ac
899 2000 1010 2088 frigori
1025 2001 1166 2082 adsueta,
1182 2023 1282 2102 quum
1296 2017 1381 2070 aestu

315 2100 348 2154 et
367 2111 486 2174 angore
500 2099 642 2167 vexarat,
659 2089 791 2177 vulgatis
815 2087 898 2152 volnt
920 2088 952 2152 iu
974 2110 1074 2170 pecua
1095 2087 1214 2154 morbis
1235 2109 1381 2154 morere·

316 2185 395 2252 tur'‚
414 2177 481 2260 jam
508 2176 636 2262 pigritia
661 2178 708 2240 sin
736 2175 802 2240 ulos
825 2173 994 2259 sepeliendi
1016 2177 1194 2258 promiscue
1215 2190 1380 2244 acervatos

314 2262 459 2328 cumulos
477 2261 641 2328 hominum
657 2200 807 2328 urebant:
832 2262 1058 2348 bustorumque
1078 2262 1152 2332 inde
1175 2261 1378 2329 Gallicorum

314 2348 451 2414 nomine
465 2349 619 2434 insignem
642 2350 746 2416 Iocum
773 2348 882 2414 fecere.
928 2347 1070 2413 Induciae
1085 2347 1200 2413 deinde
1214 2371 1288 2413 cum
1308 2349 1379 2416 Ro-

314 2437 417 2500 manis
432 2434 534 2513 factas,
550 2448 582 2500 et
604 2435 771 2523 conloquia
784 2434 936 2520 permissu
948 2433 1174 2520 imperatorum
1188 2433 1317 2501 habita:
1339 2437 1379 2504 in

314 2522 429 2609 quibus
443 2544 540 2609 quum
556 2522 739 2588 idemtidem
756 2520 844 2586 Gnlli
861 2521 974 2590 famem
990 2521 1176 2608 objicerent,
1198 2543 1299 2608 eaque
1318 2545 1379 2590 ne-

311 2611 458 2676 cessitate
482 2609 523 2674 ad
549 2609 740 2674 deditionem
766 2619 924 2684 vocarent,
949 2607 1070 2672 'dicitur
1099 2608 1279 2674 avertendae
1306 2612 1378 2696 ejus

311 2695 472 2780 opinionis
486 2718 595 2760 caussa
609 2695 715 2760 multis
727 2695 804 2768 locis
818 2696 909 2776 panis
923 2693 964 2758 de
980 2693 1139 2780 Capitolio
1154 2695 1293 2780 jactatus
1306 2720 1379 2763 esse

312 2782 345 2848 in
372 2780 511 2845 hostium
537 2781 693 2845 stationes.
739 2781 804 2846 Sed
823 2783 891 2865 jum
917 2802 1018 2866 neque
1043 2780 1244 2858 dissimulari,
1271 2803 1379 2870 neque

313 2865 388 2932 ferri
400 2867 484 2932 ultra
497 2867 595 2931 fames
609 2881 742 2952 poterat.
767 2866 888 2953 ltaque,
904 2865 982 2930 dum
993 2866 1127 2932 dictator
1143 2866 1299 2934 delectum
1317 2893 1378 2954 per

312 2975 347 3016 se
372 2950 490 3018 Ardcae
515 2949 621 3028 habet,
637 2954 822 3053 magistrum
847 2955 988 3038 equitum
1010 2955 1046 3017 L.
1064 2952 1223 3018 Valerium
1250 2979 1270 3019 a
1286 2955 1378 3024 Veiis

312 3036 471 3104 abducere
492 3036 662 3102 exercitum
685 3043 788 3124 anet,
812 3055 912 3124 parat,
935 3039 1133 3126 instruitque,
1149 3041 1266 3126 quibus
1287 3041 1378 3110 haud

313 3125 406 3208 inpar
420 3123 582 3188 adoriatur
596 3123 716 3189 hostes:
733 3126 859 3190 interim
875 3125 1073 3210 Capitolinus
1087 3127 1252 3208 exercitus,
1267 3129 1378 3198 statio-

313 3211 408 3276 nibus
423 3209 599 3310 vigiliisqne
615 3209 720 3292 fessus,
744 3212 899 3297 superatis
925 3226 1030 3276 tamen
1056 3211 1203 3277 humanis
1225 3216 1377 3283 omnibus

313 3295 414 3376 malis,
430 3318 527 3383 quum
543 3299 656 3362 tamem
672 3321 767 3366 unam
782 3313 897 3362 natura
912 3299 994 3362 vinci
1009 3321 1073 3364 non
1089 3301 1215 3378 sineret,
1232 3301 1376 3368 diemde

312 3383 365 3448 die
386 3397 600 3469 prospectans,
624 3385 746 3470 ecquod
767 3385 924 3449 auxilium
947 3383 987 3446 ub
1010 3385 1166 3450 dictatore
1186 3389 1375 3470 mlpureretr

312 3481 473 3552 postremo
495 3492 550 3554 spe
571 3491 698 3556 quoqne
716 3472 793 3556 jain,
817 3493 879 3536 uon
901 3469 1003 3534 solum
1025 3471 1106 3547 cibo,
1130 3471 1305 3550 deficiente,
1329 3491 1375 3558 et,

307 3555 338 3600 θ’
348 3578 447 3653 quum
463 3557 612 3622 stationes
631 3557 848 3641 procederent,
864 3579 964 3647 prope
979 3557 1187 3622 obruentibus
1208 3561 1375 3628 infirmum

522 3751 622 3800 lucrati
632 3751 707 3797 Gron·
720 3751 787 3798 Cres.
905 3729 928 3783 Ῥ
938 3755 1081 3798 morerentur
1092 3749 1159 3796 End
1213 3743 1217 3750 '

339 3926 373 3972 80
400 3923 539 3978 &toruo
577 3914 640 3980 rint]
679 3915 823 3970 Quartus-ius
886 3915 918 3962 82
942 3913 1022 3969 anrm
1061 3917 1168 3962 scontros
1212 3914 1378 3981 prandent]

305 3991 374 4036 narrd
390 3987 497 4034 muttum
514 3985 608 4033 escefflt
624 3995 681 4030 cum
695 3983 823 4028 modulum
855 3979 938 4033 Quum
951 3980 1087 4029 stationum
1107 3981 1131 4026 ln
1155 3980 1239 4028 orbem
1259 3981 1376 4030 eundum

308 4053 369 4108 vini,
411 4053 449 4098 uel
493 4065 572 4111 aqum,
606 4060 680 4108 quem
717 4047 822 4092 uicimus
855 4045 914 4089 ordo
940 4045 1085 4103 procederet.
1129 4043 1257 4090 Protudm
1285 4045 1378 4094 dicitur

303 4118 404 4177 potam.
855 4109 986 4168 eleganter,
1013 4109 1160 4166 oosttnosn,
1183 4109 1251 4167 addi,
1279 4121 1376 4157 connu-

338 4179 383 4227 81·
403 4180 506 4226 Fames*
531 4178 646 4237 utrimque
684 4174 821 4237 auritum]
855 4173 952 4227 merari,
971 4173 1115 4233 computari,
1133 4179 1161 4220 ut
1178 4171 1291 4220 observat
1312 4172 1379 4222 Gro-

307 4243 415 4292 Placeret
442 4242 520 4303 magis
545 4245 676 4301 rarumque.
726 4239 759 4286 Et
789 4240 824 4286 stc
855 4239 942 4290 nevitta
958 4237 983 4284 in
1004 4245 1063 4284 noto
1077 4239 1193 4290 adhunc
1208 4239 1298 4285 locum.
1333 4239 1394 4286 Sic·

305 4309 456 4354 habetnnns
475 4321 488 4352 e
508 4304 824 4365 sanctimoniamque
855 4302 971 4348 dIcuntur
1002 4317 1061 4361 eru,
1092 4301 1206 4364 stipendia
1241 4299 1375 4362 procudere.

243 4395 249 4400 -
300 4380 388 4426 nostor
401 4371 545 4418 Victorinus.
857 4368 1051 4418 cersonam
1066 4369 1290 4430 menumquam
1307 4365 1377 4414 aus
