2978 4918
324 231 380 288 184
578 235 582 244 ‘
718 226 829 287 Tl'l'l
856 226 995 289 lell

162 403 296 456 steort
322 391 471 456 dimicans
484 392 600 454 cadam.
648 389 918 456 Consulitum'll.
933 391 1050 456 Fabius
1065 388 1182 475 prioris
1203 388 1282 455 anni
1304 407 1381 452 oon·

160 471 190 518 ⁸2
202 471 228 519 ⁶·
240 472 297 521 ⁴⁷⁸·
321 476 381 553 sul,
398 475 542 541 Verbisne
553 477 755 561 isciafrater,
770 488 805 541 ut
815 488 963 564 pugnent,
974 489 1004 542 te
1019 479 1243 560 inpetraturum
1252 477 1378 540 credis?

323 563 386 630 Dii
394 563 600 644 inpetrem,
609 583 669 645 per
680 585 753 648 quos
756 563 917 647 juravere.
960 567 1005 629 Et
1016 587 1080 641 nos,
1090 571 1124 628 at
1135 566 1218 630 decet
1227 583 1379 646 proceres,

320 659 355 712 ut
371 649 469 712 Fabio
483 651 604 713 nomine
625 659 669 713 cst
692 652 826 734 dignam,
838 655 1009 736 pugnando
1028 653 1143 733 potius,
1160 671 1249 734 quant
1265 649 1380 735 adhor-

320 736 426 811 tando,
450 737 647 801 accendamus
661 738 790 800 militam
810 739 939 802 animos.
986 737 1040 801 Sic
1064 737 1096 799 in
1123 737 1261 821 primum
1286 733 1381 798 inies·

320 821 361 886 tis
375 819 473 886 hastis
492 821 661 906 provolant
681 821 747 887 duo
771 821 872 903 Fabii,
890 833 1054 910 totamque
1079 835 1248 886 moverunt
1274 841 1381 885 secum

319 929 431 972 aciem.

362 993 504 1058 XLVII.
530 993 652 1060 Proelio
667 1017 706 1060 ex
723 1009 812 1076 parte
834 1017 898 1060 una
912 996 1068 1073 restituto,
1085 995 1184 1060 nihilo
1204 1017 1218 1058 s
1261 995 1333 1058 nius
1347 993 1381 1057 in

319 1079 420 1145 altero
434 1101 533 1146 cornu
550 1079 609 1146 Cn.
622 1079 765 1146 Manlius
786 1083 896 1146 consul
918 1103 1058 1169 pugnam
1079 1081 1200 1147 ciebat:
1219 1017 1280 1146 bisi
1305 1101 1381 1166 pro-

318 1168 483 1317 }csimilis
502 1167 630 1232 fortuna
651 1181 700 1232 est
722 1181 852 1234 versata.
882 1190 955 1233 nam
978 1181 1015 1232 ut
1039 1169 1138 1232 altero
1157 1170 1189 1232 in
1212 1189 1315 1232 cornu
1338 1167 1381 1244 Q.

350 1276 368 1316 a

369 1253 528 1330 bium,*sic
552 1255 585 1318 in
612 1255 674 1318 boc
698 1253 800 1340 ipsum
825 1254 985 1318 consulem
1010 1253 1184 1332 Manlium,
1205 1256 1274 1340 jam
1293 1255 1380 1319 velut

318 1337 403 1405 fusos
418 1357 565 1429 agentem
593 1343 707 1418 hostes,
724 1355 755 1406 et
766 1341 892 1442 inpigre
916 1341 1031 1405 milites
1056 1343 1155 1406 secuti
1170 1357 1243 1406 sunt
1250 1365 1259 1418 3
1283 1353 1326 1418 et,
1343 1354 1381 1406 ut

156 1436 297 1516 vincuntur
318 1426 371 1492 ille
384 1427 475 1514 gravi
490 1426 620 1492 vulnere
634 1429 715 1491 ictus
739 1451 778 1491 ex
800 1450 867 1492 acie
887 1428 988 1505 cessit,
1006 1427 1205 1492 interiectum
1222 1427 1292 1504 rati,
1305 1449 1380 1515 gra·

139 1501 279 1592 'Vanum
317 1512 395 1578 dum
408 1516 554 1578 retulere.
581 1515 807 1598 cessissentque
818 1512 898 1591 loco,
909 1515 943 1578 ni
955 1514 1066 1579 consul
1074 1515 1163 1591 alter,
1172 1533 1245 1578 cum
1257 1514 1382 1601 aliquot

316 1602 431 1664 turmis
445 1601 588 1685 equiturn
610 1600 643 1663 in
666 1621 735 1664 cam
753 1613 875 1684 partem
892 1601 987 1665 citato
1002 1623 1084 1687 equo
1099 1600 1257 1677 advectus,
1274 1601 1382 1666 vivere

316 1685 485 1751 clamitans
495 1686 662 1775 collegam,
676 1707 708 1752 se
719 1689 870 1750 victorem
879 1686 949 1750 suso
958 1691 1058 1751 altero
1069 1708 1168 1751 cornu
1180 1687 1300 1766 culmea
1312 1708 1382 1752 rem

315 1772 499 1838 inclinatam
524 1773 728 1838 sustinnisset.
775 1772 917 1837 Manlius
936 1793 1065 1862 quoque
1086 1775 1125 1838 ad
1149 1773 1379 1839 restituendam

315 1860 415 1923 aciem
440 1881 473 1924 se
498 1862 564 1944 ipse
586 1876 692 1924 coram
722 1857 834 1924 obfert.
879 1860 1028 1925 Duorum
1057 1860 1225 1925 consulum
1249 1862 1382 1946 cognita

315 1967 374 2010 ora
387 1945 566 2011 accendunt
580 1944 715 2010 militnm
736 1947 868 2010 animos.
897 1947 990 2010 simul
1005 1959 1035 2011 et
1049 1947 1075 1986 ⁶⁶
1086 1947 1195 2011 vanior
1214 1947 1282 2032 jam
1311 1961 1381 2012 erat

314 2029 452 2096 bostium
480 2034 573 2112 acies,
588 2033 676 2110 doio,
700 2031 880 2098 abundante
902 2033 1106 2098 multitudine
1119 2033 1201 2113 freti,
1215 2033 1382 2099 subtracta

315 2119 458 2184 subsidia·
486 2121 617 2184 mittunt
640 2120 680 2184 cd
704 2132 807 2184 castra
831 2120 1059 2208 obpugnanda.
1115 2119 1153 2186 ln
1183 2142 1257 2206 quse
1287 2120 1378 2186 haud

314 2225 434 2292 magno
457 2207 630 2272 certamine
644 2207 754 2292 inpetu
777 2206 873 2284 facto,
893 2207 970 2272 dum
995 2188 1114 2291 praedsl
1142 2207 1252 2310 magis,
1280 2230 1380 2294 quam

314 2313 433 2381 pugneo
455 2313 611 2358 memores
636 2306 765 2358 terunt²
782 2306 927 2376 tempus3
949 2293 1050 2358 triarii
1073 2293 1380 2380 Roman1,quipri·

314 2399 399 2460 anam
424 2381 638 2466 inruptionem
665 2380 817 2445 sustinere
840 2401 904 2444 non
929 2389 1108 2466 potuerant,
1124 2380 1227 2444 missis
1243 2380 1285 2446 ad
1299 2399 1379 2446 con-

314 2466 397 2530 eules
419 2469 556 2545 nunciis,
571 2489 636 2554 quo
658 2467 729 2532 loco
753 2489 801 2530 res
826 2483 938 2544 essunt,
955 2463 1136 2555 conglobati
1157 2465 1233 2531 bad
1254 2481 1379 2551 praeto-

314 2552 396 2618 rium
410 2555 551 2637 redeunt,
561 2571 592 2620 et
606 2577 662 2620 sua
673 2552 785 2642 sponte
796 2553 855 2638 ipsi
868 2553 1034 2638 prolium*
1049 2566 1216 2618 renovant:
1234 2566 1267 2617 et
1278 2553 1379 2620 Man·

311 2639 374 2704 lius
388 2645 509 2720 consul,
526 2656 669 2706 revectus
693 2641 726 2703 in
753 2653 865 2714 metra,
880 2638 922 2704 ad
937 2661 1046 2703 omnes
1063 2653 1172 2724 portas
1197 2640 1299 2704 milite
1319 2641 1379 2706 ob-

336 2729 429 2808 osito,
441 2727 584 2793 hostibus
605 2728 688 2790 viam
711 2727 877 2790 clauserat.
922 2725 971 2790 Ea
991 2727 1170 2811 desperatio
1186 2726 1303 2794 Tuscis
1325 2751 1378 2792 ra-

312 2747 397 2876 biem
411 2815 520 2899 magis,
532 2833 628 2899 quam
637 2811 813 2889 audaciam,
827 2812 981 2877 accendit.
1003 2833 1078 2877 nam
1093 2831 1191 2900 quum
1206 2814 1378 2880 incursan-

198 2943 205 2960 .
312 2909 371 2976 tes,
388 2919 587 2984 quacumque
605 2899 724 2962 exitum
747 2899 927 2963 ostenderet
938 2921 1028 2985 spes,
1044 2921 1127 2964 vano
1141 2899 1309 2986 aliquoties
1326 2902 1378 2966 in·

312 2999 389 3068 peta
406 2987 519 3068 issent3
542 2985 655 3074 globus
678 2986 832 3069 juvenum
848 3007 930 3050 unus
953 2986 987 3049 in
1011 2989 1113 3072 ipsum
1137 2985 1301 3052 consulem
1326 2987 1377 3053 in-

312 3069 435 3220 siffncm
465 3073 560 3136 armis
585 3071 715 3134 invadit.
763 3071 871 3136 Prima
899 3086 1032 3158 excepta
1054 3095 1072 3138 a
1094 3074 1377 3141 circumstantibus

311 3169 344 3220 te
356 3179 385 3220 a.
411 3159 557 3222 sustineri
572 3158 688 3223 deinde
702 3160 748 3222 vis
762 3160 899 3244 nequit⁸.
946 3159 1069 3224 Consul
1084 3159 1249 3224 mortifero
1262 3165 1376 3227 vulne·

310 3263 347 3306 re
362 3244 443 3309 ictus
458 3245 554 3322 cadit,
566 3244 688 3332 fusique
702 3245 786 3309 circa
803 3251 929 3311 omnes.'
968 3246 1080 3311 Tuscis
1102 3247 1214 3311 crescit
1227 3247 1376 3314 audacia.

312 3329 477 3396 Romanos
490 3345 592 3397 terror
606 3351 663 3417 per
677 3342 746 3396 tota
759 3347 861 3397 cestro
876 3333 1015 3418 trepidos
1031 3334 1105 3421 agit.
1129 3348 1159 3398 et
1174 3333 1214 3398 ad
1226 3347 1376 3400 extrema

309 3431 440 3482 sentim
465 3417 556 3497 ioret,
573 3420 606 3483 ni
629 3419 735 3506 legati,
760 3433 852 3504 rapto
875 3419 1013 3484 consulis
1038 3441 1184 3505 corpore,
1207 3420 1376 3506 patefecit·

308 3516 379 3568 sent
395 3525 457 3570 aaa
473 3521 565 3590 porta
581 3506 725 3570 hostibus
738 3507 834 3570 viam.
881 3506 929 3570 Ea
944 3519 1133 3591 erumpatin
1156 3514 1378 3574 consternato-

308 3595 514 3678 quatiamine
528 3593 679 3658 abennns
695 3593 726 3657 in
744 3593 895 3657 victorem
923 3593 1058 3658 alterum
1085 3592 1231 3658 incidunt
1256 3615 1375 3660 comu-

306 3676 380 3742 lem.
410 3679 454 3743 ibi
467 3681 581 3744 iterum
598 3681 672 3745 cresi
686 3679 810 3766 fusique
822 3680 951 3766 passim.
996 3679 1136 3743 Victoria
1213 3683 1284 3768 sgia
1299 3695 1376 3766 per-

306 3775 348 3842 ta,
366 3767 463 3832 tristis
483 3779 588 3832 tamen
611 3767 738 3832 duobus
756 3779 821 3830 tam
844 3767 936 3831 clasis
949 3765 1124 3830 funeribus.
1156 3701 1280 3854 elgtbque
1296 3791 1376 3833 con·

305 3851 367 3932 sul,
381 3851 570 3919 decernente
590 3857 701 3918 senata
716 3852 926 3938 triumphum,
942 3855 979 3918 si
992 3855 1141 3917 exercitas
1154 3855 1222 3918 sine
1236 3857 1376 3938 impera-

303 3945 370 4002 tore
383 3943 576 4024 triumphare
584 3943 695 4024 possit.
706 3961 768 4022 pro
782 3942 897 4003 animia
908 3961 942 4002 eo
956 3939 1034 4002 betto
1045 3940 1250 4024 operafacile
1258 3963 1375 4024 passas-

303 4044 380 4102 stem,
397 4027 577 4111 respondit:
608 4050 649 4104 se,
662 4027 799 4112 familia
810 4026 946 4112 funesta
963 4027 1001 4100 Q.
1018 4016 1113 4090 Fabii
1122 4025 1249 4110 stabis
1264 4039 1374 4107 morte,

365 4163 652 4213 ‘amatorcncren
750 4163 880 4255 dpfoellnm
890 4165 935 4226 ipsi
945 4163 1012 4212 End.
1064 4205 1067 4216 ,
1111 4163 1222 4226 ‘cmiii
1233 4161 1306 4214 Uret.

333 4274 365 4324 06
386 4279 484 4342 Venia]
513 4278 598 4328 illinus
629 4283 714 4338 deam,
734 4282 815 4328 minus
849 4291 906 4328 nem
921 4280 1104 4339 encomiastes
1120 4291 1169 4344 qut
1188 4279 1295 4330 tentorii
1312 4292 1374 4330 con-

299 4343 418 4402 coniesta,
429 4347 512 4392 minius
524 4345 601 4393 orma.
848 4347 929 4394 sulum
941 4351 1018 4394 aaut.

331 4406 433 4456 omn
446 4406 599 4474 pretorium]
617 4405 655 4458 Ad
666 4421 719 4456 sam
736 4411 814 4470 reglo-
