3056 4928
336 169 395 226 480
726 161 836 222 TlTl
866 161 1001 220 LlVll

176 333 206 380 u.
219 331 313 380 0⁴²⁹·
340 325 559 392 Romanorum
585 307 804 414 transfugeret,
829 327 907 392 alter
932 326 1114 392 subsisteret
1127 324 1168 389 ul
1190 323 1396 408 praebendum

175 395 314 447 ΗΜ
338 427 550 498 opportunam
572 413 705 494 consilio
725 415 846 477 urbem.
892 413 1059 478 Charilaus
1073 411 1141 488 l'uit,
1158 413 1210 497 qui
1227 410 1268 476 ad
1286 410 1397 476 Publi-

338 498 417 563 lium
437 498 601 563 Philonem
624 501 725 563 venit:
749 515 790 574 et,
807 502 887 584 quod
907 500 1024 576 bonum,
1036 499 1190 582 faustum,
1203 499 1315 583 felic*
1328 501 1397 562 Po·

176 591 304 668 saepem
336 587 524 668 loepolitonis
541 587 713 669 populoque
734 587 875 649 Romm
894 597 976 664 esset,
998 587 1122 650 tradere
1142 607 1183 661 se,
1206 585 1261 661 ait,
1285 586 1397 648 moeuia

175 656 271 702 “m’'
337 673 486 737 statuisse.
530 673 581 736 Eo
591 673 686 756 sacto
706 683 806 734 utrum
820 671 860 734 ob
874 695 905 735 se
921 673 1063 754 prodita,
1077 693 1120 734 ou
1141 681 1273 747 seruato,
1286 671 1398 754 patria

337 759 488 834 oideotsrr,
505 760 539 821 iu
550 761 623 842 fide
634 759 772 822 Romarm
784 760 915 840 positum
930 780 1001 822 esse.
1022 757 1083 822 sibi
1091 759 1242 840 priuatim
1265 779 1321 820 nec
1335 779 1399 840 po·

338 847 412 908 cisci
426 845 601 928 quidquam,
617 865 671 907 uec
679 854 802 926 petere:
820 845 942 926 publice
951 855 1067 926 petere,
1083 865 1172 927 quam
1184 846 1318 926 pacisci,
1334 865 1400 906 mu·

334 933 395 1016 gis,
411 940 455 1006 ut,
469 933 499 994 st'
518 933 700 1002 successisset
725 932 894 1012 iucoeptum,
917 933 1066 1014 cogitaret
1083 932 1215 1014 populeus
1229 931 1398 1004 Romanus,

334 1018 443 1100 potitus
467 1038 532 1080 cum
553 1028 669 1102 quanto
681 1019 783 1080 studio
801 1017 997 1100 periculoque
1016 1018 1145 1100 reditum
1171 1018 1204 1078 iu
1230 1017 1400 1079 amicitiam

338 1125 422 1168 amm
445 1113 529 1179 esset,
545 1125 634 1186 quom
657 1124 718 1187 quo
740 1103 873 1166 stultitia
899 1113 929 1166 et
947 1105 1119 1166 temeritate
1132 1105 1170 1164 de
1183 1102 1282 1190 efficio
1301 1103 1401 1165 deces-

340 1210 413 1253 sum.
459 1188 676 1253 Conlaudatus
699 1189 739 1251 ab
763 1187 953 1272 imperatore
982 1189 1041 1252 tria
1072 1186 1170 1250 millia
1194 1187 1329 1252 militum
1359 1185 1400 1250 ad

341 1274 559 1359 occupandam
579 1296 648 1339 eam
675 1288 796 1358 partem
812 1273 910 1350 urbis,
927 1295 1021 1359 quam
1040 1275 1195 1340 Samnites
1208 1273 1397 1350 insidebant,

341 1362 481 1462 accepit:
504 1359 687 1448 “presidio
702 1363 731 1424 ei
748 1360 786 1424 L.
803 1359 972 1435 Quinctius
994 1360 1139 1426 tribunus
1159 1359 1295 1425 militum
1318 1381 1400 1444 proe-

365 1463 474 1512 sertus.

341 1470 363 1532 p
384 1533 515 1598 XXVI.
538 1534 659 1599 ¹Exulem
677 1549 818 1620 tempore
833 1547 863 1599 et
879 1533 1064 1621 Nymphius
1081 1545 1249 1619 praetorem
1274 1534 1401 1598 Samni-

340 1621 419 1685 tium
442 1633 510 1684 arte
531 1621 697 1707 adgressus
719 1620 910 1706 perpulerat,
928 1639 972 1698 ut,
989 1623 1138 1708 quoniam
1161 1621 1263 1684 omnis
1280 1620 1400 1685 Roma·

339 1729 400 1770 nus
422 1707 581 1771 exercitus
606 1719 660 1771 aut
689 1707 772 1771 circa
801 1707 987 1792 Paloepolim
1012 1721 1067 1772 aut
1089 1707 1121 1770 iu
1150 1707 1282 1772 Samnio
1311 1719 1401 1783 esset,

340 1794 455 1856 sineret
471 1816 502 1855 se
518 1796 615 1856 classe
629 1793 821 1856 circumvehi
837 1793 877 1857 ad
896 1793 1075 1858 Romanum
1092 1815 1215 1880 agrum,
1231 1813 1297 1856 non
1312 1815 1401 1857 oram

341 1877 551 1956 modomaris,
560 1877 612 1942 sed
624 1879 682 1963 ipsi
691 1880 758 1942 urbi
769 1881 948 1964 propinqua
960 1877 1311 1964 locaslepopulaturum.
1329 1880 1400 1958 sed,

342 1977 378 2028 ut
398 1963 529 2042 falleret,
551 1979 645 2028 nocte
663 1961 924 2050 proficiscendum
941 1989 1018 2041 esse,
1034 1964 1257 2052 extemploque
1271 1964 1298 2010 ⁵⁷
1310 1987 1403 2031 naves

344 2049 552 2114 deducendos
576 2049 660 2136 quod
677 2073 740 2137 quo
758 2052 909 2116 maturius
924 2053 1023 2128 lieret,
1039 2052 1142 2116 omnis
1151 2051 1301 2136 juventus
1314 2053 1403 2118 Sam·

344 2135 468 2215 uitium,
484 2153 601 2221 praeter
618 2139 822 2202 trecessarium
840 2137 925 2202 urbis
940 2137 1137 2222 praesidium,
1153 2138 1192 2201 sd
1210 2137 1284 2203 litus
1301 2139 1403 2204 musa.

342 2221 489 2288 abidum
509 2223 687 2310 Nymphius
715 2225 745 2287 in
772 2223 909 2289 tenebris
933 2237 964 2288 et
988 2223 1188 2289 multitudine
1213 2239 1313 2289 semet
1337 2226 1404 2310 ipsa

342 2309 375 2373 iu
400 2309 533 2386 edicam,
550 2311 660 2375 sedulo
682 2309 751 2374 aliis
774 2309 836 2373 alia
860 2311 992 2396 imperis
1013 2311 1154 2386 turbans
1170 2311 1245 2376 terit
1261 2325 1402 2396 tempus;

346 2331 524 2473 clar-ilaus,
540 2419 581 2460 ex
598 2395 775 2480 composito
789 2396 829 2460 ab
844 2397 936 2460 sociis
951 2397 984 2459 in
1001 2397 1110 2462 urbem
1133 2411 1288 2484 receptus,
1305 2419 1402 2484 quum

343 2497 467 2547 summa
482 2482 568 2547 urbis
586 2484 732 2548 Romano
742 2481 841 2546 milite
856 2481 1011 2567 inplesset,
1028 2482 1096 2546 tolli
1111 2485 1282 2547 clamorem
1292 2485 1403 2568 jussit:

270 2591 277 2603 ·
343 2565 489 2654 adquam
507 2569 625 2647 Graeci,
638 2569 730 2655 signo
745 2583 873 2654 accepto
886 2592 906 2633 a
919 2569 1125 2669 principibus,
1136 2569 1292 2656 quievere.
1339 2570 1405 2634 No-

342 2653 408 2720 lani
425 2674 481 2738 per
495 2677 633 2719 aversam
654 2669 776 2740 partem
800 2654 887 2720 urbis
902 2675 951 2719 rra
967 2653 1082 2719 Nolam
1106 2654 1225 2721 ferente
1239 2653 1404 2744 effugiunt.

344 2740 541 2806 Samnitibus
570 2740 705 2807 exclusis
730 2740 770 2806 ab
796 2739 884 2817 urbe,
912 2755 947 2806 ut
972 2741 1149 2826 expeditior
1178 2742 1211 2804 in
1238 2743 1407 2825 praesentis

344 2825 432 2912 fuga,
449 2827 492 2891 ita
511 2825 634 2901 foedior‚
650 2843 815 2912 postquam
831 2826 973 2911 periculo
986 2841 1162 2904 eraserunt,
1178 2828 1264 2892 visa:
1288 2829 1407 2914 quippe

346 2913 400 2997 qui
417 2913 560 2990 inermes,
577 2913 663 2978 nulla
677 2934 783 2978 rerum
807 2934 934 2978 suarum
959 2935 1024 2976 non
1049 2913 1158 2978 relicta
1183 2917 1266 2979 inter
1290 2913 1405 2990 hostes,

346 2997 520 3062 ludibrium
549 3021 612 3061 uon
637 3001 774 3064 externis
796 2999 902 3076 modo,
919 2999 1083 3064 sedetiam
1121 2999 1320 3084 cpularibus‚
1335 3023 1407 3086 spo·

347 3083 415 3147 listi
429 3097 523 3170 atque
537 3101 663 3171 egentes
678 3084 789 3148 domos
808 3086 938 3150 rediere.
971 3085 1086 3150 “Hau
1130 3087 1260 3174 ignarus
1283 3086 1406 3172 opinio-

348 3170 396 3234 nis
410 3169 548 3244 alteriua‚
571 3193 634 3256 qus
655 3169 725 3235 haec
747 3171 886 3256 proditio
900 3170 941 3236 ab
958 3171 1151 3236 Samnitibus
1164 3171 1247 3236 sacta
1262 3174 1406 3250 traditur,

349 3279 447 3338 quum
471 3257 652 3322 auctoribus
673 3255 734 3321 hoc
757 3257 841 3334 dedi,
856 3257 971 3342 quibus
993 3256 1121 3346 dignius
1146 3258 1315 3335 credisset,
1340 3273 1408 3324 tum

347 3341 450 3408 foerlus
473 3342 719 3427 Neapolitanum
744 3347 795 3428 (eo
820 3343 904 3408 enim
927 3342 1043 3408 deinde
1064 3365 1189 3409 summa
1209 3346 1253 3408 rei
1275 3345 1408 3412 Greco-

348 3451 420 3493 rum
444 3429 540 3512 venit)
556 3429 689 3494 similius
714 3451 788 3494 vero
813 3427 897 3507 facit,
922 3429 1007 3516 ipsos
1031 3431 1065 3494 in
1085 3431 1256 3496 amicitiam
1281 3431 1408 3496 redisse.

732 3586 941 3650 ¹fe1lcqueGron.
954 3587 1022 3636 Cres.

284 3765 288 3774 ·
382 3733 414 3782 36
431 3733 590 3796 Pressouar]
609 3733 674 3782 Huic
689 3732 798 3782 militum
809 3747 863 3780 ms·
894 3735 962 3794 dam,
990 3748 1067 3797 quum
1099 3735 1244 3794 scriptorum
1279 3735 1409 3782 auctorum

349 3798 402 3847 nul.
894 3809 986 3854 movet,
998 3799 1040 3861 qui
1051 3799 1076 3846 id
1091 3799 1253 3857 tradiderunt,
1265 3803 1320 3846 tum
1332 3799 1410 3846 rodus

381 3863 414 3910 st
436 3862 518 3910 Nasus
546 3861 697 3927 decimum]
730 3863 760 3910 ln
788 3875 862 3910 mre
895 3863 1093 3924 Neapolitanum.
1124 3863 1266 3910 Groeonrum
1289 3864 1358 3910 esim
1383 3863 1410 3908 il·

350 3927 462 3974 Verbum
472 3928 518 3975 hsc
534 3928 561 3974 in
580 3940 606 3974 se
623 3929 757 3988 proprium,
768 3928 808 3974 cui
819 3940 862 3988 op·
895 3931 976 3976 lorum
994 3929 1029 3975 rei
1046 3939 1143 3976 summu
1159 3939 1176 3972 ι
1190 3926 1307 3988 ΡιΙεροΗ
1315 3926 1410 3988 Neapo-

349 3991 723 4052 poniuusutdscereinsiocum.
896 3993 1040 4042 limdeinde
1056 3991 1173 4039 omma
1188 3997 1236 4039 est.
1268 3991 1409 4040 suasurus

381 4053 414 4102 68
430 4051 624 4120 Hostiarum]
638 4057 787 4106 Semusests
806 4056 866 4103 Pro·
898 4058 986 4106 Foedus
1004 4070 1091 4117 ιιι-ρο
1104 4053 1310 4116 matronarum
1329 4057 1359 4103 iis
1377 4057 1410 4102 le-

348 4119 467 4166 ditiouem
485 4118 613 4180 Palaepolis
628 4121 669 4168 elii
687 4121 866 4181 Puepoussnss
896 4123 969 4184 egsum
991 4123 1069 4168 ictum
1091 4127 1152 4175 erat,
1175 4133 1232 4180 ques
1258 4121 1410 4167 venientibus

348 4183 496 4237 auctarium.
517 4185 559 4230 clii
588 4185 738 4232 Samnitibus
759 4185 863 4234 auctori·
895 4193 980 4247 sponte
997 4187 1023 4232 in
1042 4183 1175 4232 amicitiam
1194 4185 1286 4244 potius,
1295 4198 1370 4245 quaro
1387 4185 1410 4230 ri

348 4247 560 4295 saumonem
577 4251 736 4298 tradiderunt.
771 4250 864 4310 Mqut
895 4257 938 4298 sut
960 4251 1040 4298 duos
1064 4249 1200 4311 proditione
1220 4249 1321 4296 tenutis
1338 4249 1410 4296 dieta

349 4309 640 4371 roupertunuuueiuus
648 4315 739 4362 tutam
750 4327 802 4362 esse
813 4329 865 4362 ere·
896 4315 1042 4362 riderentur.
