3008 4908
417 203 510 262 LlB.
531 203 583 262 tv.
610 203 713 263 cAP.
734 201 831 260 nvn.
1097 204 1167 261 285¹

132 367 229 433 uvl.
254 366 371 432 Romae
395 365 477 432 sicut
501 366 601 452 plebis
625 363 841 431 victoria·fuit
868 365 900 429 in
930 386 980 443 eo,
1011 377 1056 444 ut,
1083 387 1154 452 qua
1163 382 1295 432 ucula
1326 385 1330 396 ’

97 453 236 532 mallent,
264 453 394 518 comitia
417 452 583 518 haberent:
607 453 652 517 ita
677 461 791 516 eventu
818 451 1018 516 comitiorum
1045 447 1305 528 Parrum-4⁰⁵·
1320 451 1331 492 ’·

98 540 209 606 vicere.
231 561 373 626 namque
395 540 513 606 tribuni
535 540 670 604 militum
692 538 849 604 consulari
871 549 1024 690 potestate
1046 553 1157 605 contra
1165 513 1270 626 ἓξὲξ
1271 545 1281 573 ’

97 648 182 712 spem
196 627 344 691 omnium
361 639 424 690 tres
447 626 569 710 patricii
590 625 687 690 creati
710 637 793 702 sunt,
819 625 857 690 C.
893 625 975 690 ullus
996 625 1101 704 Julus,
1121 625 1157 692 P.
1166 643 1221 692 atu.

97 713 268 777 Cornelius
294 713 422 790 Cossus,
449 713 488 778 C.
513 713 662 777 Servilius
689 710 803 776 Ahala.
851 713 959 774 Artem
983 711 1160 778 adhibitam

96 797 199 863 lertmt
220 823 241 863 a
263 799 418 884 patriciis,
446 799 548 890 (cujus
572 819 626 862 eos
653 797 733 863 Icilii
757 809 826 862 tum
849 819 975 884 quoque
996 799 1171 864 insimulo--

96 886 184 967 baut)
200 885 292 971 quod
303 885 430 950 turbam
448 885 648 986 indignorum
661 883 902 948 candidatorum
917 884 1161 951 intermiscendo

95 971 211 1058 dignis,
228 972 329 1036 taedio
349 970 491 1036 sordium
513 993 546 1035 in
568 969 757 1056 quibusdum
774 970 955 1057 insignium,
970 971 1159 1057 populuma

95 1056 228 1142 plebeiis
249 1057 447 1122 avertissent.
493 1057 624 1122 Volscos
645 1055 758 1122 deiude
781 1069 813 1120 et
839 1055 972 1141 AEquos,
996 1079 1051 1122 seu
1079 1059 1290 1146 Car-aeuum·

95 1157 232 1210 ventann
252 1167 313 1210 arx
336 1156 456 1209 retentu
478 1145 511 1206 io
534 1165 632 1228 spem,
647 1165 701 1206 seu
715 1141 893 1230 Verrugine
913 1143 1061 1208 amissum
1076 1167 1158 1229 prae·
1167 1134 1323 1258 {2¹:3⁸¹ng

95 1229 210 1296 sidium
239 1231 282 1295 ud
307 1229 386 1294 irum
413 1229 626 1315 compulisset,
648 1229 730 1294 lama
751 1228 895 1292 adfertur
918 1251 1042 1294 summa
1062 1234 1094 1295 vi
1120 1232 1159 1297 ad
1168 1269 1231 1309 rum.

96 1317 212 1382 bellum
228 1333 377 1381 coortos:
400 1331 496 1401 caput
516 1337 621 1380 rarum
638 1315 784 1380 Antiates
802 1337 886 1378 esse:
909 1337 1019 1380 eorum
1039 1316 1161 1404 legatos

97 1405 264 1490 utriusque
287 1403 390 1489 gentis
412 1404 548 1487 populos
568 1402 758 1478 circumisse,
781 1404 969 1488 castigantes
990 1404 1160 1489 ignaviam,

96 1492 192 1576 quod,
207 1489 314 1554 abditi
330 1491 413 1554 intra
430 1511 548 1568 muros,
562 1488 806 1574 populabundos
821 1487 854 1550 in
870 1489 955 1576 agris
968 1493 1077 1576 vagari
1095 1491 1163 1554 Ro·

94 1597 203 1641 manos
226 1577 340 1661 priore
359 1595 455 1654 anno,
471 1589 502 1640 et
516 1575 651 1659 obprimi
670 1573 855 1660 Verruginis
869 1574 1063 1658 praesidium,
1078 1578 1162 1661 passi

94 1674 205 1728 essem.
214 1664 292 1750 jam
306 1683 371 1726 nou
383 1662 540 1726 exercitus
555 1660 653 1725 modo
666 1673 815 1738 armatos,
831 1661 886 1724 sed
900 1661 1040 1726 colonias
1054 1663 1161 1742 etiarn,

96 1749 126 1812 iu
146 1772 220 1814 suos
249 1749 328 1813 lines
350 1748 448 1812 mitti:
472 1769 531 1812 nec
553 1749 638 1832 ipsos
659 1749 754 1811 motlo
778 1747 943 1812 Romanos
956 1769 1013 1812 sua
1026 1748 1162 1815 ³⁵diviua

95 1834 220 1914 habere,
246 1834 300 1899 sed
318 1834 522 1899 Ferentinum
534 1833 628 1898 etiam
640 1833 724 1900 deae
739 1845 865 1920 captum
885 1834 1035 1900 Hernicis
1044 1835 1163 1902 donas·
1249 1869 1252 1876 ⁴

96 1945 137 1987 se.
182 1921 246 1988 Ad
267 1921 337 1986 haec
356 1941 454 2006 quum
478 1920 749 1984 inflammarentur
770 1919 879 1996 animi,
900 1935 936 1986 ut
957 1921 998 1986 ad
1043 1945 1164 2010 uosque

97 2023 225 2075 rentum
256 2021 333 2084 eret,
356 2028 505 2072 uumerus
522 2008 685 2092 juniorum
708 2006 976 2073 conscribebatur.
1019 1945 1073 2073 lta
1093 2031 1163 2074 om-

98 2097 182 2161 nium
198 2094 399 2182 populorum
417 2095 566 2179 juventus
580 2093 713 2158 Antium
729 2107 900 2169 contracta,
916 2094 959 2158 ibi
980 2096 1090 2160 castris
1104 2117 1163 2182 po-

99 2182 163 2247 titis
192 2183 323 2247 hostem
356 2179 612 2264 obpetiebsntur.
659 2181 741 2249 Quoe
778 2178 831 2242 ubi
868 2183 1007 2244 tumultu
1043 2183 1164 2267 majore

99 2269 204 2350 etiarn,
222 2287 322 2354 quam
345 2287 395 2330 res
416 2278 494 2341 erat,
516 2266 707 2330 nunciantur
731 2265 878 2341 Romam,
897 2279 1022 2331 senatus
1044 2279 1163 2332 estem·

99 2355 151 2440 plo
166 2353 274 2443 (quod
297 2354 331 2416 in
350 2351 444 2417 rebus
458 2351 588 2437 trepidis
609 2351 755 2415 ultimum
777 2350 943 2416 consilium
963 2355 1045 2435 erat)
1062 2351 1164 2416 dicta·

101 2457 198 2508 torem
215 2440 285 2506 dici
294 2439 399 2526 jussit
413 2460 508 2526 quam
524 2459 591 2502 rem
605 2459 691 2525 tegre
704 2457 814 2521 passos
824 2435 845 2500 J
848 2434 945 2500 ulium
963 2437 1164 2502 Cornelium-

101 2551 160 2614 que
182 2529 312 2602 feruut3
344 2547 374 2589 m
440 2546 522 2610 oque
550 2524 721 2622 certamine
745 2520 1015 2624 animorumurem
1040 2537 1161 2624 actam:

101 2609 762 2772 ttttttttnttttttstllttt
777 2621 1164 2779 {titttttttttt

104 2784 295 2873 nosplebei¹
309 2782 515 2870 adpellerent,
530 2780 752 2848 etconaulibus
766 2801 893 2866 quoque
906 2781 1166 2868 sbeapotestate
1274 2827 1277 2832 -
1334 2825 1339 2832 -

416 3001 426 3033 9
1005 2999 1015 3033 5

104 3047 233 3123 civium,
256 3066 321 3108 non
345 3043 482 3129 denique
502 3041 668 3106 hominum
692 3049 827 3107 numero
849 3055 968 3118 easent;
991 3042 1166 3130 siquando

105 3131 277 3218 promiscui
298 3129 446 3207 bonores,
461 3126 729 3193 “communicata
750 3126 927 3213 respublica
940 3140 1030 3206 esset
1047 3143 1115 3196 tum
1132 3151 1166 3195 ae
1229 3165 1234 3174 ·
1290 3139 1294 3150 '

105 3219 392 3296 animadversuros,
409 3238 448 3280 ne
459 3237 532 3301 qua,
547 3213 695 3300 superbia
706 3213 957 3302 magistratuum,
972 3215 1063 3282 irrita
1076 3239 1167 3282 mna·

107 3302 305 3372 tuscomulta
319 3314 436 3376 esseutr
460 3301 587 3366 interim
601 3299 736 3386 patricii,
757 3299 850 3363 soluti
871 3300 977 3388 legum
1002 3302 1167 3390 magistra·

106 3405 263 3480 tuumque
276 3387 474 3464 verecundia,
496 3409 554 3473 per
568 3409 601 3452 se
615 3402 740 3474 quoque
758 3385 956 3451 tribuniciam
979 3399 1167 3472 potestatem

106 3489 265 3631 willllll.
290 3559 375 3627 Haec
399 3559 560 3626 contentio
588 3558 719 3624 minime
747 3557 861 3623 idoneo
889 3572 1042 3645 tompore,
1067 3582 1167 3647 quum

108 3662 232 3716 tautum
247 3648 323 3714 belli
337 3647 373 3712 io
386 3649 531 3712 manibus
545 3659 634 3723 esset,
649 3659 860 3730 occupaverat
880 3647 1087 3732 cogitationes
1109 3645 1169 3711 ho-

111 3737 249 3802 minum:
273 3734 388 3811 donec,
404 3733 459 3798 ubi
482 3733 537 3797 diu
560 3731 689 3796 alternis
704 3731 808 3796 Julius
824 3731 1064 3819 Corneliusque,
1079 3755 1169 3819 quaem

107 3825 207 3890 adid
227 3823 336 3888 bellum
359 3822 421 3905 ipsi
439 3822 517 3886 sutis
538 3819 642 3883 idonei
660 3819 748 3884 duces
768 3829 875 3899 essent,
890 3841 951 3883 non
966 3841 1028 3886 esse
1040 3842 1167 3906 aeqrmm,

95 3915 285 4012 'mndatusn
295 3907 359 3974 sits·
367 3929 389 3972 a
397 3909 514 3992 populu
524 3907 607 3990 mpi
616 3905 767 3982 honoreac,
778 3904 967 3982 disseruero
984 3919 1052 3972 tum
1066 3905 1170 3972 Ahala

435 4073 442 4112 ¹
455 4075 515 4139 pun
526 4075 600 4124 oron
612 4052 681 4123 sicet
691 4075 773 4136 pauno
783 4081 845 4136 pou.
871 4123 873 4132 ,

142 4224 172 4274 85
188 4227 277 4276 mauu
293 4223 385 4288 laben]
402 4225 544 4284 Suspicatus
563 4225 623 4270 Gro·
654 4223 768 4270 cientem
785 4223 924 4284 reipublice
941 4227 1052 4286 gerendo
1069 4229 1169 4276 admffi

114 4291 312 4345 munatium
336 4287 490 4337 vineata
505 4291 536 4337 ad
550 4289 622 4336 Lot.
655 4287 749 4348 plebeii.

143 4353 171 4402 St
180 4356 194 4382 '
202 4352 525 4416 cmmtoetampntttca]
543 4353 572 4400 ln
584 4367 623 4399 ao·
