2978 4918
392 169 489 231 ΜΒ.
516 159 573 230 ΙΙῘ.
600 165 702 230 ctt’.
729 168 843 228 xxiv.
1090 162 1148 235 177'

110 326 177 393 tado
191 327 269 416 ¹ipsa
292 329 423 434 periculi
450 352 614 420 reposcere
641 333 751 400 datum
779 331 937 400 auxillum
967 331 1143 398 videbatur.
1152 348 1181 395 u.
1194 340 1287 399 osan

109 413 221 491 Fabius,
236 418 358 482 omsssis
371 420 527 506 omnibus,
541 416 684 506 praedam
699 441 740 484 ex
753 420 862 486 castris
875 418 991 505 raptim
1009 419 1142 484 Antium
1151 415 1182 462 A.
1194 405 1286 464 Μ·

106 502 251 568 convehit.
286 504 337 570 Ibi
352 506 477 572 modico
491 505 638 592 praesidio
652 506 773 584 relicto,
789 507 919 571 citatum
935 525 1050 593 agmen
1060 505 1148 570 Tus-⁴

106 587 199 652 culum
213 591 309 675 rapit.
338 591 414 656 nihil
428 609 545 679 praeter
559 615 656 673 arma,
678 607 711 658 et
735 592 827 678 quod*
846 592 929 658 cocti
950 591 992 656 ad
1013 613 1143 656 manum

104 669 156 738 tus
173 674 245 754 cibi,
262 675 345 740 ferre
366 678 456 744 militi
478 679 577 744 licuit.
620 679 839 746 Commeatum
855 679 896 744 ab
912 677 1017 744 Rorm
1033 681 1147 744 consul

106 759 258 826 Comeliua
272 762 427 830 subvehit.
455 765 577 852 aliquot
590 787 712 830 menses
727 765 860 830 Tusculi
875 765 1034 831 bellatum.
1051 777 1144 850 parte

102 846 244 912 exercitus
273 850 384 914 consul
413 867 515 918 castra
544 851 726 938 AEquornm
754 851 979 940 obpugnabat:
1019 859 1148 936 partem

102 929 280 999 Tusculanis
294 935 425 1002 dederat
438 938 478 1012 ad
491 959 595 1004 arcem
607 938 865 1024 recuperandam.
909 937 950 1002 Vl
966 959 1141 1022 numquam
1149 953 1249 1001 Auum

100 1019 233 1083 eosubiri
242 1021 359 1108 potuit
374 1021 470 1088 fames
481 1024 723 1110 postremoinde
734 1025 1012 1090 detraxitbostem.
1034 1018 1273 1102 “Quom

99 1117 252 1192 postquam
266 1123 396 1173 ventum
410 1109 451 1174 ad
467 1123 641 1176 exnemum
657 1125 713 1189 est,
728 1111 863 1175 inermes
878 1110 1019 1196 nudique
1033 1131 1142 1175 omnes
1149 1095 1254 1208 22*

100 1192 148 1252 sub
169 1193 286 1280 jugum
316 1195 357 1259 ab
387 1195 576 1262 Tusculanis
604 1198 700 1261 missi.
728 1195 798 1277 hos,
828 1197 1039 1286 ignominiosa
1066 1199 1143 1286 luga

99 1275 216 1342 domum
232 1303 266 1344 se
280 1283 476 1367 recipientes,
493 1283 659 1352 Romanus
680 1283 838 1348 consalin
855 1283 973 1372 Algido
991 1305 1143 1348 consecu-

99 1373 149 1439 tos,
163 1364 201 1428 ad
217 1386 319 1430 unum
342 1389 450 1432 omnes
471 1368 596 1434 occidit
640 1369 749 1435 Victor
771 1368 810 1434 ad
828 1369 986 1434 Columeu
1004 1369 1050 1452 (id
1071 1369 1144 1435 loco

98 1467 199 1514 nomen
215 1453 276 1534 est)
291 1453 468 1519 “exercitu
483 1454 592 1520 relicto
607 1469 708 1522 castra
730 1457 822 1521 locat.
866 1454 911 1522 Et
927 1455 1007 1521 alter
1020 1455 1141 1532 consul,

98 1549 249 1624 postquam
268 1539 429 1604 moenibus
445 1543 511 1628 jam
529 1541 682 1607 Romanis
692 1551 711 1620 ¹,
725 1543 818 1630 pulso
841 1540 942 1620 hoste,
964 1542 1141 1628 periculum

97 1643 151 1686 asse
163 1624 311 1706 desierat,
327 1641 359 1690 et
373 1627 440 1712 ipse
454 1627 494 1692 ab
510 1627 616 1692 Roma
630 1628 799 1714 profectus.
843 1629 894 1693 lta
904 1627 1049 1692 bilariam
1066 1640 1145 1692 con-

96 1708 165 1772 sules
178 1711 312 1798 ingressi
335 1713 472 1778 hostium
494 1713 582 1792 fines,
604 1715 759 1802 8⁹ingenti
785 1715 957 1780 certamine
977 1713 1053 1779 hinc
1066 1713 1143 1778 Vol-

97 1813 162 1872 tcos,
177 1796 253 1862 binc
266 1797 396 1886 AEquos
411 1800 614 1886 populantur.
646 1799 767 1867 Eodem
780 1821 866 1866 anno
881 1801 1015 1866 descisse
1026 1800 1143 1865 Antia·

96 1892 140 1956 tes,
154 1884 237 1968 apud
260 1885 432 1972 plerosquo
453 1901 596 1951 auctores
618 1888 753 1954 invenio.
799 1887 838 1952 L.
855 1885 1040 1954 Cornelium
1065 1907 1143 1951 con·

96 1966 178 2032 sulem
200 1970 234 2035 id
258 1971 378 2036 bellum
401 1973 539 2058 gessisse,
555 1973 770 2062 oppidumque
794 1974 922 2058 cepisse,
939 1987 1061 2038 certum
1087 1973 1144 2037 ad-

95 2049 214 2134 firmare,
226 2058 308 2144 quia
319 2057 406 2122 nulla
416 2059 501 2145 apud
512 2061 694 2124 vetustiores
706 2061 876 2146 scriptores
887 2061 954 2148 ejus
964 2061 1010 2124 rei
1022 2061 1150 2124 mentio*

95 2151 139 2215 est,
154 2163 214 2208 non
230 2145 348 2208 ausim.
1291 2195 1297 2216 .

129 2225 257 2293 XXIV.
286 2229 364 2295 Hoc
388 2229 472 2294 bello
496 2231 644 2316 perlecto,
670 2231 875 2300 tribunicium
905 2231 994 2296 domi
1021 2229 1139 2296 bellum
1148 2246 1297 2296 Tubantes

96 2308 189 2378 Patres
203 2316 343 2382 territat.
389 2313 547 2398 Clamant,
557 2317 682 2402 fraude
691 2319 783 2402 fieri,
800 2319 881 2402 quod
889 2318 980 2402 soris
1000 2319 1247 2390 tensamentu-

94 2404 244 2468 esercs'tsss:
272 2401 285 2440 ¹
283 2401 524 2486 frustrationem
538 2425 603 2466 eom
613 2403 641 2466 le
669 2405 922 2468 'scotlandum
944 2383 1234 2467 sentations-‘'⁰¹¹⁸‘'

94 2503 139 2548 nass
150 2510 208 2552 rem
223 2499 394 2572 susceptam
403 2499 593 2571 peracturos.
671 2488 789 2553 btinuit
803 2503 908 2554 tamen
923 2487 961 2553 P.
974 2487 1148 2553 Lucretius·

93 2571 245 2650 praelectus
260 2575 362 2652 urbis,
378 2587 414 2640 ut
428 2575 566 2642 actiones
589 2573 767 2640 tribuniciae
782 2575 815 2640 in
830 2574 1003 2644 adventum
1027 2595 1142 2639 consus

94 2655 147 2720 lum
165 2659 383 2724 differrentur.
422 2657 507 2726 Erat
528 2677 560 2728 et
579 2683 663 2726 nova
684 2675 795 2726 exorta
816 2683 925 2726 caussa
946 2671 1061 2724 motus.
1098 2663 1141 2726 A.

95 2739 248 2812 Cornelius
263 2759 297 2810 et
313 2746 357 2823 Q.
374 2747 523 2812 Servilius
544 2747 739 2836 ’quaestores
756 2747 804 2812 Μ.
818 2747 956 2825 Volscio,
974 2745 1062 2832 quod
1084 2745 1143 2810 lal-

92 2829 228 2898 anabaud
245 2831 346 2898 dubie
358 2834 444 2899 testis
458 2837 491 2897 in
509 2833 679 2900 Kaesonem
691 2835 871 2910 exstitisset,
884 2834 967 2898 diem
984 2832 1141 2898 dixerant.

91 2915 183 2982 multis
206 2920 299 2984 enim
321 2919 488 2986 emanabat
513 2920 647 2998 indiciis,
668 2943 771 3007 neque
795 2924 927 2986 fratrem
945 2918 1077 2997 Volscii,
1101 2942 1142 2984 ex

90 3019 144 3098 qno
156 3005 255 3070 semel
269 3005 366 3071 fuerit
379 3029 473 3094 teger,
489 3029 641 3092 umquam
666 3029 731 3071 non
755 3007 852 3072 morlo
876 3007 978 3070 visum
1001 3006 1033 3069 in
1059 3006 1142 3091 pub·

91 3081 149 3166 lto,
163 3091 217 3157 aad
244 3115 285 3156 ne
306 3092 518 3158 adsurrexisse
542 3094 670 3180 quidem
695 3115 736 3158 ex
764 3094 888 3170 morbo,
904 3091 1142 3180 multorumque

91 3176 150 3240 aba
163 3179 521 3255 mensium'mortuun13
543 3201 603 3244 nac
624 3179 673 3244 his
696 3180 901 3266 temporibus,
917 3181 951 3244 in
966 3201 1039 3266 quae
1055 3180 1143 3249 tastis
1246 3205 1248 3214 ⁴

89 3259 193 3328 criman
210 3265 409 3351 conjecisset,
422 3263 593 3330 Kaesonam
611 3266 724 3330 Romae
740 3267 840 3330 visum
853 3290 861 3329 s
876 3265 1139 3343 adfirmantibus,

90 3347 134 3429 qui
154 3371 217 3417 uua
236 3363 429 3430 meruerant,
445 3373 549 3418 secum
572 3373 644 3418 euru
659 3364 727 3418 tum
742 3351 757 3390 ³
764 3349 960 3438 frequentem
985 3351 1026 3416 ad
1049 3352 1141 3438 signa

364 3513 366 3520 ’
423 3522 624 3586 ⁸llosssssslsjosss
634 3524 707 3570 Gran.
720 3522 788 3570 cres.

20 3739 21 3744 η
114 3683 141 3734 ⁹7
158 3687 340 3750 copam
359 3693 451 3736 mlum
468 3689 499 3736 ad
518 3695 594 3738 sstu-
624 3691 682 3756 aa]
699 3691 753 3740 nae
772 3691 861 3751 specte,
881 3689 927 3736 soc
942 3687 1021 3733 cotors
1040 3685 1140 3732 usuca-

89 3759 143 3796 Μ
156 3755 201 3820 m]
219 3752 355 3816 Postquam
372 3769 401 3802 co
418 3757 517 3803 tandem
535 3770 593 3804 san·
624 3755 702 3803 lentas
723 3757 759 3802 uti
789 3754 902 3816 patrtctos
934 3749 1048 3798 tollendas
1080 3749 1140 3808 legls

89 3817 592 3874 ‘metusnmeshostsmssssss
623 3833 704 3870 sauss.

89 3873 213 3933 Maus
223 3885 372 3932 decubuer-
657 3885 672 3932 a
691 3879 901 3946 osma1vu
913 3885 964 3928 nos.
975 3875 1056 3925 soar
1066 3889 1087 3923 a
1099 3875 1140 3925 ss.

114 3941 143 3990 ⁹⁸
156 3945 271 3997 &oms
289 3947 382 4011 aetna]
405 3949 545 4010 sefforam
557 3952 593 3998 a.
623 3951 641 3998 a
653 3950 688 3998 11.

88 4003 254 4062 Marruuia
289 4012 348 4060 Vox
359 4013 438 4062 utero
454 4015 538 4076 procttl
548 4015 593 4064 du·
656 4011 856 4074 S'Fssqssesslcm
874 4011 905 4058 od
928 4011 999 4070 signo
1018 4010 1069 4056 ss'ssc
1093 4007 1140 4054 utto

88 4065 121 4114 ⁸⁰
130 4073 211 4124 ’ΜΨ
221 4083 267 4127 0⁸2·
626 4083 751 4128 msamasta
760 4075 850 4139 subsc]
867 4076 1001 4124 Assiduum
1017 4073 1092 4121 futssa
1108 4073 1140 4120 sd

115 4135 410 4204 ⁹⁹·1sgssssmsamtas1
426 4143 592 4192 Acsltsstntas
623 4145 702 4204 signs,
725 4141 790 4202 apud
812 4141 965 4195 exercitums
995 4153 1039 4186 nee
1060 4137 1140 4184 ullum

89 4205 110 4240 ¹²
127 4209 250 4264 mansu,
266 4213 323 4254 utos
342 4207 496 4266 plus'dsmnl
514 4209 590 4256 hosti·
622 4206 754 4268 sumpsisse
764 4207 796 4252 sb
809 4206 954 4266 imperatore
965 4208 1140 4256 commeatum,

90 4261 234 4319 '’flmm-
623 4274 675 4320 slva
695 4271 838 4318 facultatem
860 4269 999 4318 discedendi
1019 4270 1050 4316 sb
1070 4277 1139 4313 eser·

117 4325 344 4384 l'Frsssrssoseas
355 4349 403 4382 ass
414 4336 473 4398 tego
490 4337 592 4386 mussa
623 4339 682 4386 asu,
