2942 4924
436 219 526 282 ΗΒ.
548 219 572 280 l.
600 219 702 282 GAP.
722 217 821 282 XXV.
1117 229 1155 284 36

87 403 198 448 ceraue
210 387 347 450 recitare
360 398 432 454 artu
445 391 512 452 sirie
524 390 595 452 dole
611 390 700 463 trab,
716 389 820 472 attere
832 407 870 452 er
883 389 934 450 tte
946 387 1037 452 toute
1049 393 1154 455 rectia-

85 471 162 532 risre
177 472 339 536 intellecto
356 483 437 550 nere,
453 475 518 538 illis
537 473 652 560 legibus
668 475 800 557 populus
815 471 971 538 Romanus
985 477 1079 558 prim
1093 495 1154 540 nou

85 557 217 638 ὀψία.
252 561 291 624 St'
298 563 394 642 prim·
408 562 522 645 deserit
532 562 885 644 portentorumque
895 561 997 633 mulce
1020 559 1088 626 7θέιι
1099 565 1154 627 itte

84 645 148 718 die,
160 645 303 728 Jupiter,
317 649 462 729 populun
474 649 642 712 manem
657 648 816 733 aicserito,
827 657 862 712 ut
875 667 931 732 ego
941 648 1154 732 metoparum

84 730 138 792 bic
151 731 404 815 leodieserium:
426 742 572 834 tantoque
592 736 689 818 magu
697 734 811 818 ferito,
828 737 1054 820 quantomagis
1065 747 1155 818 potes

78 818 255 900 pellesque.
301 817 339 882 ld
368 818 424 883 ubi
452 817 546 896 disat,
576 839 709 906 porcum
731 819 844 883 ⁷⁴saxo
872 819 959 883 silica
987 822 1154 905 percussit.

86 901 156 967 Sua
170 903 249 968 item
267 905 409 970 carmina
425 905 542 971 Albani
564 925 718 992 suumque
733 905 956 992 jusjurandum
979 927 1037 990 per
1058 929 1152 972 suum

83 987 282 1054 dictatorem
297 1013 431 1078 suosque
445 992 622 1057 sacerdotes
637 1006 835 1080 peregerunt.

129 1075 252 1142 XXV.
279 1078 412 1143 Foedere
437 1079 510 1156 icto,
537 1078 708 1167 trigemini,
734 1078 816 1142 sicut
840 1091 1039 1154 convenerat,
1065 1097 1155 1143 arum

85 1163 236 1250 capiunt.
282 1164 392 1241 Quum
413 1166 461 1230 sui
483 1179 633 1252 utrosque
650 1164 901 1241 adhortarentur,
919 1167 1003 1229 Deos
1018 1167 1154 1248 patrios,

81 1252 231 1332 potr-iarn
245 1273 284 1314 ac
292 1263 447 1334 parentet,
463 1255 614 1338 quidquid
626 1254 735 1316 ciuium
750 1254 842 1330 domi,
858 1253 1008 1336 quidquid
1021 1253 1055 1315 iu
1069 1273 1155 1314 cccr-

86 1337 152 1399 er'tu
166 1337 224 1416 sit,
240 1337 361 1402 illonrru
383 1347 453 1402 tuuc
467 1361 566 1415 eruto,
583 1341 702 1402 illorum
718 1341 834 1401 intueri
850 1357 977 1400 mansu:
999 1337 1025 1380 ⁷⁵
1036 1335 1154 1402 feroces

87 1437 119 1486 et
142 1437 262 1506 suopte
286 1425 317 1486 in
359 1425 422 1503 nlo,
447 1439 479 1488 et
503 1423 587 1510 pleni
611 1424 848 1488 adhortantium
872 1423 1013 1504 vocibus,
1032 1424 1064 1486 in
1088 1443 1154 1486 me·

88 1509 180 1573 dium
208 1509 292 1573 inter
316 1445 395 1574 dirus
421 1511 502 1574 acies
523 1511 708 1596 procedunt.
754 1509 972 1574 Consederant
995 1509 1154 1596 utrimque
1163 1523 1306 1602 eampum

89 1617 151 1678 pro
173 1595 288 1660 castris
308 1599 372 1661 duo
393 1599 557 1674 exercitus,
579 1597 710 1682 periculi
737 1597 837 1684 magis
864 1595 1037 1682 praesentis,
1058 1589 1298 1686 quamdfflffll‘w·

89 1703 178 1746 curae
204 1699 361 1767 expertes.
383 1685 503 1770 quippe
526 1685 691 1772 imperium
716 1683 877 1770 agebatur,
894 1685 926 1747 in
948 1697 1011 1747 tam
1035 1703 1155 1768 pauco·

91 1789 166 1832 mm
190 1769 310 1833 virtute
338 1783 434 1850 atquc
462 1769 587 1834 fortuna
615 1772 763 1856 positum.
789 1769 816 1814 ⁷⁶
826 1771 931 1855 itaque
959 1791 1037 1858 ergo
1060 1772 1157 1836 erecti

92 1857 303 1940 suspensique
316 1857 349 1918 in
364 1856 390 1900 ⁷⁷
402 1856 531 1921 minime
552 1869 678 1944 gratum
695 1856 907 1942 spectaculum
930 1857 1037 1923 animo
1052 1858 1156 1920 inten-

91 1940 225 2006 duntur.
271 1943 378 2006 Datur
395 1945 529 2032 signum.
544 1943 729 2030 infestisque
741 1943 846 2018 armis,
862 1943 948 2008 velut
966 1945 1057 2020 acies,
1073 1944 1156 2010 terni

86 2028 234 2114 juvenes,
258 2049 447 2130 magnorum
473 2032 668 2094 exercituum
695 2031 816 2093 animos
843 2037 1006 2116 gerentes,'
1023 2051 1156 2095 concur-

92 2127 187 2181 runt:
212 2135 273 2179 nec
295 2115 354 2193 lus,
379 2137 436 2180 nec
456 2117 516 2180 illis
538 2116 714 2201 perieulum
736 2137 849 2192 suum3
871 2115 1032 2201 publicum
1055 2119 1155 2202 impe·

91 2202 175 2266 rium
200 2201 427 2289 servitiumque
448 2203 630 2268 obversatur
651 2205 768 2279 animo,
787 2200 955 2289 futuraque
979 2225 1017 2268 ea
1040 2203 1157 2269 deinde

90 2289 208 2374 patriae
230 2287 368 2366 fortuna,
385 2311 477 2375 quam
494 2290 553 2374 ipsi
572 2289 727 2354 fecissent.
773 2288 821 2354 Ut
839 2293 944 2374 primo
960 2290 1065 2354 statim
1080 2313 1156 2354 con·

90 2397 189 2440 cursu
208 2375 402 2460 >increpuere
424 2397 520 2452 arma,
540 2377 752 2461 micantesque
775 2374 890 2439 fulsere
914 2376 1023 2460 gladii,
1044 2376 1159 2443 horror

89 2460 120 2524 iu
167 2483 206 2525 ns
228 2476 406 2546 spectantes
428 2462 629 2550 perstringit:
653 2475 695 2540 et,
710 2474 824 2524 neutro
846 2461 993 2524 inclinata
1010 2485 1075 2547 spe,
1092 2476 1157 2526 tor-

88 2569 130 2632 pe
154 2563 190 2613 at
216 2571 279 2614 vox
304 2549 502 2636 spiritusque.
549 2549 711 2612 conserus
736 2545 852 2610 deinde
878 2546 1034 2622 manibus,
1058 2569 1157 2634 quum
1234 2561 1242 2570 “

84 2639 153 2720 jam
173 2653 243 2699 non
267 2649 371 2699 motus
391 2649 512 2702 tentum
536 2652 715 2720 corporum,
730 2633 924 2720 agitatioque
945 2655 1060 2717 anceps
1074 2633 1156 2698 ⁷8te-

122 2809 158 2858 ts
176 2811 217 2858 Tu
239 2809 278 2862 ttto
300 2809 337 2858 die
357 2810 464 2874 Jupiter]
498 2809 611 2870 Sigonius
673 2808 816 2868 tt'1taque
827 2810 896 2872 argu]
915 2807 1030 2856 Similiter
1047 2810 1086 2856 be·
1100 2809 1156 2856 drea

84 2871 187 2984 lssrmglu
199 2875 610 2987 plbsefvat'itgriptopbaperetum
643 2876 735 2985 pggugqr
754 2869 893 2936 junguntur
914 2873 979 2920 inira
1001 2873 1048 2920 111.
1068 2873 1106 2925 31.
1132 2881 1157 2922 at

116 2954 130 2985 C
156 2955 192 2986 la
224 2956 239 2984 B
286 2956 306 2984 ἰ.
377 2953 489 2985 nsentun
517 2953 611 2986 unute
684 2973 691 2986 .
735 2969 741 2982 ι

87 2943 308 3061 Gronovitnffet
327 3015 391 3050 unus
409 3019 422 3049 e
443 3003 537 3050 nostris.
554 3001 611 3049 inde
675 3001 839 3052 ti‘tttrtmr
867 3005 965 3064 grutem
991 3000 1155 3067 spectaculum]

87 3069 253 3118 maumam
268 3076 305 3116 ert
322 3069 369 3128 tegi
385 3069 471 3116 debere
481 3069 609 3128 Diespiter,
643 3069 696 3116 Hoc
717 3067 772 3114 ides
794 3067 890 3114 videtur
914 3067 1039 3112 observare
1061 3065 1155 3121 Liviut,

88 3141 118 3180 ut
136 3133 264 3194 Sigonius,
281 3139 307 3181 et
324 3133 542 3182 Terrenorum.
558 3133 608 3180 ad·
640 3135 706 3194 quod
726 3133 791 3192 apud
819 3131 941 3178 Romame
967 3145 1015 3178 non
1037 3130 1156 3181 susimtlta

89 3209 154 3244 vers.
173 3211 196 3243 c.
216 3196 253 3244 lt.
273 3201 374 3246 voluere.
408 3197 500 3248 Turbat
517 3196 608 3245 erute.-
641 3211 705 3258 srepe
726 3197 888 3258 pugnantium
911 3196 973 3240 inter
1000 3208 1025 3241 se
1048 3193 1155 3242 virdrutn

87 3263 156 3320 qaod
174 3263 248 3310 iecile
265 3261 437 3310 crediderimus
457 3269 541 3309 natum
557 3275 608 3310 este
640 3262 776 3322 spectacula
792 3261 822 3306 ad
839 3259 922 3320 populi
933 3259 1083 3320 voluptatem
1100 3261 1156 3306 cde·

87 3339 104 3374 ι
121 3328 191 3373 mala
208 3341 268 3374 eiua
286 3341 380 3386 eorum,
392 3327 435 3388 qui
450 3339 527 3386 quum
546 3327 609 3386 lege·
641 3327 737 3373 bantur.
769 3327 805 3370 At
816 3339 871 3372 vero
882 3325 927 3370 boc
940 3323 1098 3370 Horatiorum
1106 3325 1154 3372 Cu·

88 3399 144 3438 rent
171 3389 222 3437 dier
242 3392 348 3454 Jsp'uer,
370 3393 497 3439 voluerunt
523 3393 609 3440 tutetre
640 3391 814 3450 riauorumque
841 3390 1003 3450 pugnantium
1031 3395 1155 3448 spectacu-

89 3455 244 3502 nomenclier
259 3456 504 3516 additoprooomine.
537 3455 569 3502 Ut
582 3465 608 3503 ut
641 3454 702 3510 lum,
722 3468 770 3500 uon
789 3455 908 3514 voluptati
923 3453 1096 3514 spectantibus,
1112 3454 1155 3500 sed

89 3520 130 3572 sit.
154 3522 287 3568 emendus
308 3523 420 3568 videmur
440 3520 535 3575 debere,
558 3525 609 3568 tum
715 3519 970 3568 esollicitudinierat.

90 3583 222 3646 Dierpiter.
236 3586 273 3632 rel
288 3589 338 3632 tum
355 3589 381 3632 tu
392 3585 517 3646 Diespiter.
549 3583 610 3632 Om-
640 3533 712 3632 miqssn
732 3581 839 3630 Telorum
866 3581 1038 3646 oratorumque]
1077 3580 1154 3627 Arrno

91 3661 148 3696 nem
171 3649 348 3698 dubitationem
376 3649 461 3698 eximit
488 3649 608 3698 Festusa
640 3663 770 3698 commune
792 3647 936 3696 vocobulum
958 3654 1003 3701 cst,
1026 3659 1075 3706 quo
1096 3657 1153 3690 con-

92 3711 192 3774 S‘tgunio
207 3715 335 3786 allegatus,
348 3715 390 3774 qui
404 3715 429 3762 in
442 3727 499 3762 voce
509 3715 608 3774 lapidem
640 3715 748 3762 tinentur
769 3719 794 3759 et
815 3727 843 3760 ea
865 3726 933 3760 anna
958 3712 1046 3770 quibus
1068 3709 1154 3756 ieritur

93 3777 162 3826 affert
173 3779 238 3826 benc
251 3780 351 3840 jurandi
369 3779 515 3826 tonnulamt
532 3779 607 3826 tirci-
639 3777 725 3838 hostis,
745 3785 769 3826 et
788 3778 920 3838 atquibus
942 3789 1028 3836 corpus
1050 3773 1154 3834 protegi-

95 3853 131 3887 ω
139 3843 272 3904 sationum
288 3859 323 3892 me
338 3843 456 3904 Diespiter
472 3874 479 3888 .
497 3875 503 3888 .
522 3875 529 3890 .
545 3843 607 3890 ionic
639 3849 686 3890 tur.
721 3845 767 3892 Sed
794 3849 820 3888 et
852 3843 952 3888 arctiore
980 3839 1153 3900 significatione

94 3907 173 3968 dinei.
208 3909 328 3970 Diespiter
346 3914 429 3956 autem
444 3907 541 3968 Jupiter
556 3909 606 3956 dic·
637 3921 705 3956 arnse
723 3907 817 3968 proprie
835 3913 892 3954 sunt
912 3919 941 3954 ea
957 3919 1013 3966 quse
1031 3905 1061 3952 ad
1084 3911 1153 3949 tuen-

95 3975 186 4030 tuaest,
199 3976 268 4034 quast
280 3973 409 4032 dietpulcr.
638 3971 699 4020 dum
726 3985 812 4032 corpus
840 3969 929 4024 vetent,
946 3975 970 4016 et
996 3973 1153 4030 opponuntur

126 4037 337 4102 ii‘Saeorilicr]
354 4037 444 4084 Serum
458 4037 553 4098 gewis
564 4053 606 4084 nn·
639 4037 689 4084 ielis
721 4039 792 4086 uibus
810 4037 885 4084 bostis
900 4036 1042 4094 impetitur:
1060 4037 1088 4080 ut
1103 4033 1151 4088 hic.

98 4115 147 4150 uteo
163 4109 217 4155 eat:
238 4105 299 4152 atter
316 4101 423 4164 speciem
439 4101 526 4162 lapidis
545 4103 607 4151 indi-
638 4053 826 4152 celamus
860 4099 952 4149 Eadem
964 4100 1026 4148 ratio
1037 4105 1073 4146 eet
1084 4111 1151 4148 com·

97 4173 220 4232 utquam
239 4167 347 4216 dicbnua
363 4165 452 4216 cuilluu.
486 4165 525 4214 Sic
543 4169 607 4216 inira
639 4165 746 4226 plurium
762 4163 942 4223 vocabulum,
973 4179 1012 4212 ute
1026 4173 1050 4212 et
1066 4175 1153 4226 genus,

96 4231 332 4296 lxxiii-lapides
345 4229 423 4278 silices
639 4233 800 4280 etalterame
816 4231 940 4290 speciebus
956 4179 1079 4278 denotant.
1112 4227 1152 4276 Sic

121 4297 303 4362 termes]
316 4293 504 4344 vid-uotbad
514 4299 605 4358 prreiat
639 4297 665 4341 in
683 4291 740 4358 jure
758 4295 849 4358 cognati
867 4302 963 4344 suntet
980 4293 998 4340 ii
1012 4293 1152 4354 qpicunque

93 4379 160 4428 supra,
640 4361 757 4420 unguine
770 4357 851 4422 juncti
870 4367 936 4420 eunt,
949 4367 974 4406 et
994 4359 1009 4405 ii
1027 4357 1151 4419 speciatim
