3032 4924
187 389 216 438 n.
226 385 254 438 0.
266 389 321 438 Sil.

349 213 406 270 tot
733 205 844 266 Tl'l'l
873 207 1011 270 t1v11

348 341 542 435 Treboniam
578 367 680 446 lecta,
710 343 895 434 memoriam
926 369 1094 436 obscuram
1122 367 1202 436 fecit
1257 367 1388 434 Victores

185 453 321 506 emsa&
347 457 477 531 tribuni,
509 467 545 519 ut
571 459 759 542 'presentem
789 457 965 522 mercedem
989 455 1104 541 judicii
1133 453 1234 540 plebes
1260 453 1388 530 haberet,

185 881 280 960 aelium

182 979 319 1040 multiplex.

346 542 448 632 legem
474 541 631 629 agrariam
657 541 873 628 promulgent,
894 544 1108 629 tributumque
1131 540 1262 607 conferri
1292 540 1390 623 probi·

346 629 443 694 bent:
465 647 562 714 quum
586 641 633 692 tot
654 627 845 694 exercitibus
865 628 1024 714 stipendio
1048 651 1130 716 opus
1154 643 1241 706 esset,
1256 626 1389 712 ⁴¹resque

323 713 468 796 ,militiae
490 715 705 801 improspere
718 729 915 803 gererentur,
934 729 971 778 ut
986 715 1074 780 nullo
1087 714 1170 780 bello
1185 714 1338 780 veniretur
1355 711 1390 776 sd

346 801 465 866 exitum
487 801 565 884 spei.
580 823 719 888 namque
735 801 822 865 Veiis
835 813 948 878 castra,
965 824 1038 887 quoe
1057 803 1171 866 amissa
1191 814 1289 876 erant,
1311 819 1392 862 recn-

346 900 455 972 perats
476 886 609 951 castellis
631 887 787 972 praesidiis
812 911 854 952 ue.
874 887 1053 952 lirrnautur.
1100 888 1262 952 Proeerant
1284 885 1393 948 tribuni

345 972 480 1039 militum
499 973 555 1038 Μ’.
572 973 722 1038 AEmilius
742 987 773 1038 et
825 973 975 1039 ‚Fabius
1022 971 1087 1039 M.¹¹
1103 973 1202 1039 Furio
1217 973 1248 1037 in
1263 970 1392 1050 Faliscis,

344 1074 377 1126 et
394 1059 454 1125 Cn.
467 1057 616 1132 Comelio
629 1061 663 1124 in
680 1061 842 1145 Capenate
906 1081 941 1124 ro
963 1059 1068 1126 hostes
1085 1059 1164 1124 nulli
1181 1074 1271 1126 extra
1284 1057 1395 1122 rnoenia

343 1145 480 1234 inventi:
516 1145 636 1232 praedoe
664 1161 755 1224 actae,
783 1147 874 1212 inren
901 1147 999 1232 iisqne
1027 1146 1173 1211 villarum
1206 1167 1244 1210 ac
1274 1147 1393 1228 lr'ngnnr

343 1233 457 1298 vastati
471 1232 566 1298 lines:
592 1232 731 1320 oppids‘
753 1232 948 1320 obpugnata,
964 1254 1023 1298 nec
1039 1233 1164 1298 obsessa
1185 1244 1267 1296 sunt.
1310 1231 1353 1294 At
1364 1229 1394 1292 in

222 1287 227 1292 .
342 1317 480 1397 Volscis,
495 1320 689 1406 depopulato
703 1341 792 1408 agro,
810 1321 930 1390 Anxur
944 1317 1159 1406 nequidquam
1177 1319 1396 1467 obpugneturu,

104 2361 107 2373 '
179 2377 221 2427 rr.
234 2381 289 2432 un.

81 2505 85 2514 ι
177 2449 294 2512 plebeius.

179 2554 212 2601 U.
224 2555 251 2601 0.
260 2551 317 2602 3⁵5.

179 2619 210 2666 Α.
223 2619 249 2665 C.
260 2616 317 2666 aar.

179 2683 208 2732 Ρ.
217 2681 309 2730 Licinio

177 2747 263 2806 calvo,
275 2747 320 2796 duc.

177 2811 220 2862 Tr.
230 2813 284 2862 itii.

342 1405 414 1471 loco
428 1405 493 1471 ulto
507 1409 623 1486 situum
645 1420 687 1484 et,
704 1418 871 1492 nonquam
885 1405 931 1469 vis
953 1407 1042 1470 irrita
1064 1419 1141 1480 erat,
1158 1403 1241 1471 vallo
1274 1421 1395 1488 ossaque

342 1492 481 1558 obsideri
502 1507 658 1577 coeptum.
703 1492 831 1556 Valerio
854 1491 963 1557 Potito
980 1491 1087 1556 Volsci
1111 1491 1276 1576 provincio
1295 1510 1397 1554 evene·

342 1593 403 1645 rat.
449 1579 525 1644 Hoc
539 1594 622 1644 statu
641 1577 825 1643 militarium
851 1599 970 1655 rerum,
987 1577 1099 1644 seditio
1118 1579 1268 1643 intestina
1289 1576 1397 1660 majore

341 1666 427 1730 mole
447 1679 567 1744 coortu,
590 1685 686 1750 quarn
709 1665 792 1730 bells
814 1663 1041 1738 tractabantur.
1068 1679 1110 1743 et,
1150 1687 1229 1730 uum
1251 1662 1397 1728 tributum

341 1751 478 1818 conferri
495 1771 556 1854 per
575 1752 721 1816 tribunos
736 1771 801 1815 non
816 1763 931 1836 posset,
946 1773 1004 1816 nec
1018 1688 1214 1836 stipendium
1237 1743 1397 1834 imperato·

341 1840 431 1903 ribus
460 1853 648 1918 nntteretur,
673 1857 799 1924 saraque
828 1837 978 1902 militaria
1004 1837 1170 1924 flagitaret»
1193 1836 1294 1914 miles,
1319 1831 1399 1900 bend

341 1923 454 2010 procul
469 1937 546 2002 erat,
563 1924 639 2010 quin
654 1937 757 1989 castra
770 1945 898 2010 quoque
911 1924 1043 1988 urbanae
1060 1923 1228 1989 seditionis
1242 1922 1398 2008 contagio·

340 2031 383 2075 ne
408 2007 623 2076 turbarentur.
680 2009 768 2075 Inter
796 2009 853 2074 has
878 2011 939 2074 iras
964 2008 1066 2094 plebis
1095 2011 1127 2076 in
1157 2010 1282 2087 Patres,
1307 2026 1398 2093 quum
1491 2081 1492 2088 q

341 2097 462 2162 tribuni
483 2096 584 2182 plebis
610 2119 696 2161 nunc
717 2095 794 2162 illud
819 2109 945 2181 tempus
966 2119 1035 2162 esse
1053 2097 1198 2164 dicerent
1212 2093 1399 2162 stabilienda

341 2181 508 2262 libertatis,
524 2197 557 2248 et
570 2182 611 2248 ab
628 2183 747 2270 Sergiis
763 2183 978 2272 Virginiisqne
992 2183 1033 2248 ad
1049 2181 1190 2266 plebeios
1206 2185 1291 2248 viror
1311 2179 1400 2246 fortes

342 2293 380 2336 so
405 2285 548 2336 strenuos
574 2267 779 2335 transferendi
803 2270 918 2334 summi
944 2269 1093 2348 honoris;
1120 2291 1187 2334 non
1202 2284 1311 2334 tamen
1326 2266 1402 2332 ultre

341 2377 523 2444 processum
539 2369 595 2434 est,
610 2377 707 2457 qnam
724 2369 760 2421 ut
779 2353 896 2422 ⁴⁵nnus
911 2379 952 2420 ex
976 2355 1078 2442 plebe,
1094 2355 1306 2442 “usurpandi
1326 2349 1401 2439 juris

342 2465 461 2523 caussa,
481 2445 514 2510 P.
528 2443 669 2510 Licinius
681 2442 799 2508 Calvus
813 2441 960 2508 tribunus
975 2441 1110 2508 militurn
1127 2443 1290 2509 consulari
1306 2450 1402 2526 potes·

341 2543 407 2597 tate
427 2544 605 2596 crearetur:
638 2532 733 2594 ceteri
756 2529 880 2614 patricii
903 2531 999 2594 creati
1026 2528 1064 2594 P.
1088 2528 1242 2606 Maenius,
1269 2525 1401 2594 1..'riti·

341 2617 424 2701 nins,
443 2619 479 2683 P.
497 2617 637 2693 Melius,
661 2615 698 2680 L.
716 2615 831 2680 Furius
855 2613 1065 2694 Medullinus,
1082 2615 1120 2680 L.
1138 2615 1304 2682 Publilius
1317 2609 1402 2676 Vols-

341 2726 405 2770 cus.
460 2705 533 2790 ipss
561 2703 667 2788 plebes
694 2701 878 2779 mirabatur,
903 2725 936 2768 se
964 2713 1083 2767 tantum¹
1114 2722 1183 2767 ram
1214 2700 1402 2772 obtinuisset

339 2813 405 2855 non
431 2792 457 2854 is
482 2788 587 2864 modo,
610 2789 665 2874 qni
690 2802 813 2852 orestus
836 2803 914 2866 erat,
938 2791 987 2852 vir
1008 2787 1102 2854 nullis
1125 2803 1203 2856 ante
1233 2783 1404 2854 bonoribus

340 2899 424 2954 naus,
447 2875 571 2939 “retus
595 2888 718 2940 tanturn
742 2887 878 2951 senator,
900 2890 933 2940 et
957 2888 1052 2940 aetate
1070 2877 1138 2962 jam
1162 2877 1282 2964 gravis.
1341 2875 1404 2938 Neo

339 2963 414 3027 satis
428 2971 642 3048 constat,cur
656 2959 776 3045 primus
797 2980 835 3026 ac
856 2962 1039 3046 potissimus
1061 2961 1102 3026 ad
1120 2983 1244 3028 novum
1267 2959 1404 3028 deliban-

339 3048 417 3114 dum
441 3047 596 3112 honorem
619 3049 660 3112 sit
680 3046 815 3112 habitus.
860 3049 926 3112 Alii
950 3050 1010 3113 Cn.
1034 3047 1178 3114 Cornelii
1206 3048 1329 3129 fratris,
1353 3043 1403 3132 qui

535 3185 797 3250 tamensem.
982 3203 1210 3250 sinuessanae.

371 3345 526 3408 li'licrqroe
555 3347 647 3394 mttttroe
672 3349 707 3395 iio
731 3345 852 3410 praepete]
886 3361 956 3396 mum
979 3351 1031 3396 loco
1050 3351 1078 3397 iit
1099 3349 1194 3396 mentio
1218 3349 1286 3410 opud
1310 3343 1405 3393 Liviam

338 3413 434 3475 iterque
451 3413 546 3460 militia
565 3425 676 3473 prospere
695 3413 794 3474 quidem
813 3426 854 3474 ge·
886 3415 1003 3462 senatoris
1022 3415 1117 3474 plebeii.
1159 3413 1218 3468 Quo
1242 3411 1327 3462 sutem
1349 3417 1408 3456 tern-

338 3487 458 3533 retentor,
476 3479 518 3524 red
535 3477 568 3524 ita
589 3484 672 3524 tomen
699 3485 727 3524 ut
756 3478 852 3524 nullum
885 3491 943 3538 pore
969 3479 1050 3524 aditur
1072 3479 1098 3525 in
1122 3479 1279 3526 renstoriunr
1299 3475 1407 3522 ordinem

337 3543 429 3592 beilum
458 3543 629 3590 terminaretur
652 3548 747 3603 sperata
777 3542 852 3588 vieto-
885 3543 985 3604 plebeiis
1010 3543 1124 3602 patuerit,
1147 3555 1198 3590 non
1222 3543 1285 3590 satia
1305 3541 1405 3588 muniti.

338 3607 382 3654 ria.
884 3621 930 3654 nec
951 3607 1011 3653 certi
1033 3608 1166 3666 quidquem
1183 3609 1234 3656 bar
1255 3608 1288 3654 de
1303 3617 1331 3651 re
1347 3599 1408 3662 apud

370 3670 403 3718 ts
422 3669 529 3718 Usener
538 3669 852 3734 prete....1².ntetntu]
885 3673 998 3732 antiquos
1016 3679 1127 3718 suctores
1144 3673 1279 3732 reperitur.
1313 3669 1407 3716 Gista-

336 3735 427 3784 Probat
448 3735 563 3782 adversus
593 3733 689 3780 Livium
712 3735 853 3782 Perizonius
885 3747 932 3782 nna
949 3737 975 3784 in
992 3743 1049 3782 nota
1066 3737 1097 3782 ad
1117 3737 1183 3782 hunc
1201 3738 1289 3783 iocum
1306 3733 1409 3780 munti

335 3814 421 3848 ornnes
441 3800 527 3846 Licinii
546 3799 658 3860 collegns,
678 3805 778 3860 excepto
795 3813 853 3858 nno,
886 3799 1030 3862 Dionysium
1039 3801 1056 3848 l.
1068 3799 1129 3846 Vll.
1140 3809 1297 3848 memorasse
1316 3801 1409 3844 aaut*

334 3865 441 3926 plebeios
450 3865 531 3911 fuisse.
565 3861 689 3923 Siquidem
699 3871 783 3922 gentes
792 3863 854 3909 Mre-
885 3877 923 3911 rer
943 3877 973 3911 ex
996 3865 1065 3924 plebe
1081 3865 1189 3924 primum
1211 3866 1294 3912 ramos
1305 3856 1410 3910 arnoll.

336 3929 387 3987 nis,
401 3929 495 3986 nitetis,
508 3929 608 3982 Tidma,
625 3926 736 3982 Publilia,
754 3927 853 3987 plebeiae
885 3929 914 3977 c.
934 3923 989 3976 '268
1013 3930 1054 3975 sed
1082 3941 1131 3976 non
1156 3930 1218 3975 satis
1244 3927 1353 3976 attendit
1379 3921 1409 3969 td

335 3999 559 4048 erant,utconatat
575 4007 605 4038 ex
623 4005 652 4038 ro
668 3993 732 4052 quod
744 3991 854 4038 tribuum
887 3991 998 4054 Dionysii
1019 3996 1102 4052 verbs,
1125 4005 1234 4054 quorum
1257 3995 1315 4040 lanc
1342 4000 1410 4036 matrs

334 4059 412 4120 plebis
423 4071 453 4103 ex
465 4058 503 4103 bis
514 4057 628 4104 omnibns
644 4057 757 4116 gentibus
768 4054 854 4103 Livius
886 4065 938 4113 ests
957 4059 989 4106 ut'
1001 4059 1066 4104 inter
1084 4059 1243 4106 incommoda
1260 4068 1320 4118 quse
1329 4057 1356 4102 iu
1369 4061 1409 4114 μ-

335 4123 388 4184 ipse
409 4123 564 4168 memorarit.
596 4119 655 4167 Vid.
677 4121 752 4167 Peria.
769 4121 852 4168 Anim.
886 4123 968 4169 tricios
983 4135 1013 4169 ex
1033 4124 1185 4170 accuratione
1202 4131 1230 4170 et
1250 4117 1410 4169 nmnsuone

335 4185 402 4234 trist
414 4197 435 4232 c·
446 4185 470 4232 8.
887 4187 1008 4234 Coriolani
1026 4189 1136 4235 detirsta
1154 4195 1224 4247 aunt,
1245 4189 1296 4234 boe
1315 4193 1411 4247 quatit!

367 4247 420 4296 tt·
430 4249 564 4311 Urnrpcndi
575 4249 640 4312 juris
656 4249 736 4313 rura]
749 4249 782 4297 lit
795 4245 852 4313 jure
884 4257 990 4306 notetur,
1010 4254 1105 4300 scitum
1124 4253 1150 4300 in
1170 4254 1274 4301 curiam
1303 4248 1411 4310 panim

336 4313 458 4374 ruopiebs
468 4315 648 4374 nuimciperet.
884 4315 990 4375 plebeiis.
1024 4319 1058 4364 At
1074 4317 1099 4363 id
1115 4317 1157 4363 iiio
1167 4317 1346 4365 ennoiactnm
1360 4320 1411 4358 eu

368 4377 400 4425 ts
421 4379 599 4426 Veterensem
614 4377 718 4440 renam]
736 4379 851 4440 Hoepri-
884 4393 934 4428 non
944 4381 1003 4428 dicit
1016 4381 1156 4443 Dionysbrr.
