2986 4930
330 209 365 262 rs
718 193 1021 288 T-1'T1L1v113·

326 379 423 454 etque
436 366 596 434 lasciuiam
617 383 782 436 currerent
789 391 799 472 ξ
825 391 919 458 quem
944 371 1082 437 Romani
1103 371 1386 440 deindetccsrunt

326 454 455 519 Inuum.
502 453 591 520 Huic
606 455 867 538 deditis-ludicro,
881 481 979 545 quum
995 460 1148 525 sollemne
1165 475 1279 526 notum
1295 475 1384 538 estet,

326 539 491 606 insidiatos
505 542 547 606 ob
562 543 640 606 irum
653 543 771 628 praedae
785 546 908 610 amissae
923 545 1070 624 latrones,
1081 569 1178 631 quum
1193 549 1386 612 Romulusri

326 646 359 692 se
370 627 568 706 defendisset,
582 630 721 697 Remum
733 633 867 716 cepisse,
882 635 1009 718 captum
1020 655 1053 697 re
1076 634 1387 699 iAmuliotradidis·

325 737 369 792 se,
383 710 410 754 ³⁹
421 715 506 779 ultro
521 719 711 781 sccussdtes.
756 717 892 782 Crimini
904 655 1180 799 meximedabout
1192 723 1224 784 in
1235 721 1385 786 Numito-

326 802 369 866 ris
383 823 476 890 agros
491 803 532 866 sb
557 803 605 866 his
619 805 765 887 inpetum
779 803 868 869 fierit
891 805 966 888 inde
989 828 1054 884 eos,
1071 807 1214 890 conlecto
1230 809 1384 894 juvenum

326 897 432 964 hisnu,
449 889 594 954 hostilem
607 891 643 954 in
666 893 796 956 modum
821 891 944 977 praedas
967 915 1070 979 agere.
1094 894 1139 958 sic
1155 893 1318 960 Numitori
1343 893 1386 960 ad

325 976 515 1061 supplicium
540 976 660 1041 Remus
689 975 825 1042 deditur.
869 978 941 1042 Jam
964 978 1038 1044 inde
1059 980 1100 1044 ab
1121 979 1215 1045 initio
1231 981 1386 1068 Faustulo

324 1081 394 1146 spes
409 1061 520 1140 flueret,
537 1065 657 1150 regiam
671 1065 801 1148 stirpem
817 1065 903 1150 opud
926 1087 960 1130 se
974 1067 1121 1146 educari3
1144 1089 1219 1132 uam
1233 1081 1266 1132 et
1282 1083 1386 1153 expo·

228 1159 232 1169 ’
323 1150 400 1213 sitos
417 1151 507 1236 jussu
527 1171 563 1214 re
587 1151 612 1214 is
634 1149 770 1214 infantes
792 1151 920 1229 sciebat,
943 1165 975 1216 et
1000 1165 1134 1238 tempus,
1151 1177 1217 1240 quo
1237 1157 1304 1240 ipse
1329 1175 1385 1219 eos

280 1313 282 1316 Ι
321 1236 506 1313 sustulisset,
533 1259 550 1300 a
603 1236 635 1300 id
659 1237 761 1322 ipsum
785 1259 980 1324 congruere3
1006 1239 1061 1303 sed
1087 1261 1155 1304 rem
1179 1241 1383 1319 inmaturam,

322 1323 382 1386 nisi
397 1338 452 1387 aut
477 1343 536 1408 per
561 1324 768 1401 occasionem,
785 1337 840 1389 sut
854 1345 912 1410 per
934 1325 1159 1405 necessitatem,
1182 1329 1301 1414 operiri
1324 1349 1385 1392 no-

321 1407 434 1474 luerat.
458 1410 626 1474 necessitas
646 1411 736 1494 prior
757 1411 852 1475 venit.
874 1411 928 1488 ito,
951 1425 1038 1476 metu
1059 1412 1218 1492 subactus,
1244 1414 1385 1482 Romulo

321 1516 389 1559 rem
419 1496 531 1580 aperit.
588 1495 686 1561 Forte
715 1509 747 1560 et
777 1497 949 1575 Numitori,
973 1520 1070 1585 quum
1093 1499 1125 1563 in
1144 1501 1294 1566 'custodio
1317 1501 1384 1566 Re·

321 1593 408 1660 tnum
435 1581 577 1661 haberet,
598 1582 807 1669 audissetque,
833 1585 976 1686 geminos
1000 1583 1202 1666 essefrstres,
1218 1587 1384 1674 ⁴⁰compe·

319 1668 423 1734 rando
449 1681 480 1733 et
503 1681 628 1734 aetetem
643 1691 765 1748 eorum,
788 1682 820 1735 et
841 1691 944 1756 rpsem
967 1671 1096 1736 minime
1119 1674 1262 1738 servilem
1289 1673 1384 1739 indo-

320 1753 392 1832 lem,
417 1756 565 1843 tetigerat
590 1756 729 1820 animum
753 1760 905 1821 memoria
927 1769 1099 1842 nepotum:
1131 1760 1384 1848 sciscitandoque

159 1858 279 1906 Romulus
319 1840 344 1886 ⁵¹
356 1842 469 1908 eodem
484 1842 636 1926 pervenit,
653 1859 688 1907 ut
702 1840 788 1906 houd
804 1846 913 1927 procul
928 1860 1018 1922 esset,
1035 1845 1111 1930 quin
1126 1846 1266 1912 ·Iiemum
1282 1871 1384 1935 agno-

157 1923 282 1998 eruemus
298 1937 432 1996 “sceret
457 1967 460 1974 ·
479 1929 528 1993 lte
547 1928 573 1968 ⁴²
584 1928 725 2015 undique
740 1930 808 2016 regi
828 1931 919 1996 dolus
935 1931 1081 1996 nectitur'.
1128 1932 1294 2011 Romulus,
1316 1955 1383 2000 nou

156 1987 292 2114 ξᾝωη
319 2037 392 2094 cum
426 2016 530 2100 globo¹
547 2017 714 2102 juvenum,
747 2021 819 2098 (nec
848 2019 931 2080 enim
965 2031 1032 2082 erot
1065 2018 1105 2083 ed
1139 2020 1201 2085 vim
1239 2034 1383 2106 apertam

318 2105 394 2189 par)
418 2104 471 2166 sed
494 2103 563 2166 aliis
585 2102 647 2166 olio
668 2103 781 2166 itinere
804 2103 899 2188 jussis
922 2117 1008 2169 certo
1033 2119 1176 2190 tempore
1198 2108 1239 2172 sd
1261 2131 1295 2171 re
1319 2108 1381 2174 iam

319 2191 427 2254 venire
456 2189 643 2274 pastoribus,
671 2188 712 2252 ed
743 2210 848 2276 regem
882 2191 1026 2276 inpetunt
1056 2191 1149 2256 facit:
1185 2207 1216 2258 et
1245 2131 1382 2260 adom

156 2293 287 2342 Amnum
321 2277 501 2342 Numitoris
521 2276 583 2340 alia
596 2288 780 2360 comparato
793 2279 1035 2364 manuvadjuvst
1057 2277 1186 2345 Remus.
1210 2281 1253 2345 ite
1274 2293 1383 2368 regem

154 2359 522 2469 ‘’pigneratrobtruncant.
829 2439 832 2446 ‚

154 2432 313 2538 {gmffii'fflj
365 2451 425 2515 VI.
454 2451 616 2528 Numitor,
641 2450 724 2516 inter
747 2452 888 2536 primum
910 2457 1081 2520 tumultum
1105 2454 1210 2520 hostes
1232 2455 1382 2521 invasisse

156 2559 211 2602 unt.
319 2540 433 2603 urbem
448 2550 543 2624 etque
564 2536 693 2604 adortos
713 2541 833 2627 regiam
848 2539 1127 2628 dictitans'quum
1142 2543 1260 2626 pubem
1283 2542 1382 2607 Albos

319 2646 394 2694 nom
423 2618 457 2689 in
475 2647 592 2701 ¹urcem
621 2625 771 2710 praesidio
792 2628 951 2715 armisque
971 2627 1176 2692 obtinendam
1202 2643 1381 2706 evocassem

362 2712 507 2800 stquom‘
524 2712 668 2798 juvenes,
685 2726 865 2798 perpetrata
881 2713 978 2789 caede,
1002 2733 1133 2798 pergere
1148 2714 1186 2776 od
1213 2736 1246 2777 se
1270 2728 1382 2800 gratu

316 2735 419 2868 litbtes
434 2797 523 2875 vidit,
547 2797 708 2884 extemplo
722 2797 876 2872 advocato
898 2797 1043 2872 concilio,
1060 2797 1176 2862 scelera
1201 2797 1235 2862 in
1261 2822 1295 2863 se
1318 2799 1382 2868 fra·

317 2885 386 2964 tris,
403 2883 559 2972 originem
585 2897 750 2970 nepotum,
765 2897 802 2948 ut
815 2885 923 2972 geniti,
939 2897 975 2948 ut
988 2883 1125 2961 educati,
1150 2897 1184 2950 ut
1199 2885 1319 2974 cogniti
1333 2911 1381 2952 es-

317 2985 397 3052 sent,
412 2971 533 3036 oaedem
558 2971 708 3058 deinceps
731 2972 869 3056 tyranni,
896 2991 991 3058 seque
1012 2971 1077 3056 ejus
1099 2984 1260 3036 auctorem
1275 2987 1381 3038 osteu-

317 3057 375 3127 dit.
419 3058 581 3139 ¹Juvenes,
610 3080 667 3143 per
695 3056 832 3122 mediam
868 3056 1054 3120 concionem
1083 3058 1209 3144 agmine
1237 3060 1381 3147 ingressi,

349 3193 414 3263 tpm
420 3205 542 3262 postquam
553 3201 627 3248 Gron.
637 3205 662 3246 et
673 3193 741 3268 (iret.
751 3199 927 3260 propemodum
939 3211 1034 3259 semper
1043 3197 1159 3246 exhibent
1167 3205 1323 3262 posteaquam.
1350 3201 1381 3250 ld
1457 3215 1459 3218 ·

250 3245 263 3266 ⁰
316 3269 342 3314 iu
354 3267 496 3313 universum
513 3265 637 3310 monuisse
658 3264 743 3322 satius,
755 3263 848 3324 opinor,
860 3264 917 3330 erit,
928 3277 1003 3326 quam
1021 3259 1123 3314 tedium
1142 3265 1274 3312 lectoribus
1293 3264 1379 3312 eadem

314 3331 472 3408 pdnotstione
483 3342 558 3389 prope
568 3328 670 3392 singulis
681 3327 776 3388 paginis
783 3329 896 3376 excitare
940 3387 945 3396 ι

317 3445 416 3504 Lyceus,
427 3441 507 3502 inquit
525 3439 622 3487 Servius
638 3441 669 3486 nd
684 3439 758 3486 Vlll.
774 3439 829 3487 AEn.
863 3447 1041 3504 contraquam
1063 3445 1095 3492 ab
1116 3457 1145 3491 so
1166 3449 1314 3504 expectetur,
1336 3447 1380 3489 aut

317 3507 409 3556 vnto.
432 3505 492 3568 quod
508 3505 574 3566 lupos
590 3517 636 3550 nort
654 3506 716 3552 sium
736 3505 761 3550 in
780 3517 832 3551 oues
864 3507 915 3554 fleri
936 3507 1027 3556 decent.
1060 3507 1100 3555 Sic
1122 3509 1168 3555 boc
1188 3509 1240 3556 loco
1263 3508 1379 3564 latrones,

312 3573 405 3620 sevire.
438 3571 523 3630 Lupus
531 3569 598 3616 enim
606 3569 699 3616 Grecis
708 3575 745 3615 est
756 3565 832 3622 atus.
863 3573 907 3633 qui
922 3569 1036 3620 omnibus
1053 3575 1186 3646 suppliciis,
1198 3579 1253 3620 tum
1263 3571 1294 3618 ob
1305 3571 1379 3617 latro-

316 3629 386 3684 ldsm
397 3637 432 3684 ait
441 3635 501 3682 Pani
511 3639 621 3682 montem
631 3635 738 3696 Lyceum
748 3635 774 3680 in
786 3637 832 3682 Ar·
863 3637 937 3695 sinia,
949 3643 1002 3683 tum
1014 3641 1045 3685 ob
1055 3640 1172 3700 injustam
1184 3636 1234 3682 vim
1250 3635 1275 3680 ln
1286 3633 1381 3682 Romu·

316 3703 385 3748 eadit
395 3704 562 3748 consecratum
572 3698 656 3748 tuum.
666 3697 831 3760 'Delnulsp-
862 3701 915 3750 lum
931 3709 956 3749 et
966 3703 1082 3758 nemum,
1094 3702 1162 3763 digni
1179 3707 1258 3758 eram,
1272 3699 1321 3760 ipsi
1337 3715 1378 3747 eos

316 3763 822 3830 pelletionevid.8erv.adVl.AEn-v.'li⁵.
862 3774 983 3813 ocensem.

315 3843 317 3848 ·
348 3829 380 3877 38
396 3827 548 3938 Ρενὶιιυιηιὲ
577 3827 645 3874 Olim
661 3827 729 3887 editi,
739 3827 830 3890 perlae-
893 3829 926 3877 to
944 3829 1115 3894 Consporortdo]
1134 3829 1302 3902 Gompsnndo
1319 3836 1377 3876 ets·

315 3907 380 3940 rum.
409 3894 519 3941 correxit
550 3894 679 3941 ronovius:
698 3893 829 3941 peculiam
862 3897 1065 3943 temetindolem
1075 3898 1164 3942 horum
1177 3907 1308 3955 Juvenum,
1319 3907 1377 3944 cum

315 3967 397 4006 tsmm
419 3957 533 4018 allegavit
560 3959 738 4014 auctoritatem,
760 3957 830 4020 quasi
861 3971 891 4006 ee
905 3966 930 4006 et
944 3967 1016 4006 etate
1032 3967 1057 4007 et
1073 3959 1163 4016 indole,
1174 3971 1223 4019 qus
1239 3971 1291 4004 esee
1306 3957 1377 4004 debs-

314 4025 368 4070 haec
387 4022 525 4070 emendatio
544 4022 594 4068 sola
613 4020 751 4086 conjectura
767 4023 829 4070 nite·
862 4025 920 4070 bant
932 4029 1040 4084 nepotes,
1050 4025 1072 4071 si
1082 4025 1161 4071 sdhrm
1171 4023 1288 4070 viruerit.

314 4094 389 4136 tetur.
422 4089 456 4136 At
467 4087 621 4148 dooeregiie
631 4089 700 4134 codd.
712 4089 751 4134 rel
767 4087 829 4148 opti·
864 4097 871 4104 ·
894 4085 923 4136 41
939 4087 1040 4152 Eodem]
1073 4089 1128 4144 Quo
1153 4087 1293 4135 Faustulus.
1320 4085 1376 4133 Nisi

314 4153 359 4206 mi,
382 4161 407 4200 et
429 4153 582 4208 sorbonicus,
599 4151 687 4200 diserte
714 4151 828 4199 exhibent
861 4153 924 4199 forte
934 4153 1150 4202 melissodemam.
1183 4153 1267 4200 Duos
1284 4147 1376 4206 noste-ib

310 4217 449 4279 palamne.
542 4226 545 4237 “
863 4216 1089 4278 MSS.eoper·oeuit.

348 4280 380 4330 39
398 4282 479 4347 Ultro]
499 4279 827 4348 Hujusvoeisitaecviseat,
893 4279 1061 4346 tt'iladtqae]
1082 4281 1114 4330 Et
1133 4287 1164 4332 eb
1181 4281 1375 4342 Romulo,etsb

314 4353 343 4392 ut
362 4349 459 4396 denotet
476 4349 603 4409 quidpiam
618 4349 670 4409 geri
689 4348 719 4394 sb
738 4347 827 4407 aliquo,
862 4345 999 4413 Ntmltore.
