2942 4924
421 283 514 350 Llll·
536 284 560 348 1.
587 283 693 350 CAP-
711 281 828 350 XXXI.
1116 289 1153 349 tt

106 447 135 514 ni
148 446 186 517 sb
210 469 244 514 se
258 456 353 515 aucto
367 447 490 512 curiam
503 443 597 524 lecit·
612 445 636 485 ²¹
649 467 721 532 quae
743 445 887 515 Hostilia
909 467 1009 534 usque
1031 444 1071 517 etl
1097 467 1154 531 pa·

105 551 181 602 trum
206 549 388 602 nostrorum
404 546 530 604 atrum
542 531 700 616 adpellata
713 543 770 600 est.
792 545 836 610 et,
852 545 888 596 ut
900 533 1045 599 omniurn
1068 532 1154 601 ordi-

104 641 172 688 num
186 620 307 688 viribus
328 619 447 706 aliquid
473 641 514 689 ex
539 641 623 684 novo
648 618 769 714 populo
790 619 989 704 adjiceretur,
1012 619 1155 708 equiturn

104 709 201 774 decem
223 708 250 746 ²²
261 726 384 775 turmas
399 729 438 772 ex
456 706 590 774 Albanis
604 705 692 789 legit.
749 705 906 806 Legiones
920 717 951 772 et
966 719 1088 770 veteres
1102 728 1155 777 em
1166 726 1196 773 u,
1207 725 1233 772 c.
1247 707 1302 774 ισοξ

102 793 167 866 dam
181 817 218 858 su
264 794 407 864 lemento
420 792 571 892 explerit,
587 807 619 858 et
635 813 739 860 ‚novas
752 793 886 878 sempsit.
944 791 1017 858 Hac
1039 791 1196 864 fiduciae·
1207 791 1233 838 (Σ
1245 790 1302 838 ⁶⁵²·

103 881 208 950 virium
261 879 345 953 ullus
362 880 489 946 sabina
510 879 630 946 bellum
656 879 778 958 indicit,
800 879 947 970 gentica
973 891 1158 962 tempestate
1168 893 1263 940 nouum

102 968 268 1038 secuudum
288 966 439 1037 Etruscos
460 965 706 1051 opulentissime
720 965 793 1032 viris
813 964 981 1052 armisque.
1034 965 1224 1070 Upim-“3¹¹
1236 957 1303 1006 &bl

101 1075 156 1142 que
171 1040 296 1120 in't'rrioe
311 1052 413 1132 facta,
428 1075 466 1119 ac
480 1074 532 1118 res
547 1052 759 1139 nequidquam
775 1063 866 1118 erant
881 1051 1033 1137 repetitae.
1078 1051 1157 1120 Tul
1169 1038 1184 1069 ¹¹
1207 1055 1213 1070 '

102 1143 145 1209 rur
166 1077 212 1222 sd
233 1138 261 1178 ²⁵
278 1139 423 1212 Feroniae
450 1137 557 1209 fanum
588 1153 731 1210 mercatu
759 1137 917 1224 frequenti
946 1139 1160 1226 negotiatores

102 1225 264 1294 &manos
286 1227 520 1310 conprehensos
543 1227 744 1312 querebatur.
790 1224 900 1293 Sabini
923 1245 995 1288 suos
1017 1224 1105 1312 priua
1127 1225 1160 1293 in

100 1313 237 1394 ¹⁴lncum
262 1309 453 1400 confugisse,
468 1333 506 1380 ac
527 1312 641 1378 Romen
656 1323 807 1379 retentos.
822 1310 875 1376 hae
889 1332 1007 1379 caussoe
1021 1311 1095 1376 belli
1117 1309 1161 1376 le·

100 1399 257 1470 rebantur.
307 1399 427 1475 Sabini,
444 1398 529 1468 haud
544 1420 657 1483 parum
673 1420 839 1476 memores,
855 1411 887 1461 et
900 1419 1030 1464 suarum
1046 1397 1162 1466 virium

100 1501 218 1570 partem
245 1486 362 1553 Romae
382 1485 422 1553 ab
437 1484 536 1552 Tatio
559 1488 705 1562 locatam,
722 1498 754 1552 et
770 1484 950 1550 Romanam
974 1506 1040 1550 rem
1059 1505 1163 1570 nuper

100 1573 188 1644 etiam
215 1571 398 1658 adjectione
423 1570 534 1658 populi
559 1571 679 1636 Albani
704 1583 841 1650 auctam,
865 1572 1106 1656 circumspicere
1131 1583 1164 1638 et

100 1659 154 1744 ipsi
167 1675 306 1729 externe
320 1657 449 1727 auxilia.
496 1658 626 1728 Etruria
640 1671 708 1724 etat
724 1657 837 1734 vicina,
854 1658 995 1743 proximi
1011 1657 1163 1726 Etrusco·
1217 1657 1221 1666 '

100 1768 165 1820 rum
182 1746 344 1815 Veientes.
400 1743 491 1822 lade,
519 1746 562 1813 ob
591 1744 731 1813 residuas
755 1743 911 1810 bellorum
933 1745 996 1810 iras
1022 1744 1164 1810 maxime

99 1833 276 1906 sollicitetis
301 1833 342 1901 ad
365 1829 574 1932 defectionem
591 1832 714 1933 animis,
737 1830 935 1932 voluptarios
957 1844 1102 1916 maere:
1129 1843 1164 1931 et

100 1916 1165 2090 tiltitt„tttltltbjttttltlnttl0lsstttltlb
1267 1991 1269 1998 ’

101 2099 184 2174 (nem
213 2093 260 2161 de
286 2091 396 2162 ceteris
429 2092 533 2161 minus
564 2092 678 2159 mirum
708 2093 769 2174 est)
795 2105 890 2175 pacta
918 2113 991 2156 cum
1023 2091 1166 2162 Romulo

100 2179 335 2247 'tinduciarum
361 2177 450 2246 fides.
495 2177 606 2254 Quum
628 2177 746 2248 bellum
772 2178 933 2264 utrimque
953 2199 1079 2246 summa
1103 2199 1165 2263 ope

100 2265 122 2308 ’ἵ
152 2279 284 2336 ararent
294 2278 315 2342 ⁰,
338 2263 365 2304 ¹⁸
375 2261 518 2351 'vertique
531 2265 566 2328 in
580 2287 619 2332 eo
633 2287 684 2330 res
699 2263 869 2340 videretur,
888 2264 950 2330 utri
970 2264 1061 2348 prius
1075 2286 1166 2332 arma

102 2289 265 2432 inlrrrent,
289 2349 460 2436 ¹ioccupet
486 2349 602 2420 Tullus
632 2351 665 2416 in
693 2373 805 2438 agrum
835 2350 988 2420 Sabinum
1017 2350 1165 2422 transito.

104 2438 210 2528 Pugna
242 2450 338 2506 atrox
366 2437 407 2502 ad
429 2437 539 2506 silvam
563 2436 760 2504 Malitiosam
790 2436 862 2502 suit.
883 2437 941 2504 ubi
963 2450 997 2502 et
1041 2437 1165 2507 editum

104 2527 223 2610 quid·-
248 2524 377 2604 robore,
401 2537 542 2590 ceterum
567 2524 709 2609 equitatu
735 2534 828 2590 aucto
853 2543 966 2605 nuper,
987 2459 1165 2608 pllnimum

105 2611 254 2680 Romana
274 2612 355 2678 acics
380 2611 487 2678 valuit.
543 2609 596 2677 Ab
613 2609 771 2696 equitibus
791 2619 921 2696 repente
944 2607 1076 2672 invectis
1097 2621 1166 2673 tur-

103 2698 164 2768 beti
189 2697 324 2768 ordines
343 2709 418 2764 sunt
433 2696 646 2764 Sabinorum:
669 2717 729 2764 neo
750 2715 860 2781 pugna
884 2691 999 2758 deinde
1013 2692 1074 2762 illis
1088 2715 1166 2762 con·

104 2796 190 2862 stare,
207 2807 273 2853 nec
285 2784 361 2870 fuga
375 2783 526 2868 explicari
540 2784 609 2849 sine
623 2805 740 2871 magna
754 2780 842 2852 caede
856 2781 973 2864 potuit.

142 2871 282 2940 XXXI.
304 2869 448 2938 Devictis
464 2871 601 2948 Sabinis,
622 2893 721 2956 quum
747 2870 780 2942 in
806 2889 924 2955 magun
946 2867 1049 2952 gloria
1075 2889 1165 2956 mag·

106 2959 211 3046 nisque
226 2959 343 3044 opibus
358 2979 491 3045 regnum
510 2957 598 3026 Tulli
612 2979 650 3026 sc
664 2969 732 3026 tote
746 2977 796 3026 res
813 2955 961 3024 Romana
974 2967 1071 3034 esset,
1081 2977 1167 3032 nun-

517 3117 530 3143 ⁰
537 3118 665 3174 pararetur
676 3115 751 3162 Gron.

134 3246 163 3294 tl
187 3245 248 3301 Qua
258 3245 376 3308 Hostilio]
391 3245 475 3299 Quum
486 3246 567 3292 diruta
582 3259 618 3292 es·
651 3247 953 3295 uenmrtatasrenorete.
966 3245 1168 3298 mammete

106 3318 148 3372 ret,
166 3313 288 3358 dictatore
310 3311 413 3370 enare,
432 3312 556 3358 decretum
571 3310 620 3361 fuit
651 3312 1015 3375 eteaquaeibiannotabimue.
1046 3311 1169 3362 Romulus

107 3383 131 3420 ut
146 3377 332 3430 instauraretur,
349 3381 374 3421 et
390 3389 433 3440 pro
451 3373 619 3432 Hostiliatlu·
647 3383 736 3426 autem
762 3377 801 3426 hic
825 3377 969 3438 appellatur,
993 3375 1050 3438 quin
1075 3377 1169 3436 primus

107 3441 137 3486 lia
146 3441 318 3501 appellaretur.
652 3442 749 3487 illarum
761 3447 852 3488 auctor.
886 3439 1026 3487 Perizonlus
1037 3440 1168 3486 Animadv.

135 3506 168 3554 rt
180 3505 283 3552 Tm
310 3504 480 3565 Tamquam
495 3508 568 3550 emm
584 3505 621 3551 dl·
652 3505 747 3554 maor.
762 3520 782 3552 a.
793 3503 817 3552 4
835 3505 958 3566 scripslme
975 3505 1074 3552 Livium
1087 3511 1169 3554 censat

107 3577 144 3616 cta
160 3577 208 3628 est,
226 3583 259 3630 qu
307 3570 412 3616 terdenis
428 3569 548 3632 equitibus
561 3583 623 3616 oon·
653 3569 791 3622 Paetorum
807 3569 882 3618 Trdla.

108 3641 185 3680 staret.
216 3633 329 3680 Fnsrus.
686 3634 716 3681 27
734 3633 865 3698 Parorcnt]
886 3635 947 3682 Haec
964 3641 1001 3681 est
1023 3635 1169 3698 scriptorum

138 3698 300 3762 tsr'eratoe]
317 3697 418 3744 Feronia
434 3700 479 3744 dea
495 3699 535 3744 vel
549 3711 622 3758 nym-
652 3700 762 3745 omnium
783 3700 865 3756 lectio,
888 3706 949 3745 tcttc
965 3701 1018 3746 dac.
1037 3699 1169 3747 Gronnrlu.

109 3764 154 3822 plta
169 3765 226 3821 luit,
237 3764 267 3809 de
285 3775 333 3824 que
350 3763 410 3809 varii
426 3763 492 3809 varia
508 3763 621 3810 efferunt.
653 3764 812 3810 Consentiunt
831 3771 935 3823 quatuor
953 3766 1022 3826 regu,
1043 3770 1068 3810 at
1085 3765 1171 3811 Sorba-

109 3825 165 3877 Vid.
183 3829 257 3876 Dion.
276 3827 309 3878 11.
321 3833 346 3875 et
363 3827 411 3876 lll.
428 3827 573 3876 etsmtum
590 3829 620 3876 ed
653 3829 729 3876 uicus.
762 3827 846 3888 Vulgo
858 3833 998 3889 perornare
1021 3841 1096 3889 μινο
1111 3841 1170 3878 sana

110 3889 167 3942 Vll·
178 3894 233 3944 AEn.
245 3907 270 3941 v.
281 3893 337 3940 790.
348 3897 374 3937 ct
385 3891 555 3940 virtutes»
654 3893 801 3942 discrimine.
844 3893 892 3942 Sed
916 3895 955 3940 vel
981 3894 1035 3940 iden
1057 3893 1171 3944 recedam

139 3956 172 4006 ts
179 3955 284 4018 aaa]
295 3956 401 4016 Anium
411 3970 427 4004 a
438 3957 543 4006 llomnlo
554 3969 622 4016 aper·
654 3959 714 4008 dum
731 3971 780 4010 uon
795 3964 874 4006 uate
890 3964 949 4006 tett.
960 3959 1071 4010 codicum
1086 3963 1170 4010 tutto·

109 4025 169 4078 tam,
180 4035 226 4070 nec
235 4022 316 4072 adbuc
331 4025 401 4079 septo
411 4021 530 4076 clausum.
542 4027 570 4070 ut
585 4021 623 4070 in·
654 4023 733 4072 ritate.

110 4085 276 4134 dlutDioml.
287 4084 335 4134 111.
687 4087 718 4133 28
726 4085 740 4113 ⁸
753 4087 860 4144 Vertiqac
871 4088 895 4133 in
906 4101 932 4134 co
944 4101 979 4138 m
996 4085 1125 4150 Madet]
1137 4087 1171 4138 m

140 4147 299 4198 evherus
312 4148 413 4211 amilio]
429 4149 529 4198 Auxilio
545 4151 622 4210 publi-
653 4151 760 4200 malbrai
781 4151 895 4200 interm
916 4155 948 4200 ad
970 4165 1094 4202 summm
1115 4152 1172 4202 belli

111 4225 161 4258 een
176 4215 320 4264 verentibus
337 4216 443 4272 demeto,
455 4215 521 4273 quud
532 4215 623 4266 veiens
655 4215 785 4264 uideretur.

112 4279 210 4335 pondua
218 4279 315 4338 publiea
324 4279 550 4328 emsibomtttrret
689 4277 851 4340 29'Oocupnt
863 4314 870 4330 .
882 4315 889 4329 .
900 4313 906 4328 .
919 4282 1039 4345 transtra]
1059 4283 1105 4330 ie.
1124 4285 1170 4332 lor

145 4341 173 4388 26
184 4342 349 4405 induciarum]
362 4342 423 4396 Quae
435 4349 512 4402 rupta·
522 4344 622 4404 quidem
654 4343 717 4394 ΓΜ
728 4343 837 4396 mutire

115 4403 165 4461 imo
181 4415 296 4470 regnante
313 4407 388 4456 'runo
404 4407 509 4462 fuerant,
527 4410 568 4454 sad
589 4408 623 4453 vi·
