3008 4908
336 186 396 242 ³00
732 177 843 244 TlTl
872 177 1009 242 LIVIl

176 358 205 406 υ.
217 358 243 404 c.
257 358 312 408 tte.
335 339 431 406 Veios
449 359 614 406 accessere.
661 339 760 406 Forte
777 357 852 406 ear
894 340 976 418 ione,
991 361 1055 427 qua
1070 337 1132 406 Μ’.
1149 339 1275 428 Sergius
1288 339 1381 408 tribu-

174 425 205 469 Α·
215 423 244 470 ⁰·
255 424 311 473 ³⁹⁰·
335 449 396 494 uus
411 425 545 494 militurn
559 439 704 510 praeerat,
721 439 825 492 castra
838 363 942 492 allieni
959 440 1044 505 sunt,
1060 427 1278 514 ingentemque
1290 441 1381 494 terro-

335 535 402 578 rem
419 512 567 588 intulere3
584 513 658 598 quia
671 513 830 580 Etruriam
847 535 974 580 curnem
986 514 1124 578 excitum
1138 514 1262 578 sedibus
1275 535 1383 601 magua

335 599 419 664 mole
433 597 541 664 adesse
558 598 694 664 Romani
716 599 925 666 crediderent.
947 600 1057 666 eedem
1075 601 1184 684 opinio
1200 601 1338 668 Veientes
1352 601 1382 666 in

334 687 415 750 urbe
435 685 618 752 concitavit.
662 684 713 772 Ita
737 685 869 772 ancipiti
891 687 1006 771 proelio
1027 701 1129 752 castra
1152 687 1311 752 Romana·
1330 686 1382 752 olr-

334 772 579 860 pugaabantur3
602 785 893 858 concursantesque,
909 793 1007 859 quum
1031 772 1094 840 huc
1108 785 1202 858 atque
1216 772 1288 838 illuc
1302 773 1384 857 signa

334 856 550 936 transferrent,
566 878 625 922 nec
641 857 804 922 Veientem
825 859 900 923 eatis
921 858 1068 924 cohibere
1089 859 1173 925 intre
1193 858 1382 935 munitiones,

332 965 393 1010 nec
407 945 471 1010 suis
485 944 688 1009 munimentis
702 967 810 1010 arcere
822 945 897 1026 vim,
907 967 945 1010 ac
959 945 1040 1010 tueri
1054 968 1086 1009 se
1097 949 1137 1010 ab
1152 945 1307 1012 exteriore
1319 958 1384 1029 pot·

333 1045 423 1096 erant
445 1031 544 1096 hoste.
567 1052 631 1094 uno
645 1053 715 1116 apes
732 1042 809 1108 erat,
826 1031 852 1098 si
871 1053 909 1096 ex
931 1031 1101 1117 majoribus
1119 1032 1230 1098 castris
1248 1031 1384 1096 subreni-

333 1133 432 1198 retur,
448 1129 485 1184 ut
498 1115 630 1184 diverse
644 1115 792 1203 legiones,
808 1117 879 1182 aliae
900 1117 1050 1185 adversus
1066 1117 1257 1204 Capenatem
1278 1139 1314 1184 ac
1329 1117 1384 1184 Fa·

333 1202 459 1284 liscum,
483 1203 553 1270 aliae
578 1216 690 1270 contra
719 1205 918 1288 eruptionem
944 1203 1178 1288 oppidanorum
1206 1214 1384 1294 pugnarent

336 1289 398 1356 Sed
432 1291 541 1356 cestria
576 1305 713 1375 praeerat
743 1290 919 1378 Virginius,
950 1291 1096 1376 privatim
1133 1292 1246 1379 Sergio
1278 1291 1384 1358 invisus

333 1376 538 1462 infestusque.
553 1377 588 1451 is,
604 1398 703 1462 quum
719 1377 868 1463 pleraque
883 1377 1010 1442 castella
1023 1377 1219 1464 obpugnata,
1235 1391 1386 1462 superatae

334 1463 535 1541 munitiones,
556 1464 713 1549 utrimque
737 1462 843 1527 invehi
867 1462 991 1528 hostem
1013 1465 1230 1542 nunciaretur,
1245 1465 1277 1528 in
1298 1463 1385 1528 armis

333 1549 448 1614 milites
474 1549 595 1616 tenuit:
619 1549 645 1614 si
666 1571 746 1634 opus
767 1548 847 1614 foret
871 1549 998 1627 auxilio,
1014 1548 1166 1650 collegam
1191 1547 1385 1616 dictitansad

333 1657 367 1700 ee
382 1635 558 1700 missurum.
604 1635 713 1720 Hujus
726 1635 945 1722 adrogantiam
961 1639 1134 1720 pertinacia
1148 1635 1277 1702 alterius
1287 1657 1384 1722 aequa·

333 1720 405 1796 bertr
428 1721 493 1806 qui,
509 1743 550 1786 ne
564 1743 658 1807 quarn
674 1742 767 1805 opem
791 1725 831 1786 ab
846 1723 974 1786 inimico
990 1723 1150 1788 videretur
1169 1720 1384 1808 peristerium

332 1805 374 1871 ab
394 1807 493 1884 hoste,
510 1829 605 1894 quam
626 1808 752 1872 vincere
772 1829 829 1892 per
851 1809 960 1886 civem,
976 1807 1098 1873 maluit.
1143 1809 1213 1874 Diu
1235 1811 1266 1874 in
1289 1807 1384 1875 medio

333 1893 407 1958 caesi
433 1892 564 1970 militem
586 1907 756 1980 postremo,
776 1893 905 1960 desertis
930 1895 1169 1975 munitionibus,
1188 1895 1335 1981 perpauci
1353 1895 1383 1958 in

333 1980 454 2066 majora
478 1993 589 2058 castra,
616 2001 690 2066 pars
715 1980 859 2046 maxima
884 1994 977 2068 atque
1002 1982 1069 2066 ipse
1097 1981 1228 2066 Sergius
1256 1983 1383 2048 Romam

258 2113 262 2148 :
331 2067 570 2151 portenderunt.
594 2067 648 2132 ubi
669 2089 766 2152 quum
782 2089 907 2132 omnem
930 2068 1055 2153 culpam
1078 2067 1111 2132 in
1132 2067 1285 2157 collegam
1301 2066 1384 2134 incli-

331 2166 433 2230 naret,
454 2153 552 2218 adciri
573 2153 751 2242 Virginium
776 2175 816 2218 ex
841 2155 960 2232 caetris,
977 2155 1097 2220 interea
1117 2175 1255 2238 praeesse
1274 2154 1384 2256 legator

331 2237 458 2323 placuit.
505 2243 586 2306 Acta
607 2240 723 2306 deinde
744 2240 777 2304 in
799 2256 906 2306 senatu
927 2263 978 2306 rea
999 2253 1057 2320 eat,
1072 2253 1290 2329 certatumque
1308 2255 1384 2307 mter

331 2325 467 2410 collegae
501 2327 684 2392 maledictis.
717 2325 846 2410 ”pauci
876 2327 1069 2413 reipublicae,
1101 2327 1178 2392 huic
1208 2341 1301 2414 atque
1331 2325 1382 2402 illi,

332 2427 371 2565 :d
399 2435 541 2500 quosque
574 2413 712 2480 studium
749 2411 895 2496 privatim
927 2429 983 2480 aut
1014 2413 1117 2502 gratia
1146 2424 1383 2501 occupaverunt,

374 2515 458 2565 sunt.

169 2591 323 2643 hernan-
376 2587 443 2654 lX.
467 2585 627 2651 Primores
644 2584 786 2659 Petrum,
802 2584 867 2650 aire
888 2581 983 2668 culpa
1004 2586 1069 2650 aire
1090 2585 1271 2654 infelicitate
1292 2587 1384 2670 impe·

168 2663 313 2774 :limis
331 2685 476 2738 ratarum
500 2686 565 2736 tarn
590 2670 802 2753 ignominiosa
829 2669 933 2734 clades
961 2688 1089 2757 accepta
1114 2687 1206 2751 esset,
1233 2692 1382 2746 censuere,

107 2763 117 2780 ‘
165 2798 293 2850 Qum,
333 2755 768 2841 Noneoipectandmnjnrtum
783 2767 897 2838 tenipus
911 2758 1384 2844 conitiommnedeeteepnno·

332 2868 384 2912 aas
404 2845 542 2908 tribunos
561 2843 690 2906 militnm
708 2845 855 2908 menndm
868 2865 939 2920 esre,
954 2845 1008 2926 qui
1024 2845 1176 2914 Kalmdis
1196 2845 1383 2912 Onmrinr

329 2933 541 3017 magistratum
556 2930 733 3010 reciperent.
778 2928 817 2992 In
835 2950 929 3014 quern
952 2933 1136 2996 sententiam
1152 2954 1251 3017 quum
1266 2927 1382 3016 ¹⁷pedi·

328 3019 389 3084 bus
417 3017 528 3092 iretur,
554 3013 650 3078 ceteri
679 3013 798 3080 tribuni
829 3014 963 3079 militum
993 3015 1072 3082 nihil
1102 3019 1328 3084 contradicere.
1354 3026 1383 3079 at

328 3105 490 3170 enimvero
506 3103 635 3187 Sergius
651 3099 884 3188 Virginiusque,
900 3115 1030 3186 propter
1045 3124 1126 3188 quos
1146 3106 1303 3189 poenitere
1321 3123 1382 3168 ma·

328 3190 519 3292 gistratuum
540 3189 606 3273 ejus
628 3187 703 3252 anni
729 3202 872 3252 senatum
898 3188 1080 3273 adparebat,
1102 3190 1207 3274 primo
1229 3187 1381 3276 deprecari

328 3275 547 3365 ignominiam,
564 3272 679 3340 deinde
694 3273 887 3340 intercedere
903 3274 1194 3342 senatusconsulto:
1218 3298 1339 3360 negare,
1353 3293 1382 3338 se

329 3379 404 3428 ante
434 3361 511 3426 Idus
540 3361 746 3436 Decembres,
774 3360 956 3426 sollemnem
987 3363 1131 3428 ineundis
1160 3385 1209 3430 rue
1235 3361 1383 3428 'amtibnr

328 3449 424 3529 diem,
439 3447 562 3513 honore
573 3447 713 3513 abituros
727 3469 802 3511 ease.
847 3447 936 3512 Inter
950 3445 1019 3513 haec
1034 3449 1154 3516 tribuni
1167 3450 1221 3535 ple
1245 3454 1280 3526 is,
1292 3465 1381 3534 quum

327 3537 361 3602 in
375 3536 548 3601 concordia
562 3534 726 3600 hominum
748 3533 957 3620 secundisque
981 3534 1074 3600 rebus
1089 3535 1222 3602 civitatis
1246 3535 1330 3606 inviti
1344 3531 1381 3598 si·

330 3623 463 3688 lentium
477 3621 659 3697 tenuissent,
674 3618 792 3684 feroces
815 3635 943 3705 repente
961 3621 1074 3686 minari
1094 3621 1229 3690 tribunis
1244 3621 1380 3692 militumr

328 3710 389 3776 nisi
415 3710 448 3773 in
472 3708 661 3774 auctoritate
686 3721 811 3770 senatus
835 3719 947 3783 essent,
971 3729 1003 3772 se
1028 3708 1061 3770 in
1088 3708 1213 3774 vincula
1238 3708 1290 3774 eos
1313 3701 1381 3771 duri

312 3924 332 3973 ο
479 3849 488 3870 Ι
512 3853 700 3928 ”Rmmdel
712 3881 787 3928 Grou-
800 3879 869 3928 Creu.
998 3879 1127 3930 annana
1138 3881 1207 3930 Creu.

362 4027 393 4074 28
410 4026 487 4074 Pouet
507 4024 647 4088 murtea]
679 4024 764 4083 Peuci,
785 4027 845 4086 quid
908 4023 1068 4073 evectum
1083 4024 1170 4086 tener]
1195 4024 1222 4072 lt
1237 4027 1330 4074 tentia!
1343 4028 1381 4088 Ρθζ

328 4093 425 4154 publica
448 4090 540 4136 utilitas
564 4091 678 4150 poettdet,
701 4089 843 4138 intueatur:
876 4091 946 4137 dibus
962 4091 1012 4136 ibat
1024 4091 1049 4136 in
1060 4092 1167 4150 ellquam
1183 4087 1333 4136 nemetiam.
1343 4091 1381 4139 ‘1¹²¹

328 4156 436 4216 plerique
455 4154 513 4199 huie
528 4161 601 4214 atque
615 4153 650 4200 illi
669 4154 761 4212 ierant,
773 4161 844 4214 prom
876 4165 923 4201 aon
944 4167 1002 4200 roca
1020 4162 1063 4202 aut
1084 4156 1191 4202 menone
1211 4151 1269 4217 quid
1289 4145 1380 4196 unffi*

328 4231 450 4279 quemque
462 4219 630 4280 propensmin
647 4219 761 4265 honeret
773 4219 843 4266 illum
876 4219 1019 4278 exponebat,
1046 4221 1089 4272 red
1116 4221 1167 4267 eolo
1193 4219 1282 4278 pedum
1307 4214 1379 4262 notu,

328 4280 441 4343 patuerim
457 4288 582 4330 amoram
597 4283 676 4343 gratie
692 4295 843 4343 pnoeeupa·
876 4285 1022 4332 aramme
1047 4283 1137 4334 maliem
1158 4284 1184 4332 in
1205 4284 1268 4332 haar
1289 4277 1380 4326 illecti·

329 4351 423 4395 ruunt.
876 4353 977 4406 penem
1006 4341 1320 4412 Vidnotssladllldl.
