3056 4928
329 193 390 265 ἡκ*
660 193 996 284 ·-r1rrr,ru11
1081 199 1086 208 ·

172 388 205 434 u:
211 385 236 434 t.
249 363 316 438 aab(
332 345 491 434 miracula
505 363 652 454 paventes
661 353 849 432 'inridebant
863 359 1143 452 increpabantque,
1157 369 1248 432 vertit
1262 361 1388 433 animos¹
1481 357 1485 374 ’

173 455 201 500 Α
211 451 240 499 ⁰·
250 439 307 502 ⁸⁵³·
333 467 461 548 repente
476 454 597 540 pudor3
620 465 651 517 et
664 456 698 516 in
713 475 750 517 ea
767 455 842 538 ipsa,
860 476 931 540 quae
952 455 1107 542 iirgerant,
1123 454 1209 519 velut
1222 457 1299 519 caeci
1314 469 1388 520 rue-'

334 543 421 606 bant.
464 541 616 605 Discussa
640 541 744 625 itaque
767 561 849 603 rano
874 543 1026 624 adparatu
1055 540 1203 618 hostium,
1228 563 1324 628 quum
1350 543 1381 604 in

333 629 423 709 ipsos
442 637 580 692 armatos
602 649 635 690 se
656 627 841 702 intulissent,
858 639 1037 691 averterunt
1059 639 1156 691 totam
1178 629 1295 692 aciem:
1319 649 1384 692 cas·

240 719 245 726 '
333 715 451 800 trisque
466 715 559 778 etiam
575 735 613 776 eo
627 712 680 775 dic
693 713 796 797 potiti,
813 714 920 796 praeda
935 713 1054 798 ingenti
1069 727 1169 798 parta,
1185 714 1318 778 victores
1336 736 1385 777 re·

333 813 502 876 verterunt,
524 798 710 863 militaribus
727 800 810 884 jocis
829 820 925 884 quum
947 799 1132 884 adparatum
1147 799 1297 877 hostium,
1318 811 1384 864 tum

334 909 425 950 suurn
439 887 635 970 increpantes
646 885 805 969 pavorem.
841 884 1384 951 Concitaturdeindeomnenomen

174 993 303 1042 strumum
335 972 516 1048 Etruscum,
532 985 573 1052 et,
588 971 654 1035 Tar
679 971 870 1035 uiniensibus
887 971 1078 1056 Faliscisque
1089 972 1231 1049 ducibus,
1247 973 1288 1036 ad
1306 973 1387 1038 Suli-

173 1059 289 1137 attona·
333 1081 391 1124 nas
401 1057 599 1162 perveniunt.
624 993 782 1121 Adversus
793 1081 864 1121 enm
878 1074 1028 1121 terrorem
1040 1059 1177 1122 dictator
1188 1059 1227 1123 C.
1241 1057 1387 1124 Marcius

174 1123 325 1248 ξῃζᾞξ
338 1145 465 1214 Rutilus
479 1145 600 1229 primus
615 1143 655 1207 de
669 1143 762 1229 plebe
776 1145 888 1220 dictus,
904 1145 1086 1228 magistrum
1099 1145 1238 1230 equitum
1255 1145 1332 1209 item
1346 1146 1388 1210 de

171 1257 236 1299 rator
249 1255 324 1316 spis.
336 1231 427 1317 plebe
443 1231 482 1295 C.
497 1229 654 1295 Plautium
671 1231 763 1294 dixit.
789 1229 826 1294 ld
844 1251 917 1293 raro
934 1229 1082 1294 Patribus
1094 1229 1260 1317 indignum
1275 1231 1386 1308 videri,

284 1347 287 1352 ·
334 1319 428 1384 ctiam
443 1318 631 1398 dictaturam
642 1317 709 1402 jam
726 1318 756 1378 in
774 1318 1051 1401 prontiscuoessc:
1068 1319 1287 1403 omniqueope
1298 1319 1388 1406 inpe-

320 1404 472 1490 aiebant,
485 1403 612 1490 nequid
627 1403 771 1466 dictatori
786 1402 826 1466 ad
838 1403 870 1466 id
882 1402 997 1466 bellum
1014 1403 1242 1480 decerneretur,
1259 1424 1388 1489 parare·

334 1504 433 1555 turre.
456 1513 493 1554 eo
509 1489 662 1574 promtius
677 1501 802 1568 cuncta,
816 1489 935 1552 ferente
955 1489 1117 1568 dictatore,
1134 1490 1268 1576 populus
1283 1492 1388 1576 jussit.

335 1576 497 1641 Profectus
513 1576 553 1639 ab
568 1577 657 1652 urbe,
673 1589 807 1660 utraque
829 1589 919 1660 parte
934 1575 1070 1653 Tiberis,
1086 1579 1207 1640 ratibus
1230 1582 1387 1654 exercitu,

333 1685 533 1749 quocumque
550 1661 633 1726 fama
653 1661 790 1724 hostiurn
808 1663 950 1748 ducebat,
967 1664 1107 1748 trajecto,
1122 1663 1237 1748 multos
1251 1667 1389 1750 popula·

334 1763 417 1812 tores
441 1770 588 1833 agrorum
616 1769 713 1835 vagos
736 1747 878 1832 palantes
901 1749 1063 1833 obpressit.
1110 1748 1222 1813 Castra
1246 1773 1385 1836 quoque,

332 1834 522 1918 necopinato
535 1833 708 1920 adgressus,
725 1835 818 1918 cepit.
840 1847 881 1912 et,
898 1849 969 1899 octo
989 1833 1127 1898 millibus
1150 1835 1286 1900 bostium
1313 1859 1388 1922 cap-

333 1923 382 1997 tis,
399 1922 510 1985 ceteris
525 1935 579 1984 aut
594 1920 692 1995 cesis,
708 1933 763 1983 aut
777 1942 818 1984 ex
833 1943 910 2006 agro
926 1921 1075 1985 Romano
1089 1920 1212 2010 fugatis,
1230 1923 1299 1987 sine
1314 1935 1389 1989 auc-

331 2008 458 2072 toritate
486 2007 624 2082 Patrum,
650 2006 758 2091 populi
778 2007 876 2091 jussu,
893 2008 1108 2092 triumphavit.
1152 2008 1240 2083 Quia
1255 2031 1314 2073 nec
1328 2031 1389 2096 per

329 2093 516 2158 dictatorem
532 2091 700 2177 plebeium,
715 2092 797 2156 ⁶nec
812 2115 869 2178 per
882 2093 1052 2183 consulem,
1069 2095 1194 2158 comitia
1208 2097 1389 2161 consularis

331 2179 441 2244 baberi
456 2179 612 2256 volebant,
628 2192 659 2242 et
673 2177 751 2243 alter
761 2179 870 2243 consul
889 2179 1004 2245 Fabius
1020 2181 1103 2244 bello
1118 2180 1324 2262 retinebatur,
1336 2205 1386 2248 res

330 2265 371 2330 ad
397 2266 615 2356 interregnum
642 2265 734 2330 redit.
793 2265 971 2354 Interreges
999 2266 1160 2353 deinceps,
1176 2266 1219 2343 Q.
1236 2270 1388 2336 Servilius

330 2353 443 2432 Ahala,
464 2353 514 2417 M.
541 2351 667 2430 Fabius,
694 2352 754 2416 Cn.
780 2351 930 2428 Manlius,
948 2353 986 2416 C.
1004 2353 1130 2430 Fabius,
1157 2353 1196 2420 C.
1212 2355 1385 2440 Sulpicius,

332 2439 371 2505 L.
387 2438 549 2519 AEmilius,
565 2437 609 2514 Q.
623 2437 781 2516 Seruilius,
800 2437 849 2504 M.
864 2439 977 2502 Fabius
989 2439 1170 2504 Ambustus.
1194 2439 1233 2504 In
1245 2443 1389 2508 secundo

315 2525 512 2614 =interregno
537 2541 609 2589 orta
634 2525 793 2589 contentio
817 2537 875 2602 est,
900 2525 988 2611 quod
1011 2527 1077 2591 duo
1099 2525 1222 2610 patricii
1241 2529 1389 2594 consules

331 2612 539 2677 creabantur:
571 2611 898 2697 intercedentibusque
928 2611 1072 2690 tribunis,
1102 2612 1239 2678 interrex
1270 2615 1388 2690 Fabius

330 2698 445 2778 aiebat,
460 2701 494 2762 io
509 2697 662 2762 duodecies
677 2695 789 2762 tabulis
803 2701 896 2782 legem
910 2721 980 2776 csse,
996 2710 1039 2776 ut,
1056 2701 1257 2784 quodnamque
1266 2713 1389 2784 postre-

330 2805 408 2848 num
427 2785 557 2867 populus
567 2782 717 2866 jussisset,
735 2785 769 2846 id
778 2783 835 2866 jus
849 2795 1006 2868 ratumque
1020 2797 1109 2858 esset.
1133 2784 1266 2870 &taam
1274 2791 1390 2872 papuli

330 2871 523 2962 etppsrugiu
538 2891 609 2933 esse.
654 2868 786 2944 Quum¹
801 2869 1024 2935 intercedendo
1039 2871 1158 2936 tribuni
1183 2872 1262 2936 nihil
1286 2875 1386 2952 aliud,

330 2977 424 3041 quam
441 2973 476 3019 ut
490 2953 652 3025 differrent
666 2955 803 3032 coniitia,
819 2955 1003 3034 valuissent3
1025 2958 1091 3026 duo
1125 2959 1225 3024 atricii
1240 2961 1389 3026 consoles

330 3042 426 3106 creati
442 3055 525 3116 sunt,
543 3031 582 3104 C.
599 3039 756 3123 Sulpicius
773 3041 899 3108 Peticus
914 3047 1051 3122 tertium,
1110 3043 1278 3110 .Valerius
1299 3047 1387 3114 Pub·

330 3123 439 3192 licola:
463 3127 699 3213 eodemquedie
713 3129 929 3216 magistratum
945 3131 1093 3196 inierunt.

167 3209 306 3327 2:323:
366 3201 505 3281 XVIII.
529 3212 853 3302 Quadringentesimo
879 3239 974 3296 anno,
998 3240 1093 3303 quarn
1122 3218 1197 3282 urbs
1236 3218 1384 3284 Romana

167 3297 457 3404 u.s111par0⁰⁶⁰dlt⁸
480 3313 558 3376 erat,
583 3301 695 3402 quinto
717 3302 885 3378 tricesimo,
909 3325 1005 3389 quam
1031 3329 1049 3368 a
1074 3303 1176 3370 Gallis
1198 3305 1387 3391 reciperata,

167 3405 317 3519 &aaa
327 3385 341 3424 ⁸
351 3385 458 3452 ablato
471 3387 484 3426 ⁹
495 3400 565 3472 post
580 3387 780 3494 undecimum
795 3409 912 3454 annum
929 3411 947 3452 a
961 3389 1053 3474 plebe
1068 3390 1243 3468 consulatu,
1261 3394 1386 3477 patricii

690 3589 705 3620 ¹
722 3585 842 3650 Quamque
858 3591 932 3638 Grau.
944 3593 1012 3639 Cres.

324 3787 508 3852 qulnieasesque
522 3787 654 3848 pugnabat,
667 3793 694 3834 ut
705 3801 735 3834 ex
747 3803 835 3849 praece-
868 3787 984 3850 cadugio
993 3789 1048 3842 init,
1058 3802 1105 3836 non
1116 3790 1198 3836 minus
1205 3786 1303 3853 jubere,
1313 3803 1387 3851 quam

323 3851 436 3900 dentibus
450 3857 524 3912 potet.
557 3851 674 3906 Andreas,
688 3853 835 3914 campanus,
868 3853 1048 3914 dmgatiauera
1068 3853 1173 3913 aliquam
1193 3855 1307 3901 edacem
1323 3855 1388 3902 anti-

323 3925 348 3964 et
358 3931 422 3964 uuus
432 3929 462 3962 cx
474 3915 545 3964 MSS.
557 3916 658 3970 Hearnil
675 3917 765 3964 habent
777 3931 836 3978 qua·
868 3923 989 3980 quaretve.

321 3981 539 4028 mcdaedldimurr
558 3981 836 4030 monueramus
899 3982 916 4029 Β
938 3981 1021 4029 Ablata
1041 3986 1094 4043 part
1115 3981 1262 4030 marum
1282 3983 1385 4048 must]

321 4055 381 4091 cau.
867 4045 970 4093 Plebelis
981 4059 995 4092 a
1006 4047 1132 4094 coatrdmu
1150 4047 1255 4093 exclusis
1272 4056 1388 4108 pastun·

352 4109 368 4154 6
393 4108 449 4155 Nec.
473 4123 518 4170 ,aar
542 4109 667 4174 mutuum]
701 4109 832 4158 Plebeium.
866 4111 1186 4173 decimumsnnum,quarn
1204 4113 1237 4160 ad
1253 4112 1327 4162 illum
1342 4114 1387 4160 ad-

320 4171 429 4218 Andrcsa
456 4175 539 4228 edidit,
566 4187 607 4222 aas
634 4187 680 4234 per
706 4173 835 4235 Popllttum
866 4176 932 4222 mitti
942 4181 1072 4236 coepennt.

319 4235 450 4300 Μανίαν,
463 4239 810 4286 stricunuseaortdrcodd·
898 4239 914 4286 9
941 4239 1001 4286 Part
1021 4239 1166 4288 audcdmm
1188 4253 1277 4286 um
1318 4243 1386 4290 Ante

353 4297 481 4371 idearum
497 4299 592 4365 poprdll.
607 4303 834 4364 soungtaquoque
867 4303 993 4364 Siganium
1010 4305 1068 4352 editt
1083 4308 1241 4365 mamas·
1290 4304 1387 4368 llejus-

319 4375 370 4408 asse
384 4377 482 4423 jussum
502 4365 592 4426 poprrli.
625 4366 832 4427 Populum.·dum
866 4367 897 4414 rlt
916 4369 964 4429 Iagr'
979 4371 1033 4429 part
1051 4369 1206 4424 smmum,
1229 4371 1386 4419 metienti-
