2978 4918
404 239 496 306 Lm.
523 215 581 302 ni.
607 210 836 302 c‘srss‘xxx.
1110 221 1164 298 rie

102 403 247 490 prefecto·
263 405 363 471 urbis
390 421 514 493 senatus
537 403 663 472 habitus
682 401 932 490 ‘triumphantem
958 401 1157 480 Quinctium,
1169 427 1234 476 uc,
1246 427 1302 486 29⁶⁴

101 515 153 578 quo
165 493 323 558 veniebat
339 493 480 582 agmine,
504 491 622 556 urbem'
636 491 759 580 ingredi
776 491 880 578 jussit.
896 491 985 554 ducti
1000 502 1073 554 ante
1087 493 1197 554 cur-b
1207 491 1233 538 C·
1245 489 1301 540 ⁴⁵⁶·

102 599 162 641 rum
176 577 327 644 hostium
342 583 460 643 duces:
484 578 732 665 militariasigna
751 576 898 662 praelata:
922 593 1046 642 secutus
1069 598 1159 640 excr-

105 664 174 728 citus
189 667 305 749 praeda
320 679 469 730 onustus.
513 661 626 748 Epulae
640 665 801 730 instructae
816 663 965 728 dicuntur
980 663 1073 727 luisse
1087 676 1159 726 ante

107 749 237 816 omnium
264 753 404 816 domos:
426 751 650 838 epulantesque
671 749 783 813 ”cum
811 751 951 813 carnrine
975 747 1162 834 triumphali

108 851 133 900 et
152 837 403 902 ”sollemnibus
429 838 436 852 '
461 837 514 914 cis,
540 837 776 902 comissantium
791 837 897 913 modo,
919 857 1047 899 curtum
1064 838 1160 900 secuti

108 937 182 989 sunt.
229 923 352 988 Eodie
368 925 409 988 L.
466 923 572 988 amilio
587 921 781 997 Tusculano,
801 921 1050 1006 adprobantibus
1064 944 1161 986 cunc·

109 1010 153 1090 tis,
167 1009 280 1074 civitas
295 1009 373 1074 slata
387 1023 445 1073 est.
489 1007 660 1073 Confestim
684 1031 717 1072 se
740 1009 874 1073 dictator
896 1010 1080 1095 magistratu
1104 1008 1160 1073 ab·

108 1097 246 1173 dicasset,
262 1097 298 1160 ni
313 1096 443 1160 comitia
459 1095 508 1160 M.
521 1095 640 1160 Volscii
665 1093 735 1158 falsi
757 1098 843 1159 testis
858 1095 1046 1159 tenuissent:
1069 1117 1107 1157 ca
1120 1117 1161 1160 ne
1169 1112 1283 1160 Volscius

108 1181 288 1268 inpedirent
323 1181 454 1257 tribuni,
491 1181 654 1245 dictatoris
689 1180 809 1245 obstitit
849 1195 961 1245 metus.
1016 1178 1323 1245 Volsciusfflwefi·
1350 1238 1354 1244 ,

109 1268 273 1332 damnatus
298 1269 478 1332 Lanuvium
508 1267 541 1330 in
564 1267 711 1332 exsilium
742 1265 827 1330 abiit.
873 1265 1043 1342 Quinctius
1072 1244 1307 1330 sextodmm'·

110 1353 229 1418 decimo
244 1353 296 1418 die
311 1355 479 1428 dictatura,
494 1355 525 1416 in
552 1375 608 1418 sex
635 1375 758 1416 menses
779 1368 917 1438 accepta,
943 1375 975 1415 se
986 1351 1161 1418 abdicavit.

112 1439 167 1504 Per
181 1463 237 1504 eos
252 1440 319 1504 dies
334 1438 445 1504 consul
463 1439 598 1504 Nautius
624 1437 664 1503 nd
691 1439 822 1502 Eretum
844 1461 916 1502 cum
933 1437 1057 1504 Sabinis
1072 1461 1162 1525 egre·

109 1529 155 1612 gie
179 1539 312 1614 pugnat.
328 1526 368 1590 nd
387 1537 520 1588 vastatos
540 1547 631 1606 agros
645 1547 682 1588 ea
697 1546 822 1608 quoque
835 1523 940 1590 clades
959 1525 1087 1590 accessit
1100 1527 1162 1590 Sa·

110 1612 196 1677 binis.
244 1611 393 1676 Minucio
409 1610 527 1676 Fabius
542 1611 683 1688 Quintus
690 1631 855 1674 successor
869 1611 900 1674 in
919 1609 1071 1712 Algidum
1087 1611 1163 1674 mis-

111 1722 168 1765 sus.
215 1699 369 1763 Extremo
390 1719 475 1761 anno
495 1698 647 1783 agitatum
663 1696 702 1760 de
716 1695 785 1796 lege
802 1696 842 1760 ab
856 1696 992 1761 tribunis
1015 1711 1072 1762 est.
1096 1697 1161 1774 sed,

131 1786 180 1850 uia
202 1785 271 1848 duo
295 1783 450 1851 exercitus
473 1783 614 1863 aberant,
639 1805 680 1846 ne
701 1783 777 1868 quid
791 1780 926 1850 ferretur
940 1783 980 1848 ad
998 1784 1163 1868 populum,
1246 1855 1250 1864 ¹

111 1807 220 1936 latres
246 1884 386 1935 tenuere.
410 1867 517 1956 plebes
542 1869 626 1944 vicit,
650 1881 685 1933 ut
708 1868 854 1954 quintum
875 1871 1000 1935 eosdem
1020 1870 1164 1936 tribunos

112 1971 262 2033 crearent.
307 1955 418 2042 Lupos
433 1956 514 2019 visos
531 1955 562 2019 in
585 1952 744 2038 Capitolio
758 1953 864 2020 ferunt
885 1980 903 2020 a
922 1956 1054 2021 canibus
1066 1955 1164 2042 luga-

111 2059 175 2120 tos;
198 2043 242 2108 ob
259 2041 293 2106 id
309 2041 492 2130 prodigium
514 2041 678 2106 lustratum
695 2040 887 2126 Capitolium
907 2064 981 2108 esse.
1028 2045 1109 2108 Haec
1126 2065 1165 2108 eo

110 2144 477 2303 anqoffimsequumur
501 2207 648 2288 consules
670 2214 713 2291 Q.
741 2215 913 2294 Minucius,
945 2213 984 2282 C.
1014 2217 1308 2284 Horatium-urat.

113 2301 272 2368 Pulvillus.
317 2304 417 2390 Cujus
431 2303 522 2370 initio
535 2303 611 2367 anni
633 2323 731 2386 quum
745 2303 823 2366 foris
837 2304 936 2367 otium
959 2319 1049 2384 esset,
1075 2305 1163 2369 domi
1173 2299 1203 2344 A.
1216 2295 1308 2374 ⁰:⁴⁵⁵>

112 2389 277 2454 seditiones
303 2389 397 2454 iidem
424 2390 554 2468 tribuni,
584 2389 693 2452 eadem
719 2387 772 2452 lex
799 2381 942 2453 faciebat.
973 2362 1326 2478 ulteriusqueg‘iiffig'

113 2489 239 2540 ventum
253 2473 345 2551 foret,
362 2475 456 2559 (adeo
467 2485 648 2541 exarserant
659 2473 801 2554 animis‘)
814 2475 858 2550 ni,
874 2475 960 2538 velut
970 2472 1076 2540 dedita
1088 2498 1162 2562 ope·
1172 2491 1238 2538 eoos

113 2583 154 2638 ra,
181 2575 339 2626 nocturno
362 2561 471 2646 inpetu
493 2561 670 2648 AEquorum
695 2559 856 2624 Corbione
879 2560 1028 2624 amissum
1053 2562 1165 2646 prasi·

112 2648 196 2712 dium
216 2649 403 2712 nunciatum
417 2661 507 2713 esset.
552 2649 703 2714 Senatum
719 2646 862 2711 consules
876 2657 1001 2725 vocant,
1011 2647 1165 2733 jubentur

112 2734 296 2799 subitarium
317 2731 655 2810 scribereexercitum‚
682 2745 777 2816 atque
800 2735 833 2796 in
861 2732 1011 2820 Algidum
1036 2734 1165 2800 ducere.

113 2821 196 2895 lude,
220 2821 323 2906 posito
339 2819 418 2907 legis
432 2820 613 2896 certamine,
635 2840 716 2882 nova
730 2818 770 2882 de
784 2818 906 2884 delectu
930 2823 1092 2887 contentio
1113 2845 1165 2885 or-

113 2909 168 2971 ta'.
188 2905 215 2945 ‘⁵
225 2905 483 2992 Vincebaturquc
493 2908 656 2970 consulare
671 2905 838 2990 imperium
852 2905 1021 2971 tribunicio
1036 2907 1165 2988 auxilio,
1175 2932 1310 2979 petraeum

134 3015 209 3058 uum
236 2992 315 3058 alius
337 2992 465 3057 additur
479 3005 599 3056 terror:
625 2987 777 3056 Sabinum
800 2992 974 3056 exercitum
987 2994 1165 3079 praedatum
1174 2997 1294 3072 AEquuet

113 3014 356 3143 descendissem
379 3099 472 3166 agros
495 3078 667 3153 Romanos,
690 3076 818 3142 indeed
840 3079 950 3142 urbem
972 3081 1090 3147 venire.
1135 3083 1167 3148 Is
1175 3061 1277 3110 mm*

113 3178 212 3229 metus
222 3164 365 3251 perpulit
375 3173 398 3243 ⁸,
414 3178 449 3228 ut
460 3163 555 3229 scribi
569 3163 697 3228 militem
713 3163 832 3230 tribuni
846 3166 1000 3250 sinerent3
1023 3189 1087 3232 non
1100 3169 1169 3234 sine

113 3251 258 3334 pactione
272 3265 389 3326 tamen,
398 3267 450 3326 at,
466 3251 614 3338 quoniam
630 3249 689 3334 ipsi
700 3249 949 3336 quinquennium
965 3253 1041 3318 elusi
1055 3268 1167 3331 essent,

112 3357 306 3424 parvumque
329 3336 362 3401 id
385 3336 470 3421 plebi
508 3335 667 3400 raesidinm
682 3334 772 3412 foret,
796 3336 907 3401 decem
919 3337 1033 3404 deinde
1047 3341 1168 3406 tribuni

114 3421 211 3506 plebis
234 3433 427 3490 crearentur.
472 3357 635 3507 llxpressit
659 3420 722 3486 hoe
746 3423 912 3488 necessitas
945 3423 1101 3490 Patribus.
1134 3428 1168 3493 id

112 3509 207 3576 modo
221 3531 388 3596 excepere,
412 3531 453 3573 ne
471 3521 580 3593 postea
593 3507 719 3572 eosdem
733 3507 877 3574 tribunos
895 3510 1052 3596 juberent.
1096 3513 1168 3577 Tri-

219 3645 322 3692 ·aalml
333 3645 408 3700 Gron.
421 3645 490 3692 Cres.
585 3635 691 3694 secono
700 3645 769 3694 led.
864 3649 878 3690 t
889 3647 989 3707 perculit
1000 3647 1067 3696 End.

144 3761 178 3810 23
194 3761 255 3810 Cum
266 3761 370 3808 numine
385 3758 534 3825 triumphali]
560 3757 626 3810 Mut-
657 3757 835 3819 imperatorem.
867 3759 931 3809 Vlde
948 3761 1012 3809 irum
1030 3761 1075 3812 tv.
1091 3763 1129 3811 53.
1144 3773 1170 3814 ct

115 3825 179 3872 aba·
200 3826 356 3886 triumphurn
379 3823 477 3870 nomine
498 3823 625 3878 cientibus,
659 3823 756 3872 Sueton.
769 3827 832 3875 ene.
843 3825 882 3873 ts.
894 3832 919 3872 et
930 3825 970 3875 ⁵1.

114 3891 259 3966 utlpquitur
275 3886 559 3966 posterLXLV.c.JlS.
576 3889 626 3984 sivq
691 3887 747 3966 ξδ’
762 3889 896 3938 thcesatur
912 3892 1105 3942 ...membre
1124 3895 1171 3952 lm·

114 3949 626 4079 talsffittf't’s'tslsstltln
651 3953 1173 4078 ,tttoqlllf‘lllrttl'wlrltttts

114 4079 188 4130 'stist-
200 4080 385 4132 tamnen.
398 4081 433 4128 11.
444 4082 467 4129 ⁵.
659 4081 712 4128 loco
738 4083 909 4142 proprietatem
933 4085 1069 4132 verborum.
1097 4087 1174 4146 ,Con-

146 4145 181 4194 24
194 4145 332 4194 &mnibus
346 4145 419 4209 joela]
444 4145 511 4193 Jocis
536 4147 562 4192 in
584 4145 627 4192 tri-
660 4147 742 4191 sulum
764 4147 888 4207 imperinm
905 4154 964 4193 erat.
1005 4147 1107 4198 Tribuni
1127 4165 1172 4200 nec

113 4211 205 4270 mpho
223 4209 331 4264 natata,
349 4223 411 4271 quos
430 4210 542 4258 militaris
559 4211 631 4257 turba
662 4209 801 4269 imperium,
820 4224 864 4257 nec
882 4217 1025 4270 potestatem
1043 4215 1172 4269 habebant.

113 4275 177 4320 turn
192 4275 303 4338 gustem
330 4283 355 4320 et
381 4275 470 4336 gaudio
494 4271 629 4329 lasciviens.
663 4273 1041 4324 wdamttttanoumadvarm
1055 4281 1172 4326 consules.

112 4337 230 4388 mount
246 4340 300 4386 slve
318 4339 344 4384 in
360 4339 466 4386 devictos
477 4338 568 4398 hostes,
579 4339 631 4386 uve
664 4335 723 4387 vid.
733 4350 806 4400 supra
815 4339 849 4392 11.
858 4337 898 4387 38.
906 4345 931 4386 et
939 4341 1048 4390 notras.
1057 4350 1082 4390 et
1091 4337 1130 4392 24.
1141 4343 1173 4395 ιὰ

113 4401 307 4460 inducarnus,
320 4409 348 4450 ct
364 4403 445 4480 ipsum
456 4417 631 4466 nonnunqum
664 4401 699 4449 IL
713 4401 755 4452 tn.

703 4473 762 4532 nl
