3034 4916
343 181 400 238 512
675 207 679 216 ·
736 171 848 234 TITI
876 172 1012 235 mvl-1

183 355 320 405 ussat
343 353 402 408 rat.
447 331 560 424 Itequ'e
581 333 688 425 qaum
703 358 774 436 spes
798 333 889 404 nulla
911 353 1002 418 esset,
1025 339 1143 406 diutius
1166 339 1310 405 obsmsos
1335 338 1404 403 ino-³

182 420 319 470 ΑΜΕ
342 428 431 513 piam
452 426 582 503 laturos,
605 426 707 491 coacti
730 425 899 505 Samnites,
915 427 971 513 qui
985 426 1028 491 ad
1043 426 1208 492 Luceriam
1231 423 1405 491 castraba-

341 513 470 665 lpebsnt,
486 509 628 599 undique
648 512 819 602 connectis
840 512 972 595 viribus,
987 513 1078 602 signa
1092 535 1166 580 cnm
1184 512 1315 599 Papirio
1328 533 1407 577 con-

356 622 436 666 erre.

386 685 479 753 XIV.
503 685 565 751 Per
579 685 610 750 id
625 696 760 771 tempus,
774 685 960 771 parentibus
980 685 1123 774 utrisque
1136 708 1170 750 se
1184 683 1224 751 ad
1239 685 1405 770 proelium,

342 771 438 860 legati
452 770 621 838 Tarentini
643 772 867 850 interveniunt,
882 773 1109 838 denunciantes
1124 771 1320 838 Samnitibus
1338 771 1405 836 Ro-

343 859 519 944 manisque,
535 878 571 923 ut
583 857 702 923 bellum
716 859 908 924 omitterent.
929 879 988 944 per
1004 871 1091 942 utros
1106 859 1250 936 stetisset,
1265 879 1332 960 quo
1345 857 1408 922 mi-

342 967 404 1012 nus
427 943 642 1010 discederetur
664 943 704 1010 ab
725 945 831 1021 armis,
847 944 997 1034 adversus
1009 967 1065 1010 eos
1079 968 1112 1010 se
1126 964 1187 1031 pro
1202 948 1309 1010 alteris
1323 965 1407 1032 pug-

342 1044 482 1097 naturos.
528 1030 578 1096 Ea
595 1031 752 1118 legatione
775 1030 922 1117 Papirius
942 1032 1060 1109 audita,
1084 1032 1216 1116 perinde
1237 1051 1276 1096 ec
1300 1043 1409 1096 motus

342 1118 436 1183 dictis
459 1139 581 1195 eorum,
605 1137 679 1182 cum
704 1117 825 1204 collega
839 1139 871 1183 se
892 1119 1199 1183 communicaturum
1222 1117 1407 1202 respondit:

341 1203 511 1289 adcitoque
525 1225 573 1281 eo,
588 1225 688 1290 quum
702 1215 827 1288 tempus
841 1225 936 1269 omne
949 1205 983 1268 in
998 1204 1152 1290 adparatu
1167 1205 1404 1284 consumsisset,

343 1290 530 1357 conlocutus
550 1292 589 1354 de
612 1312 645 1355 rc
669 1289 755 1354 haud
776 1289 882 1369 dubia,
898 1289 1059 1379 “signum
1087 1313 1205 1380 pugnae
1227 1291 1407 1376 proposuit.

344 1377 524 1478 rigentibus
544 1376 650 1441 divina
667 1375 878 1466 humanaque,
894 1395 967 1464 quae
989 1376 1143 1456 adsolent,
1181 1399 1256 1442 uum
1273 1378 1343 1442 acie
1356 1377 1408 1440 di·-

343 1461 525 1528 mrcandum
552 1475 608 1540 est,
631 1463 822 1540 consulibus,
846 1462 1013 1529 Tarentini
1035 1463 1131 1550 legati
1151 1487 1172 1527 o
1194 1483 1333 1542 cursare,
1357 1485 1409 1527 re·

342 1573 495 1634 sponsum
509 1562 734 1634 exspectantes,
751 1549 866 1636 quibus
883 1547 1029 1635 Papirius
1043 1551 1106 1616 ait:
1131 1551 1280 1634 Auspicia
1303 1573 1410 1615 secun-

342 1639 386 1701 da
407 1659 479 1714 esse,
503 1637 682 1717 Tarentini,
698 1637 855 1720 peullarius
882 1639 1018 1701 nunciat.
1041 1639 1163 1702 litatum
1184 1646 1342 1721 preterea
1363 1647 1410 1702 est

340 1725 475 1808 egregie.
488 1723 662 1787 unctoribus
677 1724 764 1798 Diis,
779 1724 944 1800 arridetis,
960 1725 1079 1788 adrem
1113 1725 1254 1788 erendum
1265 1726 1410 1826 proficis-

340 1811 448 1874 cimur.
494 1807 592 1895 Signa
606 1809 680 1872 inde
694 1808 769 1872 ferri
777 1808 882 1896 jussit,
898 1820 931 1872 ct
943 1809 1050 1894 copies
1064 1747 1189 1888 eduxit,
1204 1811 1409 1876 varussimam

342 1895 508 1980 increpans
520 1906 659 1994 gentem,
698 1916 757 1970 nm,
772 1915 903 1960 suemm
917 1895 1063 1982 inpotens
1080 1919 1185 1963 rerum
1198 1919 1268 1982 prae
1282 1898 1410 1962 domes-

340 1980 414 2045 ticis
439 1979 645 2044 seditionibus
669 1915 909 2068 discordiisque,
924 1983 992 2047 aliis
1015 1984 1146 2050 modurn
1168 1985 1255 2072 pacis
1270 2005 1309 2049 ao
1331 1985 1409 2050 belli

343 2065 447 2131 iacere
469 2089 597 2154 aequum
621 2081 771 2132 censeret.
818 2068 975 2135 Samnites
1002 2091 1043 2135 ex
1063 2085 1156 2156 purte
1180 2071 1290 2150 altera,
1307 2094 1408 2158 quum

258 2193 264 2204 =
344 2175 471 2220 omnem
486 2175 595 2218 curam
615 2153 688 2218 belli
710 2154 912 2237 remisissent,
928 2158 1001 2242 quia
1015 2171 1070 2223 aut
1086 2179 1195 2243 paoem
1211 2180 1285 2224 vere
1299 2160 1408 2244 cupie-

345 2238 433 2318 bant,
449 2253 505 2306 aut
519 2240 708 2326 expediebat
733 2241 892 2319 simulare,
908 2255 943 2308 ut
957 2242 1152 2310 Tarentinos
1173 2245 1234 2310 sibi
1255 2245 1410 2311 concilia-

345 2340 427 2405 rent,
442 2349 543 2414 quum
564 2329 733 2393 instructos
753 2341 882 2413 repente
907 2328 949 2393 ad
975 2352 1115 2418 pugnam
1142 2332 1308 2396 Romanos
1329 2355 1410 2398 con·

345 2413 532 2500 spexissent,
547 2415 725 2497 vociferari,
740 2413 805 2480 ⁴''se
818 2417 853 2480 in
874 2419 1057 2483 amtmitote
1081 2419 1318 2484 Tarentinorum
1343 2443 1410 2484 rna·

346 2521 428 2580 nere,
444 2523 499 2566 nec
517 2503 695 2566 descendere
716 2504 749 2566 in
771 2505 876 2581 acient,
891 2525 946 2568 nee
959 2513 1048 2569 entra
1070 2507 1182 2571 nollunt
1201 2527 1292 2570 ornto
1303 2505 1411 2592 ferre.

346 2588 501 2672 Dereptos
514 2590 631 2672 potius,
647 2591 849 2674 quodeunque
869 2587 955 2655 canss
966 2591 1069 2676 ferat,
1084 2613 1239 2676 posnnos,
1260 2615 1353 2677 qrsarn
1375 2605 1413 2659 nt

345 2677 493 2757 spreuisse
495 2677 587 2758 posis
594 2685 731 2740 auctores
739 2676 925 2742 Tarentinos
935 2679 1107 2743 videantur.
1122 2679 1413 2763 Accepereseomen,

346 2760 490 2825 consules
505 2761 604 2839 aiunt,
620 2772 650 2826 et
664 2785 730 2828 earn
746 2765 876 2845 praemi
888 2773 1013 2828 mentem
1035 2765 1179 2841 hortinis,
1194 2775 1228 2830 ur
1242 2787 1282 2830 ne
1296 2771 1412 2834 salton

100 2917 102 2931 ⁴
160 2859 279 2971 ‘pm
287 2847 465 2996 vin-guidem
486 2847 661 2949 decendunt.
688 2848 785 2948 'Ipsi
799 2848 891 2998 iuterl
903 2871 936 2914 se
956 2850 1213 3002 partitisadcopiis,
1234 2854 1414 2919 succedunt

185 2987 333 3103 ner·
348 2944 897 3112 ftttf'ttttttfftsstttttt
914 2949 1319 3109 ttlttfuqttttt
1335 2963 1413 3112 ,iffi

348 3118 487 3184 ruerent,
501 3129 560 3171 nec
583 3107 682 3171 virtus
708 3105 804 3171 modo
818 3107 924 3185 insita,
940 3109 994 3173 sed
1018 3109 1065 3173 ira
1086 3112 1191 3188 etism,
1206 3112 1412 3179 exulceratos

346 3193 523 3279 ignominia
547 3192 722 3259 stimularet
749 3193 882 3272 animos,
909 3207 1013 3260 castra
1041 3197 1199 3261 invasere:
1232 3211 1267 3262 et
1289 3221 1352 3284 pro
1377 3221 1412 3266 se

346 3281 563 3366 quinquenne
572 3279 796 3366 kaecfisrnslas,
811 3301 866 3345 nec
881 3283 1042 3360 Caudium,
1053 3303 1107 3347 nec
1120 3285 1328 3351 soltusr'nnios
1337 3307 1411 3365 esre,

345 3367 399 3430 ubi
421 3389 553 3430 errorent
564 3367 665 3451 stans
686 3367 812 3450 neperhe
837 3369 974 3444 uicissem
996 3371 1050 3433 sed
1066 3369 1235 3434 manum
1255 3373 1412 3452 uirtutem,

345 3475 436 3538 quom
458 3473 513 3516 nec
532 3453 655 3528 nullutn,
676 3459 731 3516 bec
742 3455 844 3538 fossae
867 3464 1016 3531 urserertt,
1043 3468 1264 3532 memorantes,
1280 3458 1413 3526 credunt

370 3538 466 3603 ariter
486 3538 664 3603 resistentes
683 3537 843 3626 fusosque,
864 3539 999 3603 inermes
1020 3553 1113 3628 atque
1126 3553 1275 3622 armatos,
1292 3567 1411 3626 servos,

345 3559 474 3704 liberos,
499 3623 644 3710 puberes,
667 3625 846 3726 inpuberes,
870 3625 1024 3705 homines,
1045 3629 1263 3716 jumentaque.
1287 3653 1349 3695 nec
1362 3633 1413 3696 ul-

347 3712 414 3776 lum
431 3709 635 3797 superfuisset
655 3709 785 3798 ammai,
801 3711 833 3778 ni
848 3713 991 3777 consules
1005 3714 1147 3798 receptui
1160 3715 1288 3804 signum
1303 3717 1412 3784 dedis-

348 3810 429 3875 sent,
445 3797 615 3885 avidosque
635 3797 731 3864 coedis
754 3797 868 3863 milites
890 3821 908 3863 e
929 3799 1039 3866 cestris
1060 3799 1198 3867 hostium
1221 3803 1359 3889 imperio
1374 3829 1412 3870 ec

348 3885 444 3950 minis
458 3882 661 3968 expulissent·
709 3883 819 3970 ltaque
843 3883 929 3970 apud
953 3884 1091 3951 infensos
1111 3886 1154 3952 ob
1175 3887 1411 3974 interpellatam

348 3969 550 4038 dulcedinem
572 3970 628 4036 iroe
650 3967 813 4038 confestim
839 3971 943 4040 oratio
967 3971 1077 4040 habita
1099 3986 1156 4053 est,
1182 3989 1218 4041 ut
1242 3975 1413 4044 doceretur

381 4208 414 4256 46
431 4209 534 4272 Signum
547 4215 648 4278 pugne]
665 4215 786 4264 Tunicam
803 4231 861 4278 pur-
892 4218 997 4281 nenne]
1017 4217 1049 4265 Se
1062 4217 1201 4264 Terentints
1216 4219 1284 4279 pacis
1303 4219 1411 4267 metari·

349 4285 457 4336 putenm.
474 4275 532 4324 Vid.
542 4285 591 4324 not.
603 4277 643 4326 te.
651 4281 682 4326 ad
693 4295 713 4327 c.
727 4281 766 4328 12.
777 4283 793 4328 l.
803 4282 850 4328 vl.
893 4281 947 4336 but.
955 4295 1040 4344 pacem
1047 4283 1300 4346 medendumque
1310 4283 1410 4345 menni

381 4337 508 4388 tt‘sm
525 4345 661 4391 numme
683 4345 861 4394 mmm
894 4346 963 4394 selle.
