2978 4918
369 249 425 308 uo
733 195 873 308 ¹rust
901 241 1037 306 trvrt
1087 223 1092 231 '

207 429 341 479 racana
367 431 463 498 egens
481 409 579 474 miles.
624 409 746 475 Consul
766 432 840 474 cum
855 411 994 476 maxima
1007 409 1110 499 gloria
1129 395 1186 476 stin
1200 409 1346 476 rictorem
1360 433 1408 475 ex·

204 496 235 544 A
245 495 273 543 ⁰·
285 495 342 543 ⁴⁹⁸·
366 498 499 562 ercitum
521 495 547 535 ³⁹
560 496 695 560 Romam
717 495 850 562 reducit.
874 496 1078 563 decedentem
1096 497 1233 564 Romam
1248 495 1408 562 Ecetrano-

365 605 437 648 rum
453 581 644 648 Volacorum
662 581 769 667 legati,
791 583 885 649 rebus
903 583 966 648 suis
985 585 1130 648 timentes
1150 595 1224 668 post
1248 581 1407 647 Pometiam

363 683 503 820 acpiptam,
529 669 660 734 adsunt.
705 667 769 733 His
791 691 831 734 ex
854 669 1127 736 senatusconsulto
1149 669 1225 734 data
1247 691 1318 755 pax,
1342 691 1409 758 ager

406 769 521 820 emtus.
982 791 986 805 ¹

203 843 336 894 ramnum
407 841 541 908 XXVI.
565 840 740 909 Confestim
756 855 788 908 et
808 843 919 909 Sabini
936 845 1099 910 Romanos
1117 843 1313 908 territerere:
1335 841 1409 906 ⁴⁰tu·

203 907 313 957 δώῃ
363 927 481 994 multus
510 929 594 994 enim
623 928 685 995 fuit
712 931 825 1008 verius,
855 952 952 1014 quam
976 929 1103 995 bellum.
1158 931 1260 995 Nocte
1283 929 1314 992 in
1339 927 1410 992 urbs

362 1015 549 1080 nunciatum
572 1030 627 1093 eat,
642 1019 815 1082 exercitum
832 1017 984 1082 Sabinum
1009 1015 1261 1102 praedabundum
1285 1014 1324 1080 ad
1339 1015 1410 1078 Ani·

362 1123 454 1166 onem
479 1120 605 1168 amnem
629 1104 816 1187 pervenisse.
840 1102 885 1167 ibi
910 1103 1023 1190 passim
1050 1102 1144 1188 diripi
1172 1117 1265 1189 atque
1292 1099 1409 1165 incendi

362 1187 461 1254 villas.
507 1189 627 1254 Missus
650 1190 809 1274 extemplo
831 1211 963 1254 eccum
988 1189 1136 1252 omnibus
1162 1191 1264 1274 copiis
1277 1187 1409 1274 equitum

361 1273 402 1340 A
430 1275 624 1353 Postumius,
653 1275 708 1363 qui
736 1277 874 1340 dictator
902 1274 986 1340 bello
1017 1275 1132 1340 Iastiuo
1160 1272 1271 1341 suerat.
1294 1287 1410 1340 secutus

361 1361 472 1426 consul
497 1363 648 1428 Servilius
671 1385 746 1426 cum
769 1361 894 1427 delecta
915 1361 1059 1446 peditum
1086 1382 1194 1427 mauu.
1250 1359 1410 1445 Plerosque

359 1448 502 1532 palantes
516 1471 611 1598 sepner
634 1447 851 1513 circumvenit.
866 1469 925 1512 nec
939 1447 1118 1513 advenienti
1134 1447 1276 1532 peditum
1300 1445 1409 1534 agmini

360 1535 474 1599 restitit
497 1535 537 1599 Sa
564 1533 617 1598 ina
639 1534 733 1622 legio.
779 1535 876 1610 Fessi,
892 1547 961 1599 tum
983 1534 1106 1612 itinere,
1122 1546 1191 1598 tum
1216 1532 1410 1622 populatione

360 1633 528 1699 nocturna,
545 1643 661 1706 magna
671 1643 744 1704 pars
755 1621 787 1684 in
799 1619 880 1684 villis
895 1621 1007 1705 repleti
1019 1619 1091 1685 cibo
1105 1621 1254 1707 vinoque,
1271 1621 1321 1684 vix
1333 1617 1409 1705 firgo

196 1715 295 1764 Bellum
360 1706 448 1792 quod
462 1707 537 1772 satis
552 1719 633 1771 esset
652 1707 767 1771 virium
782 1706 933 1772 habuere.
979 1705 1082 1773 Nocte
1098 1729 1162 1771 una
1176 1707 1286 1772 audito
1299 1703 1369 1792 perf
1396 1739 1409 1752 ·

194 1782 318 1895 ξπ·
361 1805 459 1880 toque
471 1793 557 1857 bello
573 1793 701 1873 Sabino,
717 1807 845 1878 postero
859 1793 920 1871 die,
937 1793 970 1858 in
992 1815 1108 1882 magna
1127 1794 1195 1879 jam
1210 1815 1268 1880 spe
1281 1791 1410 1878 undique

383 1891 462 1944 artae
476 1880 573 1965 pacis,
598 1881 694 1968 legati
714 1880 860 1944 Aurunci
884 1895 1028 1944 senatum
1052 1878 1180 1958 adeunt,
1197 1881 1231 1944 ni
1250 1879 1410 1945 decedatur

391 1965 481 2032 olsco
497 1988 584 2054 agro,
599 1966 717 2031 bellum
732 1966 917 2031 indicentes.
962 1967 1043 2031 Cum
1068 1967 1178 2053 legatis
1192 1965 1287 2030 simul
1301 1961 1408 2030 exerci-

358 2064 410 2117 tus
435 2053 661 2118 Auruncorum
688 2052 786 2117 domo
810 2052 970 2140 profectus
998 2064 1075 2117 erat.
1098 2053 1189 2138 cujus
1214 2055 1310 2130 famu,
1332 2046 1410 2114 baud

356 2137 469 2224 procul
478 2141 546 2226 jam
561 2139 602 2204 ab
625 2139 732 2204 Aricia
746 2140 813 2218 risi,
829 2151 919 2205 tauto
934 2138 1073 2204 tumultu
1088 2139 1229 2204 concivit
1246 2139 1409 2210 Romanos,

356 2237 394 2290 ut
409 2248 468 2291 uec
488 2225 611 2290 consuli
624 2225 737 2290 ordine
753 2225 874 2305 Patres,
889 2246 949 2289 nec
961 2239 1111 2312 pacatum
1127 2247 1313 2308 responsum
1331 2243 1410 2289 arma

356 2311 564 2378 inferentibus
576 2333 663 2378 arma
675 2312 734 2398 ipsi
744 2335 781 2376 ca
805 2311 986 2377 ientesdnre
994 2324 1133 2398 possent.
1155 2311 1299 2377 Ariciam
1310 2307 1411 2375 infesto

357 2400 485 2486 agmine
499 2399 581 2465 itur:
605 2399 665 2464 ncc'
678 2334 884 2486 proculinde
901 2419 974 2463 cum
989 2396 1148 2464 Auruncis
1170 2399 1262 2486 signa
1284 2396 1409 2470 conluta,

357 2486 452 2572 proeli
497 2509 536 2552 ue
552 2486 819 2552 unodebellatum
834 2497 891 2550 est.

192 2569 325 2622 mot
402 2573 471 2639 XX
507 2573 555 2640 Il.
579 2573 671 2639 Furia
699 2572 872 2649 Auruncis,
899 2571 999 2635 vietor
1022 2583 1071 2635 tot
1094 2571 1178 2637 intra
1206 2593 1325 2657 paucos
1352 2567 1410 2631 dies

191 2649 345 2753 mg
357 2658 448 2725 bellis
466 2661 630 2724 Romanus
650 2660 807 2744 promissa
820 2657 958 2722 consulis
973 2655 1132 2744 fidemque
1146 2673 1274 2723 senatus
1288 2673 1410 2740 exspec-

358 2746 467 2812 tabat:
491 2767 589 2833 quum
605 2745 742 2830 Appius,
757 2755 789 2807 et
810 2743 904 2808 insita
917 2742 1065 2827 superbia
1086 2743 1204 2822 animo,
1221 2759 1254 2810 et
1276 2756 1312 2808 ut
1325 2739 1410 2807 colle·

324 2857 327 2866 ¹
355 2855 407 2920 gae
429 2852 543 2896 vanam
563 2830 681 2895 fuceret
707 2828 815 2909 fidem,
830 2851 926 2915 quam
950 2829 1123 2913 asperrime
1145 2844 1283 2918 poterat,
1304 2831 1354 2916 jus
1376 2825 1411 2890 de

355 2916 485 2983 creditis
569 2915 650 2981 uniis
664 2914 779 2980 dicere.
794 2916 943 3001 deinceps
957 2928 1000 2996 et,
1014 2917 1069 3003 qui
1091 2929 1167 2982 aute
1189 2919 1266 2984 nexi
1284 2917 1410 2986 suerent,

354 3003 503 3070 creditori
530 3024 566 3067 us
594 3001 814 3077 tradebantur,
837 3013 869 3067 et
889 3003 1099 3070 nectebantur
1126 3003 1189 3070 alii.
1243 3001 1341 3080 Quod
1361 2997 1409 3064 ubi

354 3091 407 3156 cui
437 3089 531 3153 militi
559 3087 724 3165 inciderat,
754 3088 908 3177 collegam
945 3089 1145 3173 adpellabat:
1177 3111 1348 3157 concursus
1374 3083 1411 3150 nd

356 3175 523 3242 Servilium
545 3175 653 3252 fiebat,
681 3175 765 3240 illius
790 3177 945 3262 promissa
967 3176 1142 3262 jactabant,
1169 3176 1214 3242 illi
1240 3175 1411 3264 exprobra·

354 3263 432 3328 bant
450 3285 508 3329 sua
521 3261 654 3352 quisque
669 3261 744 3326 belli
766 3263 880 3328 merita
894 3262 1118 3351 cicatricesque
1132 3275 1290 3349 acceptas.
1312 3273 1412 3348 postu·

353 3347 472 3428 labant,
497 3361 534 3414 ut
558 3360 634 3414 aut·
653 3347 786 3414 referret
810 3347 851 3412 ad
875 3361 1030 3426 senatum,
1054 3357 1128 3414 aut*
1151 3364 1187 3414 ut
1204 3349 1324 3414 auxilio
1337 3358 1412 3410 esset

353 3435 463 3501 consul
478 3435 598 3501 civibus
613 3435 687 3512 suis,
704 3437 878 3522 imperator
896 3435 1061 3503 militibus.
1105 3435 1284 3501 Movebant
1305 3453 1411 3500 oonsu-

352 3521 416 3588 le'm
441 3522 528 3600 burc3
559 3521 613 3588 sed
637 3521 837 3612 tergiversari
866 3545 916 3587 res
945 3521 1088 3610 cogebat
1118 3522 1199 3588 adeo
1224 3523 1259 3588 in
1285 3520 1411 3586 alteram

352 3607 496 3674 caussam
519 3631 585 3674 non
605 3605 728 3697 collega
742 3609 845 3674 solum
860 3630 1002 3696 proeceps
1017 3609 1107 3687 ierat,
1123 3607 1177 3674 sed
1192 3609 1299 3673 omnis
1324 3604 1412 3670 factio

353 3695 517 3762 nobilium.
539 3696 594 3772 ita,
613 3695 751 3761 medium
767 3719 800 3760 se
813 3693 965 3785 gerendo,
979 3717 1039 3762 nec
1054 3695 1157 3780 plebis
1171 3695 1282 3761 vitavit
1295 3693 1411 3766 odium,

352 3803 411 3849 nec
435 3783 521 3870 apud
544 3781 655 3850 Patres
681 3782 815 3870 gratiam
841 3781 922 3846 iniit.
972 3781 1082 3870 Patres
1103 3781 1231 3848 mollem
1255 3778 1411 3846 consulem

701 3939 900 3988 *mutuet
911 3939 986 3986 Gron.
999 3937 1068 3986 Crat.

382 4097 548 4148 anuum
585 4098 684 4162 redum,
726 4100 866 4150 &aduren
898 4101 987 4148 belim
1021 4103 1056 4147 At
1067 4101 1197 4164 longealtn
1213 4101 1250 4149 vis
1267 4095 1342 4161 hujus
1354 4091 1415 4142 voela

349 4161 463 4227 mnam}
481 4163 603 4212 inutiliter
613 4165 653 4212 blc
670 4173 695 4213 et
710 4179 798 4228 pamm
810 4179 867 4212 con·
899 4174 946 4220 est,
969 4166 1011 4212 ubl
1034 4165 1065 4212 de
1088 4167 1178 4214 Gallim
1203 4165 1306 4214 tumultu
1328 4161 1412 4224 agitur·

349 4227 420 4275 cinna
435 4229 537 4277 iteratur
551 4243 599 4276 vox
616 4229 724 4277 Rootnot.
757 4231 794 4278 Ea
811 4241 868 4292 pos·
899 4235 944 4277 aut
964 4229 1066 4277 motae
1087 4231 1202 4280 ramam
1222 4229 1322 4277 dicitur.
1365 4223 1415 4270 1¹⁰⁰

348 4294 437 4340 terlom
447 4294 501 4341 loco
512 4295 685 4354 detertpotest
900 4295 979 4341 malus
997 4295 1172 4358 explicabimus
1189 4297 1215 4343 in
1230 4303 1282 4342 not.
1294 4293 1326 4340 ad
1336 4305 1358 4338 c.
1369 4285 1416 4334 9·l·

380 4356 413 4405 aa
433 4357 716 4414 rsuram...oertu‚
737 4357 870 4419 Μω-
904 4357 965 4407 vu.
1204 4365 1208 4372 ·

347 4421 409 4486 lum]
428 4423 476 4472 ttte
497 4421 611 4469 tumeltm
632 4421 710 4469 levius
729 4431 775 4479 ast,
794 4435 869 4484 quum
