<?xml version="1.0" encoding="UTF-8"?>
<!DOCTYPE html PUBLIC "-//W3C//DTD XHTML 1.0 Transitional//EN"
    "http://www.w3.org/TR/xhtml1/DTD/xhtml1-transitional.dtd">
<html xmlns="http://www.w3.org/1999/xhtml" xml:lang="en" lang="en">
 <head>
  <title>
</title>
<meta http-equiv="Content-Type" content="text/html;charset=utf-8" />
  <meta name='ocr-system' content='tesseract 3.04.00' />
  <meta name='ocr-capabilities' content='ocr_page ocr_carea ocr_par ocr_line ocrx_word'/>
</head>
<body>
  <div class='ocr_page' id='page_1' title='image "./tliviipatavinih02crevgoog_0489.png"; bbox 0 0 3056 4928; ppageno 0'>
   <div class='ocr_carea' id='block_1_1' title="bbox 373 205 1042 272">
    <p class='ocr_par' dir='ltr' id='par_1_1' title="bbox 373 205 1042 272">
     <span class='ocr_line' id='line_1_1' title="bbox 373 205 1042 272; baseline -0.007 -1"><span class='ocrx_word' id='word_1_1' title='bbox 373 215 430 271; x_wconf 71' lang='lat'><strong>482</strong></span> <span class='ocrx_word' id='word_1_2' title='bbox 767 205 877 266; x_wconf 87' lang='lat' dir='ltr'><strong>TlTl</strong></span> <span class='ocrx_word' id='word_1_3' title='bbox 908 207 1042 272; x_wconf 88' lang='lat' dir='ltr'><strong>LlVll</strong></span> 
     </span>
    </p>
   </div>
   <div class='ocr_carea' id='block_1_2' title="bbox 214 368 1433 2442">
    <p class='ocr_par' dir='ltr' id='par_1_2' title="bbox 214 368 1433 2442">
     <span class='ocr_line' id='line_1_2' title="bbox 216 368 1430 456; baseline 0.002 -22"><span class='ocrx_word' id='word_1_4' title='bbox 216 374 351 426; x_wconf 61' lang='lat' dir='ltr'><strong>ilc-⁴2⁹·</strong></span> <span class='ocrx_word' id='word_1_5' title='bbox 375 369 528 434; x_wconf 76' lang='lat' dir='ltr'><strong>libertatis</strong></span> <span class='ocrx_word' id='word_1_6' title='bbox 557 368 673 435; x_wconf 83' lang='lat' dir='ltr'><strong>facturn</strong></span> <span class='ocrx_word' id='word_1_7' title='bbox 703 381 759 448; x_wconf 86' lang='lat' dir='ltr'><strong>est,</strong></span> <span class='ocrx_word' id='word_1_8' title='bbox 782 369 906 456; x_wconf 64' lang='lat' dir='ltr'><strong>“quod</strong></span> <span class='ocrx_word' id='word_1_9' title='bbox 935 371 1041 435; x_wconf 74' lang='lat' dir='ltr'><strong>necttr</strong></span> <span class='ocrx_word' id='word_1_10' title='bbox 1064 369 1242 436; x_wconf 82' lang='lat' dir='ltr'><strong>desierunt:</strong></span> <span class='ocrx_word' id='word_1_11' title='bbox 1273 381 1430 436; x_wconf 85' lang='lat' dir='ltr'><strong>mu&#39;tatnna</strong></span> 
     </span>
     <span class='ocr_line' id='line_1_3' title="bbox 215 439 1432 542; baseline 0.002 -22"><span class='ocrx_word' id='word_1_12' title='bbox 215 441 246 490; x_wconf 42' lang='grc' dir='ltr'>ὧ</span> <span class='ocrx_word' id='word_1_13' title='bbox 257 441 283 512; x_wconf 55' lang='lat'><strong>⁶·</strong></span> <span class='ocrx_word' id='word_1_14' title='bbox 295 439 351 489; x_wconf 62' lang='lat'><strong>³²⁸</strong></span> <span class='ocrx_word' id='word_1_15' title='bbox 377 470 482 521; x_wconf 91' lang='lat' dir='ltr'><strong>autem</strong></span> <span class='ocrx_word' id='word_1_16' title='bbox 501 458 553 542; x_wconf 85' lang='lat' dir='ltr'><strong>jus</strong></span> <span class='ocrx_word' id='word_1_17' title='bbox 568 457 610 522; x_wconf 93' lang='lat' dir='ltr'><strong>ob</strong></span> <span class='ocrx_word' id='word_1_18' title='bbox 626 457 717 521; x_wconf 90' lang='lat' dir='ltr'><strong>unius</strong></span> <span class='ocrx_word' id='word_1_19' title='bbox 736 455 934 522; x_wconf 88' lang='lat' dir='ltr'><strong>foeneratoris</strong></span> <span class='ocrx_word' id='word_1_20' title='bbox 949 457 1043 521; x_wconf 83' lang='lat' dir='ltr'><strong>simul</strong></span> <span class='ocrx_word' id='word_1_21' title='bbox 1057 455 1231 536; x_wconf 83' lang='lat' dir='ltr'><strong>libidinem,</strong></span> <span class='ocrx_word' id='word_1_22' title='bbox 1248 457 1342 522; x_wconf 89' lang='lat' dir='ltr'><strong>simul</strong></span> <span class='ocrx_word' id='word_1_23' title='bbox 1359 479 1432 522; x_wconf 83' lang='lat' dir='ltr'><strong>cru-</strong></span> 
     </span>
     <span class='ocr_line' id='line_1_4' title="bbox 216 540 1432 632; baseline 0.003 -28"><span class='ocrx_word' id='word_1_24' title='bbox 216 541 305 604; x_wconf 78' lang='lat' dir='ltr'><strong>Puptrtt</strong></span> <span class='ocrx_word' id='word_1_25' title='bbox 344 608 349 620; x_wconf 69' lang='grc'>,</span> <span class='ocrx_word' id='word_1_26' title='bbox 378 543 537 608; x_wconf 87' lang='lat' dir='ltr'><strong>delitatem</strong></span> <span class='ocrx_word' id='word_1_27' title='bbox 556 543 720 631; x_wconf 85' lang='lat' dir='ltr'><strong>insignem.</strong></span> <span class='ocrx_word' id='word_1_28' title='bbox 766 542 804 607; x_wconf 92' lang='lat' dir='ltr'><strong>L.</strong></span> <span class='ocrx_word' id='word_1_29' title='bbox 822 543 967 628; x_wconf 87' lang='lat' dir='ltr'><strong>Papirius</strong></span> <span class='ocrx_word' id='word_1_30' title='bbox 990 546 1017 608; x_wconf 89' lang='lat' dir='ltr'><strong>is</strong></span> <span class='ocrx_word' id='word_1_31' title='bbox 1038 542 1114 608; x_wconf 85' lang='lat' dir='ltr'><strong>fuit:</strong></span> <span class='ocrx_word' id='word_1_32' title='bbox 1137 545 1187 609; x_wconf 91' lang='lat' dir='ltr'><strong>cui</strong></span> <span class='ocrx_word' id='word_1_33' title='bbox 1210 563 1309 632; x_wconf 90' lang='lat' dir='ltr'><strong>quum</strong></span> <span class='ocrx_word' id='word_1_34' title='bbox 1333 565 1370 608; x_wconf 90' lang='lat' dir='ltr'><strong>se</strong></span> <span class='ocrx_word' id='word_1_35' title='bbox 1392 540 1432 609; x_wconf 90' lang='lat' dir='ltr'><strong>C.</strong></span> 
     </span>
     <span class='ocr_line' id='line_1_5' title="bbox 214 607 1432 720; baseline 0 -26"><span class='ocrx_word' id='word_1_36' title='bbox 214 607 370 720; x_wconf 59' lang='lat' dir='ltr'><strong>{ffiffi}</strong></span> <span class='ocrx_word' id='word_1_37' title='bbox 382 629 535 694; x_wconf 86' lang='lat' dir='ltr'><strong>Publilius</strong></span> <span class='ocrx_word' id='word_1_38' title='bbox 549 629 591 694; x_wconf 92' lang='lat' dir='ltr'><strong>ob</strong></span> <span class='ocrx_word' id='word_1_39' title='bbox 602 651 646 693; x_wconf 84' lang='lat' dir='ltr'><strong>aes</strong></span> <span class='ocrx_word' id='word_1_40' title='bbox 664 630 803 695; x_wconf 88' lang='lat' dir='ltr'><strong>alienum</strong></span> <span class='ocrx_word' id='word_1_41' title='bbox 825 647 990 714; x_wconf 88' lang='lat' dir='ltr'><strong>paternum</strong></span> <span class='ocrx_word' id='word_1_42' title='bbox 1010 651 1128 696; x_wconf 87' lang='lat' dir='ltr'><strong>nexum</strong></span> <span class='ocrx_word' id='word_1_43' title='bbox 1148 630 1307 707; x_wconf 57' lang='lat' dir='ltr'><strong>dedisset}</strong></span> <span class='ocrx_word' id='word_1_44' title='bbox 1323 630 1350 670; x_wconf 77' lang='lat'><strong>⁶⁴</strong></span> <span class='ocrx_word' id='word_1_45' title='bbox 1361 648 1432 716; x_wconf 76' lang='lat' dir='ltr'><strong>quoe</strong></span> 
     </span>
     <span class='ocr_line' id='line_1_6' title="bbox 379 715 1432 801; baseline 0.001 -21"><span class='ocrx_word' id='word_1_46' title='bbox 379 729 455 781; x_wconf 83' lang='lat' dir='ltr'><strong>aetas</strong></span> <span class='ocrx_word' id='word_1_47' title='bbox 471 715 571 780; x_wconf 81' lang='lat' dir='ltr'><strong>forma</strong></span> <span class='ocrx_word' id='word_1_48' title='bbox 593 738 633 780; x_wconf 89' lang='lat' dir='ltr'><strong>ue</strong></span> <span class='ocrx_word' id='word_1_49' title='bbox 652 715 898 782; x_wconf 85' lang='lat' dir='ltr'><strong>misericordium</strong></span> <span class='ocrx_word' id='word_1_50' title='bbox 917 716 1029 781; x_wconf 83' lang='lat' dir='ltr'><strong>elicere</strong></span> <span class='ocrx_word' id='word_1_51' title='bbox 1047 729 1182 801; x_wconf 88' lang='lat' dir='ltr'><strong>poterat,</strong></span> <span class='ocrx_word' id='word_1_52' title='bbox 1206 718 1246 782; x_wconf 88' lang='lat' dir='ltr'><strong>ad</strong></span> <span class='ocrx_word' id='word_1_53' title='bbox 1267 717 1432 782; x_wconf 87' lang='lat' dir='ltr'><strong>libidinem</strong></span> 
     </span>
     <span class='ocr_line' id='line_1_7' title="bbox 378 739 1433 882; baseline 0 -16"><span class='ocrx_word' id='word_1_54' title='bbox 378 814 409 866; x_wconf 90' lang='lat' dir='ltr'><strong>et</strong></span> <span class='ocrx_word' id='word_1_55' title='bbox 437 739 659 866; x_wconf 79' lang='lat' dir='ltr'><strong>contumeliam</strong></span> <span class='ocrx_word' id='word_1_56' title='bbox 689 803 829 868; x_wconf 89' lang='lat' dir='ltr'><strong>animum</strong></span> <span class='ocrx_word' id='word_1_57' title='bbox 859 803 1087 868; x_wconf 88' lang='lat' dir='ltr'><strong>accenderunt:</strong></span> <span class='ocrx_word' id='word_1_58' title='bbox 1117 816 1157 882; x_wconf 85' lang='lat' dir='ltr'><strong>et,</strong></span> <span class='ocrx_word' id='word_1_59' title='bbox 1186 804 1298 868; x_wconf 85' lang='lat' dir='ltr'><strong>florem</strong></span> <span class='ocrx_word' id='word_1_60' title='bbox 1331 806 1433 868; x_wconf 83' lang='lat' dir='ltr'><strong>aetatia</strong></span> 
     </span>
     <span class='ocr_line' id='line_1_8' title="bbox 377 888 1432 975; baseline 0.002 -23"><span class='ocrx_word' id='word_1_61' title='bbox 377 890 444 974; x_wconf 90' lang='lat' dir='ltr'><strong>ejus</strong></span> <span class='ocrx_word' id='word_1_62' title='bbox 458 888 595 954; x_wconf 87' lang='lat' dir='ltr'><strong>fructum</strong></span> <span class='ocrx_word' id='word_1_63' title='bbox 611 889 822 955; x_wconf 88' lang='lat' dir='ltr'><strong>adventicium</strong></span> <span class='ocrx_word' id='word_1_64' title='bbox 838 890 948 954; x_wconf 86' lang='lat' dir='ltr'><strong>crediti</strong></span> <span class='ocrx_word' id='word_1_65' title='bbox 963 905 1059 968; x_wconf 88' lang='lat' dir='ltr'><strong>ratus,</strong></span> <span class='ocrx_word' id='word_1_66' title='bbox 1071 891 1175 974; x_wconf 90' lang='lat' dir='ltr'><strong>primo</strong></span> <span class='ocrx_word' id='word_1_67' title='bbox 1189 890 1341 975; x_wconf 88' lang='lat' dir='ltr'><strong>perlicere</strong></span> <span class='ocrx_word' id='word_1_68' title='bbox 1355 889 1432 954; x_wconf 88' lang='lat' dir='ltr'><strong>adn·</strong></span> 
     </span>
     <span class='ocr_line' id='line_1_9' title="bbox 377 968 1430 1063; baseline 0.001 -25"><span class='ocrx_word' id='word_1_69' title='bbox 377 975 544 1039; x_wconf 85' lang='lat' dir='ltr'><strong>lescentem</strong></span> <span class='ocrx_word' id='word_1_70' title='bbox 575 968 720 1040; x_wconf 82' lang='lat' dir='ltr'><strong>sermone</strong></span> <span class='ocrx_word' id='word_1_71' title='bbox 752 976 871 1040; x_wconf 87' lang='lat' dir='ltr'><strong>incesto</strong></span> <span class='ocrx_word' id='word_1_72' title='bbox 899 989 945 1040; x_wconf 90' lang='lat' dir='ltr'><strong>est</strong></span> <span class='ocrx_word' id='word_1_73' title='bbox 975 987 1123 1042; x_wconf 80' lang='lat' dir='ltr'><strong>conotus:</strong></span> <span class='ocrx_word' id='word_1_74' title='bbox 1152 975 1237 1053; x_wconf 87' lang='lat' dir='ltr'><strong>dein,</strong></span> <span class='ocrx_word' id='word_1_75' title='bbox 1261 989 1430 1063; x_wconf 78' lang='lat' dir='ltr'><strong>postquam</strong></span> 
     </span>
     <span class='ocr_line' id='line_1_10' title="bbox 376 1061 1432 1150; baseline 0 -24"><span class='ocrx_word' id='word_1_76' title='bbox 376 1062 627 1148; x_wconf 69' lang='lat' dir='ltr'><strong>aspernabantur</strong></span> <span class='ocrx_word' id='word_1_77' title='bbox 640 1061 793 1150; x_wconf 79' lang='lat' dir='ltr'><strong>flagitium</strong></span> <span class='ocrx_word' id='word_1_78' title='bbox 806 1083 906 1138; x_wconf 85' lang='lat' dir='ltr'><strong>aures,</strong></span> <span class='ocrx_word' id='word_1_79' title='bbox 924 1061 1016 1125; x_wconf 88' lang='lat' dir='ltr'><strong>minis</strong></span> <span class='ocrx_word' id='word_1_80' title='bbox 1027 1063 1180 1142; x_wconf 87' lang='lat' dir='ltr'><strong>territare,</strong></span> <span class='ocrx_word' id='word_1_81' title='bbox 1196 1075 1292 1149; x_wconf 91' lang='lat' dir='ltr'><strong>atque</strong></span> <span class='ocrx_word' id='word_1_82' title='bbox 1304 1061 1432 1127; x_wconf 84' lang='lat' dir='ltr'><strong>idemti-</strong></span> 
     </span>
     <span class='ocr_line' id='line_1_11' title="bbox 376 1147 1432 1250; baseline 0 -38"><span class='ocrx_word' id='word_1_83' title='bbox 376 1149 449 1212; x_wconf 89' lang='lat' dir='ltr'><strong>dem</strong></span> <span class='ocrx_word' id='word_1_84' title='bbox 473 1151 640 1212; x_wconf 88' lang='lat' dir='ltr'><strong>admonere</strong></span> <span class='ocrx_word' id='word_1_85' title='bbox 662 1147 816 1212; x_wconf 82' lang='lat' dir='ltr'><strong>lortunae:</strong></span> <span class='ocrx_word' id='word_1_86' title='bbox 841 1161 1010 1231; x_wconf 88' lang='lat' dir='ltr'><strong>postremo,</strong></span> <span class='ocrx_word' id='word_1_87' title='bbox 1025 1168 1122 1234; x_wconf 91' lang='lat' dir='ltr'><strong>quum</strong></span> <span class='ocrx_word' id='word_1_88' title='bbox 1146 1149 1351 1250; x_wconf 71' lang='lat' dir='ltr'><strong>ingenuitatis</strong></span> <span class='ocrx_word' id='word_1_89' title='bbox 1364 1171 1432 1212; x_wconf 88' lang='lat' dir='ltr'><strong>ma-</strong></span> 
     </span>
     <span class='ocr_line' id='line_1_12' title="bbox 374 1235 1432 1336; baseline 0.001 -39"><span class='ocrx_word' id='word_1_90' title='bbox 374 1235 434 1336; x_wconf 79' lang='lat' dir='ltr'><strong>gis,</strong></span> <span class='ocrx_word' id='word_1_91' title='bbox 455 1257 549 1321; x_wconf 87' lang='lat' dir='ltr'><strong>quam</strong></span> <span class='ocrx_word' id='word_1_92' title='bbox 576 1236 738 1319; x_wconf 73' lang='lat' dir='ltr'><strong>praesentis</strong></span> <span class='ocrx_word' id='word_1_93' title='bbox 760 1235 956 1311; x_wconf 82' lang='lat' dir='ltr'><strong>conditionis,</strong></span> <span class='ocrx_word' id='word_1_94' title='bbox 981 1255 1150 1299; x_wconf 88' lang='lat' dir='ltr'><strong>memorem</strong></span> <span class='ocrx_word' id='word_1_95' title='bbox 1167 1237 1296 1312; x_wconf 83' lang='lat' dir='ltr'><strong>vtderet,</strong></span> <span class='ocrx_word' id='word_1_96' title='bbox 1316 1236 1432 1300; x_wconf 85' lang='lat' dir='ltr'><strong>nudati</strong></span> 
     </span>
     <span class='ocr_line' id='line_1_13' title="bbox 372 1319 1431 1410; baseline 0.001 -25"><span class='ocrx_word' id='word_1_97' title='bbox 372 1322 472 1407; x_wconf 83' lang='lat' dir='ltr'><strong>Jubet,</strong></span> <span class='ocrx_word' id='word_1_98' title='bbox 489 1321 680 1410; x_wconf 85' lang='lat' dir='ltr'><strong>verberaque</strong></span> <span class='ocrx_word' id='word_1_99' title='bbox 695 1319 819 1384; x_wconf 83' lang='lat' dir='ltr'><strong>adferri.</strong></span> <span class='ocrx_word' id='word_1_100' title='bbox 865 1319 991 1396; x_wconf 86' lang='lat' dir='ltr'><strong>Quibus</strong></span> <span class='ocrx_word' id='word_1_101' title='bbox 1009 1321 1160 1386; x_wconf 86' lang='lat' dir='ltr'><strong>laceratus</strong></span> <span class='ocrx_word' id='word_1_102' title='bbox 1178 1323 1314 1407; x_wconf 82' lang='lat' dir='ltr'><strong>juvenis,</strong></span> <span class='ocrx_word' id='word_1_103' title='bbox 1331 1342 1431 1407; x_wconf 90' lang='lat' dir='ltr'><strong>quum</strong></span> 
     </span>
     <span class='ocr_line' id='line_1_14' title="bbox 375 1406 1432 1495; baseline 0 -24"><span class='ocrx_word' id='word_1_104' title='bbox 375 1409 453 1472; x_wconf 91' lang='lat' dir='ltr'><strong>sein</strong></span> <span class='ocrx_word' id='word_1_105' title='bbox 471 1408 630 1492; x_wconf 89' lang='lat' dir='ltr'><strong>publicum</strong></span> <span class='ocrx_word' id='word_1_106' title='bbox 645 1407 863 1493; x_wconf 81' lang='lat' dir='ltr'><strong>proripuisset,</strong></span> <span class='ocrx_word' id='word_1_107' title='bbox 878 1406 1041 1471; x_wconf 87' lang='lat' dir='ltr'><strong>libidinem</strong></span> <span class='ocrx_word' id='word_1_108' title='bbox 1056 1408 1338 1495; x_wconf 82' lang='lat' dir='ltr'><strong>crudelitatemque</strong></span> <span class='ocrx_word' id='word_1_109' title='bbox 1354 1423 1432 1472; x_wconf 84' lang='lat' dir='ltr'><strong>con·</strong></span> 
     </span>
     <span class='ocr_line' id='line_1_15' title="bbox 375 1493 1431 1580; baseline 0 -22"><span class='ocrx_word' id='word_1_110' title='bbox 375 1517 509 1580; x_wconf 85' lang='lat' dir='ltr'><strong>querens</strong></span> <span class='ocrx_word' id='word_1_111' title='bbox 539 1494 750 1569; x_wconf 81' lang='lat' dir='ltr'><strong>foeneratoris3</strong></span> <span class='ocrx_word' id='word_1_112' title='bbox 783 1495 892 1580; x_wconf 83' lang='lat' dir='ltr'><strong>ingens</strong></span> <span class='ocrx_word' id='word_1_113' title='bbox 921 1494 965 1556; x_wconf 84' lang='lat' dir='ltr'><strong>sis</strong></span> <span class='ocrx_word' id='word_1_114' title='bbox 994 1493 1169 1574; x_wconf 91' lang='lat' dir='ltr'><strong>hominum,</strong></span> <span class='ocrx_word' id='word_1_115' title='bbox 1199 1515 1297 1580; x_wconf 94' lang='lat' dir='ltr'><strong>quum</strong></span> <span class='ocrx_word' id='word_1_116' title='bbox 1329 1498 1431 1558; x_wconf 83' lang='lat' dir='ltr'><strong>aetatia</strong></span> 
     </span>
     <span class='ocr_line' id='line_1_16' title="bbox 375 1580 1430 1667; baseline 0.001 -24"><span class='ocrx_word' id='word_1_117' title='bbox 375 1582 574 1644; x_wconf 89' lang='lat' dir='ltr'><strong>miseratione</strong></span> <span class='ocrx_word' id='word_1_118' title='bbox 603 1593 696 1666; x_wconf 91' lang='lat' dir='ltr'><strong>atque</strong></span> <span class='ocrx_word' id='word_1_119' title='bbox 729 1580 915 1667; x_wconf 85' lang='lat' dir='ltr'><strong>indignitate</strong></span> <span class='ocrx_word' id='word_1_120' title='bbox 940 1581 1063 1665; x_wconf 87' lang='lat' dir='ltr'><strong>injuriae</strong></span> <span class='ocrx_word' id='word_1_121' title='bbox 1096 1603 1236 1657; x_wconf 90' lang='lat' dir='ltr'><strong>accensa,</strong></span> <span class='ocrx_word' id='word_1_122' title='bbox 1265 1594 1335 1646; x_wconf 91' lang='lat' dir='ltr'><strong>tum</strong></span> <span class='ocrx_word' id='word_1_123' title='bbox 1365 1603 1430 1645; x_wconf 82' lang='lat' dir='ltr'><strong>suae</strong></span> 
     </span>
     <span class='ocr_line' id='line_1_17' title="bbox 375 1666 1430 1752; baseline 0 -22"><span class='ocrx_word' id='word_1_124' title='bbox 375 1666 565 1731; x_wconf 90' lang='lat' dir='ltr'><strong>conditionis</strong></span> <span class='ocrx_word' id='word_1_125' title='bbox 591 1666 786 1752; x_wconf 80' lang='lat' dir='ltr'><strong>liberquue</strong></span> <span class='ocrx_word' id='word_1_126' title='bbox 810 1687 938 1730; x_wconf 88' lang='lat' dir='ltr'><strong>suorum</strong></span> <span class='ocrx_word' id='word_1_127' title='bbox 964 1678 1105 1752; x_wconf 85' lang='lat' dir='ltr'><strong>respectu</strong></span> <span class='ocrx_word' id='word_1_128' title='bbox 1133 1668 1164 1730; x_wconf 93' lang='lat' dir='ltr'><strong>in</strong></span> <span class='ocrx_word' id='word_1_129' title='bbox 1189 1666 1312 1745; x_wconf 82' lang='lat' dir='ltr'><strong>forum3</strong></span> <span class='ocrx_word' id='word_1_130' title='bbox 1337 1681 1367 1730; x_wconf 85' lang='lat' dir='ltr'><strong>at</strong></span> <span class='ocrx_word' id='word_1_131' title='bbox 1391 1689 1430 1731; x_wconf 89' lang='lat' dir='ltr'><strong>ue</strong></span> 
     </span>
     <span class='ocr_line' id='line_1_18' title="bbox 375 1691 1430 1842; baseline 0.003 -27"><span class='ocrx_word' id='word_1_132' title='bbox 375 1752 457 1829; x_wconf 88' lang='lat' dir='ltr'><strong>inde,</strong></span> <span class='ocrx_word' id='word_1_133' title='bbox 475 1754 599 1840; x_wconf 73' lang='lat' dir='ltr'><strong>agmine</strong></span> <span class='ocrx_word' id='word_1_134' title='bbox 613 1753 706 1830; x_wconf 87' lang='lat' dir='ltr'><strong>sacto,</strong></span> <span class='ocrx_word' id='word_1_135' title='bbox 724 1752 763 1816; x_wconf 85' lang='lat' dir='ltr'><strong>nd</strong></span> <span class='ocrx_word' id='word_1_136' title='bbox 784 1753 904 1816; x_wconf 88' lang='lat' dir='ltr'><strong>curiam</strong></span> <span class='ocrx_word' id='word_1_137' title='bbox 920 1755 1090 1820; x_wconf 85' lang='lat' dir='ltr'><strong>concurrit.</strong></span> <span class='ocrx_word' id='word_1_138' title='bbox 1112 1765 1144 1817; x_wconf 96' lang='lat' dir='ltr'><strong>et</strong></span> <span class='ocrx_word' id='word_1_139' title='bbox 1161 1773 1257 1842; x_wconf 89' lang='lat' dir='ltr'><strong>quum</strong></span> <span class='ocrx_word' id='word_1_140' title='bbox 1274 1691 1430 1834; x_wconf 75' lang='lat' dir='ltr'><strong>consules,</strong></span> 
     </span>
     <span class='ocr_line' id='line_1_19' title="bbox 374 1839 1430 1924; baseline 0.002 -22"><span class='ocrx_word' id='word_1_141' title='bbox 374 1839 511 1902; x_wconf 89' lang='lat' dir='ltr'><strong>tumultu</strong></span> <span class='ocrx_word' id='word_1_142' title='bbox 534 1840 699 1924; x_wconf 87' lang='lat' dir='ltr'><strong>repentino</strong></span> <span class='ocrx_word' id='word_1_143' title='bbox 720 1839 830 1914; x_wconf 88' lang='lat' dir='ltr'><strong>coacti,</strong></span> <span class='ocrx_word' id='word_1_144' title='bbox 853 1854 996 1902; x_wconf 88' lang='lat' dir='ltr'><strong>senatum</strong></span> <span class='ocrx_word' id='word_1_145' title='bbox 1012 1852 1171 1916; x_wconf 86' lang='lat' dir='ltr'><strong>vocarent,</strong></span> <span class='ocrx_word' id='word_1_146' title='bbox 1193 1841 1430 1904; x_wconf 71' lang='lat' dir='ltr'><strong>introeuntibus</strong></span> 
     </span>
     <span class='ocr_line' id='line_1_20' title="bbox 373 1923 1430 2014; baseline 0.004 -27"><span class='ocrx_word' id='word_1_147' title='bbox 373 1925 406 1987; x_wconf 92' lang='lat' dir='ltr'><strong>in</strong></span> <span class='ocrx_word' id='word_1_148' title='bbox 422 1926 539 1989; x_wconf 90' lang='lat' dir='ltr'><strong>curiam</strong></span> <span class='ocrx_word' id='word_1_149' title='bbox 560 1923 701 1989; x_wconf 87' lang='lat' dir='ltr'><strong>Patribus</strong></span> <span class='ocrx_word' id='word_1_150' title='bbox 716 1924 884 1990; x_wconf 88' lang='lat' dir='ltr'><strong>laceratum</strong></span> <span class='ocrx_word' id='word_1_151' title='bbox 895 1926 1020 2012; x_wconf 77' lang='lat' dir='ltr'><strong>juvenis</strong></span> <span class='ocrx_word' id='word_1_152' title='bbox 1034 1939 1169 2014; x_wconf 85' lang='lat' dir='ltr'><strong>tergum,</strong></span> <span class='ocrx_word' id='word_1_153' title='bbox 1186 1926 1430 2012; x_wconf 85' lang='lat' dir='ltr'><strong>procumbentes</strong></span> 
     </span>
     <span class='ocr_line' id='line_1_21' title="bbox 373 2011 1429 2099; baseline 0.002 -25"><span class='ocrx_word' id='word_1_154' title='bbox 373 2011 412 2074; x_wconf 93' lang='lat' dir='ltr'><strong>ad</strong></span> <span class='ocrx_word' id='word_1_155' title='bbox 425 2011 621 2098; x_wconf 79' lang='lat' dir='ltr'><strong>singulorum</strong></span> <span class='ocrx_word' id='word_1_156' title='bbox 637 2011 740 2095; x_wconf 83' lang='lat' dir='ltr'><strong>podes,</strong></span> <span class='ocrx_word' id='word_1_157' title='bbox 757 2011 966 2075; x_wconf 87' lang='lat' dir='ltr'><strong>ostentabant.</strong></span> <span class='ocrx_word' id='word_1_158' title='bbox 1011 2011 1138 2076; x_wconf 92' lang='lat' dir='ltr'><strong>Victum</strong></span> <span class='ocrx_word' id='word_1_159' title='bbox 1155 2033 1193 2076; x_wconf 91' lang='lat' dir='ltr'><strong>eo</strong></span> <span class='ocrx_word' id='word_1_160' title='bbox 1212 2012 1264 2076; x_wconf 92' lang='lat' dir='ltr'><strong>die</strong></span> <span class='ocrx_word' id='word_1_161' title='bbox 1278 2011 1323 2075; x_wconf 92' lang='lat' dir='ltr'><strong>ob</strong></span> <span class='ocrx_word' id='word_1_162' title='bbox 1339 2015 1429 2099; x_wconf 92' lang='lat' dir='ltr'><strong>inpo-</strong></span> 
     </span>
     <span class='ocr_line' id='line_1_22' title="bbox 372 2097 1429 2185; baseline 0.002 -25"><span class='ocrx_word' id='word_1_163' title='bbox 372 2110 488 2161; x_wconf 86' lang='lat' dir='ltr'><strong>tentem</strong></span> <span class='ocrx_word' id='word_1_164' title='bbox 507 2097 651 2184; x_wconf 84' lang='lat' dir='ltr'><strong>injuriam</strong></span> <span class='ocrx_word' id='word_1_165' title='bbox 668 2098 761 2161; x_wconf 87' lang='lat' dir='ltr'><strong>unius</strong></span> <span class='ocrx_word' id='word_1_166' title='bbox 785 2097 895 2185; x_wconf 84' lang='lat' dir='ltr'><strong>ingens</strong></span> <span class='ocrx_word' id='word_1_167' title='bbox 911 2097 1069 2162; x_wconf 87' lang='lat' dir='ltr'><strong>vinculum</strong></span> <span class='ocrx_word' id='word_1_168' title='bbox 1085 2099 1176 2164; x_wconf 84' lang='lat' dir='ltr'><strong>fidei:</strong></span> <span class='ocrx_word' id='word_1_169' title='bbox 1195 2097 1339 2185; x_wconf 83' lang='lat' dir='ltr'><strong>jussique</strong></span> <span class='ocrx_word' id='word_1_170' title='bbox 1353 2121 1429 2163; x_wconf 91' lang='lat' dir='ltr'><strong>oon·</strong></span> 
     </span>
     <span class='ocr_line' id='line_1_23' title="bbox 372 2183 1427 2271; baseline 0.004 -25"><span class='ocrx_word' id='word_1_171' title='bbox 372 2183 454 2248; x_wconf 88' lang='lat' dir='ltr'><strong>aules</strong></span> <span class='ocrx_word' id='word_1_172' title='bbox 468 2183 549 2249; x_wconf 87' lang='lat' dir='ltr'><strong>ferre</strong></span> <span class='ocrx_word' id='word_1_173' title='bbox 564 2183 603 2248; x_wconf 79' lang='lat' dir='ltr'><strong>n&#39;d</strong></span> <span class='ocrx_word' id='word_1_174' title='bbox 620 2184 784 2270; x_wconf 88' lang='lat' dir='ltr'><strong>populum,</strong></span> <span class='ocrx_word' id='word_1_175' title='bbox 806 2205 846 2249; x_wconf 93' lang='lat' dir='ltr'><strong>ne</strong></span> <span class='ocrx_word' id='word_1_176' title='bbox 860 2186 939 2271; x_wconf 91' lang='lat' dir='ltr'><strong>quis,</strong></span> <span class='ocrx_word' id='word_1_177' title='bbox 956 2184 1015 2247; x_wconf 90' lang='lat' dir='ltr'><strong>nisi</strong></span> <span class='ocrx_word' id='word_1_178' title='bbox 1037 2186 1091 2270; x_wconf 90' lang='lat' dir='ltr'><strong>qni</strong></span> <span class='ocrx_word' id='word_1_179' title='bbox 1114 2205 1231 2249; x_wconf 80' lang='lat' dir='ltr'><strong>noxam</strong></span> <span class='ocrx_word' id='word_1_180' title='bbox 1254 2187 1427 2264; x_wconf 83' lang='lat' dir='ltr'><strong>meruisset,</strong></span> 
     </span>
     <span class='ocr_line' id='line_1_24' title="bbox 372 2269 1428 2356; baseline 0.003 -23"><span class='ocrx_word' id='word_1_181' title='bbox 372 2269 474 2335; x_wconf 90' lang='lat' dir='ltr'><strong>donec</strong></span> <span class='ocrx_word' id='word_1_182' title='bbox 489 2291 615 2355; x_wconf 88' lang='lat' dir='ltr'><strong>poenam</strong></span> <span class='ocrx_word' id='word_1_183' title='bbox 631 2271 741 2347; x_wconf 81' lang='lat' dir='ltr'><strong>lueret,</strong></span> <span class='ocrx_word' id='word_1_184' title='bbox 757 2272 790 2333; x_wconf 93' lang='lat' dir='ltr'><strong>in</strong></span> <span class='ocrx_word' id='word_1_185' title='bbox 805 2269 1009 2356; x_wconf 84' lang='lat' dir='ltr'><strong>compedibus</strong></span> <span class='ocrx_word' id='word_1_186' title='bbox 1024 2289 1078 2336; x_wconf 88' lang='lat' dir='ltr'><strong>aut</strong></span> <span class='ocrx_word' id='word_1_187' title='bbox 1093 2272 1126 2335; x_wconf 92' lang='lat' dir='ltr'><strong>in</strong></span> <span class='ocrx_word' id='word_1_188' title='bbox 1141 2293 1238 2334; x_wconf 86' lang='lat' dir='ltr'><strong>nervo</strong></span> <span class='ocrx_word' id='word_1_189' title='bbox 1249 2284 1428 2336; x_wconf 82' lang='lat' dir='ltr'><strong>teneretur:</strong></span> 
     </span>
     <span class='ocr_line' id='line_1_25' title="bbox 372 2355 1428 2442; baseline 0 -22"><span class='ocrx_word' id='word_1_190' title='bbox 372 2359 515 2442; x_wconf 74' lang='lat' dir='ltr'><strong>pecunias</strong></span> <span class='ocrx_word' id='word_1_191' title='bbox 538 2358 668 2422; x_wconf 85' lang='lat' dir='ltr'><strong>creditae</strong></span> <span class='ocrx_word' id='word_1_192' title='bbox 690 2355 772 2420; x_wconf 83' lang='lat' dir='ltr'><strong>bona</strong></span> <span class='ocrx_word' id='word_1_193' title='bbox 792 2356 950 2434; x_wconf 82' lang='lat' dir='ltr'><strong>debitoris,</strong></span> <span class='ocrx_word' id='word_1_194' title='bbox 966 2379 1031 2421; x_wconf 88' lang='lat' dir='ltr'><strong>non</strong></span> <span class='ocrx_word' id='word_1_195' title='bbox 1047 2379 1174 2442; x_wconf 85' lang='lat' dir='ltr'><strong>corpus,</strong></span> <span class='ocrx_word' id='word_1_196' title='bbox 1190 2358 1367 2422; x_wconf 79' lang='lat' dir='ltr'><strong>obnoxium</strong></span> <span class='ocrx_word' id='word_1_197' title='bbox 1382 2383 1428 2422; x_wconf 85' lang='lat' dir='ltr'><strong>es·</strong></span> 
     </span>
    </p>
   </div>
   <div class='ocr_carea' id='block_1_3' title="bbox 211 2442 1427 2530">
    <p class='ocr_par' dir='ltr' id='par_1_3' title="bbox 211 2442 1427 2530">
     <span class='ocr_line' id='line_1_26' title="bbox 211 2442 1427 2530; baseline 0.007 -27"><span class='ocrx_word' id='word_1_198' title='bbox 211 2455 426 2514; x_wconf 71' lang='lat' dir='ltr'><strong>ttextntutnset.</strong></span> <span class='ocrx_word' id='word_1_199' title='bbox 472 2443 523 2508; x_wconf 90' lang='lat' dir='ltr'><strong>lta</strong></span> <span class='ocrx_word' id='word_1_200' title='bbox 544 2445 618 2508; x_wconf 87' lang='lat' dir='ltr'><strong>nexi</strong></span> <span class='ocrx_word' id='word_1_201' title='bbox 637 2443 748 2518; x_wconf 89' lang='lat' dir='ltr'><strong>soluti;</strong></span> <span class='ocrx_word' id='word_1_202' title='bbox 770 2442 995 2530; x_wconf 67' lang='lat' dir='ltr'><strong>⁰³cautumque</strong></span> <span class='ocrx_word' id='word_1_203' title='bbox 1018 2445 1050 2508; x_wconf 91' lang='lat' dir='ltr'><strong>in</strong></span> <span class='ocrx_word' id='word_1_204' title='bbox 1073 2457 1243 2530; x_wconf 80' lang='lat' dir='ltr'><strong>posterum,</strong></span> <span class='ocrx_word' id='word_1_205' title='bbox 1261 2465 1303 2508; x_wconf 90' lang='lat' dir='ltr'><strong>ne</strong></span> <span class='ocrx_word' id='word_1_206' title='bbox 1325 2459 1427 2510; x_wconf 86' lang='lat' dir='ltr'><strong>necte·</strong></span> 
     </span>
    </p>
   </div>
   <div class='ocr_carea' id='block_1_4' title="bbox 132 2529 491 2595">
    <p class='ocr_par' dir='ltr' id='par_1_4' title="bbox 132 2529 491 2595">
     <span class='ocr_line' id='line_1_27' title="bbox 132 2529 491 2595; baseline 0.003 -27"><span class='ocrx_word' id='word_1_207' title='bbox 132 2557 136 2568; x_wconf 85' lang='grc'><strong><em>,</em></strong></span> <span class='ocrx_word' id='word_1_208' title='bbox 210 2529 357 2583; x_wconf 78' lang='lat' dir='ltr'><strong>cautumque</strong></span> <span class='ocrx_word' id='word_1_209' title='bbox 372 2541 491 2595; x_wconf 48' lang='lat' dir='ltr'><strong>rentur.</strong></span> 
     </span>
    </p>
   </div>
   <div class='ocr_carea' id='block_1_5' title="bbox 209 2593 1428 2702">
    <p class='ocr_par' dir='ltr' id='par_1_5' title="bbox 209 2593 1428 2702">
     <span class='ocr_line' id='line_1_28' title="bbox 209 2593 1428 2702; baseline -0.006 -16"><span class='ocrx_word' id='word_1_210' title='bbox 209 2593 331 2699; x_wconf 51' lang='lat' dir='ltr'><strong>ffinlssif*</strong></span> <span class='ocrx_word' id='word_1_211' title='bbox 415 2615 551 2681; x_wconf 87' lang='lat' dir='ltr'><strong>XXIX.</strong></span> <span class='ocrx_word' id='word_1_212' title='bbox 574 2614 696 2679; x_wconf 80' lang='lat' dir='ltr'><strong>Eodem</strong></span> <span class='ocrx_word' id='word_1_213' title='bbox 722 2637 817 2694; x_wconf 88' lang='lat' dir='ltr'><strong>anno,</strong></span> <span class='ocrx_word' id='word_1_214' title='bbox 833 2639 929 2702; x_wconf 93' lang='lat' dir='ltr'><strong>quum</strong></span> <span class='ocrx_word' id='word_1_215' title='bbox 951 2617 1026 2680; x_wconf 86' lang='lat' dir='ltr'><strong>satis</strong></span> <span class='ocrx_word' id='word_1_216' title='bbox 1047 2635 1104 2699; x_wconf 87' lang='lat' dir='ltr'><strong>per</strong></span> <span class='ocrx_word' id='word_1_217' title='bbox 1126 2635 1159 2678; x_wconf 91' lang='lat' dir='ltr'><strong>se</strong></span> <span class='ocrx_word' id='word_1_218' title='bbox 1178 2617 1280 2702; x_wconf 90' lang='lat' dir='ltr'><strong>ipsum</strong></span> <span class='ocrx_word' id='word_1_219' title='bbox 1303 2618 1428 2682; x_wconf 86' lang='lat' dir='ltr'><strong>Samni·</strong></span> 
     </span>
    </p>
   </div>
   <div class='ocr_carea' id='block_1_6' title="bbox 210 2700 1427 3216">
    <p class='ocr_par' dir='ltr' id='par_1_6' title="bbox 210 2700 1427 3216">
     <span class='ocr_line' id='line_1_29' title="bbox 372 2700 1427 2790; baseline 0.002 -24"><span class='ocrx_word' id='word_1_220' title='bbox 372 2704 450 2767; x_wconf 90' lang='lat' dir='ltr'><strong>tium</strong></span> <span class='ocrx_word' id='word_1_221' title='bbox 467 2701 583 2766; x_wconf 91' lang='lat' dir='ltr'><strong>bellum</strong></span> <span class='ocrx_word' id='word_1_222' title='bbox 600 2715 631 2765; x_wconf 90' lang='lat' dir='ltr'><strong>et</strong></span> <span class='ocrx_word' id='word_1_223' title='bbox 646 2700 780 2766; x_wconf 86' lang='lat' dir='ltr'><strong>deiectio</strong></span> <span class='ocrx_word' id='word_1_224' title='bbox 795 2723 905 2787; x_wconf 90' lang='lat' dir='ltr'><strong>repens</strong></span> <span class='ocrx_word' id='word_1_225' title='bbox 921 2701 1135 2779; x_wconf 85' lang='lat' dir='ltr'><strong>Lucanorum,</strong></span> <span class='ocrx_word' id='word_1_226' title='bbox 1152 2717 1362 2790; x_wconf 84' lang='lat' dir='ltr'><strong>auctoresque</strong></span> <span class='ocrx_word' id='word_1_227' title='bbox 1375 2705 1427 2768; x_wconf 85' lang='lat' dir='ltr'><strong>tle-</strong></span> 
     </span>
     <span class='ocr_line' id='line_1_30' title="bbox 371 2787 1427 2868; baseline 0.003 -17"><span class='ocrx_word' id='word_1_228' title='bbox 371 2789 512 2853; x_wconf 83' lang='lat' dir='ltr'><strong>fectionis</strong></span> <span class='ocrx_word' id='word_1_229' title='bbox 535 2788 700 2852; x_wconf 86' lang='lat' dir='ltr'><strong>Tarentini</strong></span> <span class='ocrx_word' id='word_1_230' title='bbox 723 2787 871 2852; x_wconf 87' lang='lat' dir='ltr'><strong>sollicitos</strong></span> <span class='ocrx_word' id='word_1_231' title='bbox 886 2788 1039 2852; x_wconf 81' lang='lat' dir='ltr'><strong>lrnberent</strong></span> <span class='ocrx_word' id='word_1_232' title='bbox 1055 2787 1173 2868; x_wconf 87' lang='lat' dir='ltr'><strong>Patres,</strong></span> <span class='ocrx_word' id='word_1_233' title='bbox 1189 2790 1331 2865; x_wconf 86' lang='lat' dir='ltr'><strong>accessit,</strong></span> <span class='ocrx_word' id='word_1_234' title='bbox 1348 2801 1427 2854; x_wconf 90' lang='lat' dir='ltr'><strong>utet</strong></span> 
     </span>
     <span class='ocr_line' id='line_1_31' title="bbox 371 2874 1427 2963; baseline 0.003 -26"><span class='ocrx_word' id='word_1_235' title='bbox 371 2875 518 2939; x_wconf 88' lang='lat' dir='ltr'><strong>Vestinus</strong></span> <span class='ocrx_word' id='word_1_236' title='bbox 545 2874 679 2960; x_wconf 85' lang='lat' dir='ltr'><strong>populus</strong></span> <span class='ocrx_word' id='word_1_237' title='bbox 710 2874 903 2939; x_wconf 85' lang='lat' dir='ltr'><strong>Samnitibus</strong></span> <span class='ocrx_word' id='word_1_238' title='bbox 931 2895 997 2939; x_wconf 88' lang='lat' dir='ltr'><strong>sese</strong></span> <span class='ocrx_word' id='word_1_239' title='bbox 1025 2877 1240 2960; x_wconf 80' lang='lat' dir='ltr'><strong>conjungeret.</strong></span> <span class='ocrx_word' id='word_1_240' title='bbox 1277 2895 1354 2963; x_wconf 74' lang='lat' dir='ltr'><strong>quas</strong></span> <span class='ocrx_word' id='word_1_241' title='bbox 1383 2897 1427 2940; x_wconf 87' lang='lat' dir='ltr'><strong>res</strong></span> 
     </span>
     <span class='ocr_line' id='line_1_32' title="bbox 371 2959 1424 3050; baseline 0.004 -26"><span class='ocrx_word' id='word_1_242' title='bbox 371 2959 452 3024; x_wconf 89' lang='lat' dir='ltr'><strong>sicut</strong></span> <span class='ocrx_word' id='word_1_243' title='bbox 474 2983 512 3024; x_wconf 92' lang='lat' dir='ltr'><strong>eo</strong></span> <span class='ocrx_word' id='word_1_244' title='bbox 538 2983 622 3024; x_wconf 86' lang='lat' dir='ltr'><strong>anno</strong></span> <span class='ocrx_word' id='word_1_245' title='bbox 637 2960 832 3032; x_wconf 83' lang='lat' dir='ltr'><strong>sermonibus</strong></span> <span class='ocrx_word' id='word_1_246' title='bbox 848 2963 947 3050; x_wconf 88' lang='lat' dir='ltr'><strong>tnagis</strong></span> <span class='ocrx_word' id='word_1_247' title='bbox 971 2963 1086 3046; x_wconf 88' lang='lat' dir='ltr'><strong>passim</strong></span> <span class='ocrx_word' id='word_1_248' title='bbox 1111 2959 1276 3026; x_wconf 89' lang='lat' dir='ltr'><strong>bominum</strong></span> <span class='ocrx_word' id='word_1_249' title='bbox 1295 2965 1424 3047; x_wconf 85' lang='lat' dir='ltr'><strong>jactata,</strong></span> 
     </span>
     <span class='ocr_line' id='line_1_33' title="bbox 372 3045 1426 3134; baseline 0.002 -24"><span class='ocrx_word' id='word_1_250' title='bbox 372 3067 466 3132; x_wconf 89' lang='lat' dir='ltr'><strong>quam</strong></span> <span class='ocrx_word' id='word_1_251' title='bbox 483 3049 515 3110; x_wconf 93' lang='lat' dir='ltr'><strong>in</strong></span> <span class='ocrx_word' id='word_1_252' title='bbox 537 3047 665 3130; x_wconf 90' lang='lat' dir='ltr'><strong>publico</strong></span> <span class='ocrx_word' id='word_1_253' title='bbox 687 3045 750 3111; x_wconf 90' lang='lat' dir='ltr'><strong>ullo</strong></span> <span class='ocrx_word' id='word_1_254' title='bbox 765 3047 899 3112; x_wconf 88' lang='lat' dir='ltr'><strong>concilio</strong></span> <span class='ocrx_word' id='word_1_255' title='bbox 910 3061 973 3124; x_wconf 91' lang='lat' dir='ltr'><strong>est;</strong></span> <span class='ocrx_word' id='word_1_256' title='bbox 997 3049 1041 3112; x_wconf 91' lang='lat' dir='ltr'><strong>ita</strong></span> <span class='ocrx_word' id='word_1_257' title='bbox 1055 3048 1246 3134; x_wconf 89' lang='lat' dir='ltr'><strong>insequentis</strong></span> <span class='ocrx_word' id='word_1_258' title='bbox 1260 3051 1338 3113; x_wconf 85' lang='lat' dir='ltr'><strong>anni</strong></span> <span class='ocrx_word' id='word_1_259' title='bbox 1354 3071 1426 3113; x_wconf 89' lang='lat' dir='ltr'><strong>eon·</strong></span> 
     </span>
     <span class='ocr_line' id='line_1_34' title="bbox 210 3131 1426 3216; baseline 0 -17"><span class='ocrx_word' id='word_1_260' title='bbox 210 3151 346 3200; x_wconf 52' lang='lat' dir='ltr'><strong>netas.</strong></span> <span class='ocrx_word' id='word_1_261' title='bbox 372 3132 501 3210; x_wconf 87' lang='lat' dir='ltr'><strong>sulibus,</strong></span> <span class='ocrx_word' id='word_1_262' title='bbox 530 3132 569 3197; x_wconf 92' lang='lat' dir='ltr'><strong>L.</strong></span> <span class='ocrx_word' id='word_1_263' title='bbox 595 3131 693 3196; x_wconf 88' lang='lat' dir='ltr'><strong>Furio</strong></span> <span class='ocrx_word' id='word_1_264' title='bbox 719 3133 855 3199; x_wconf 90' lang='lat' dir='ltr'><strong>Camillo</strong></span> <span class='ocrx_word' id='word_1_265' title='bbox 878 3133 1003 3212; x_wconf 88' lang='lat' dir='ltr'><strong>iterum,</strong></span> <span class='ocrx_word' id='word_1_266' title='bbox 1026 3132 1157 3198; x_wconf 69' lang='lat' dir='ltr'><strong>⁰⁸Junio</strong></span> <span class='ocrx_word' id='word_1_267' title='bbox 1172 3133 1275 3199; x_wconf 84' lang='lat' dir='ltr'><strong>Bruto</strong></span> <span class='ocrx_word' id='word_1_268' title='bbox 1297 3137 1426 3216; x_wconf 78' lang='lat' dir='ltr'><strong>Seoevae,</strong></span> 
     </span>
    </p>
   </div>
   <div class='ocr_carea' id='block_1_7' title="bbox 210 3217 1426 3308">
    <p class='ocr_par' dir='ltr' id='par_1_7' title="bbox 210 3217 1426 3308">
     <span class='ocr_line' id='line_1_35' title="bbox 210 3217 1426 3308; baseline 0.003 -28"><span class='ocrx_word' id='word_1_269' title='bbox 210 3218 242 3264; x_wconf 71' lang='lat' dir='ltr'><strong>A·</strong></span> <span class='ocrx_word' id='word_1_270' title='bbox 254 3217 281 3263; x_wconf 81' lang='lat'><strong>⁰·</strong></span> <span class='ocrx_word' id='word_1_271' title='bbox 291 3217 347 3265; x_wconf 76' lang='lat'><strong>⁸²²·</strong></span> <span class='ocrx_word' id='word_1_272' title='bbox 374 3219 463 3284; x_wconf 86' lang='lat' dir='ltr'><strong>nulla</strong></span> <span class='ocrx_word' id='word_1_273' title='bbox 476 3221 564 3306; x_wconf 89' lang='lat' dir='ltr'><strong>prior</strong></span> <span class='ocrx_word' id='word_1_274' title='bbox 578 3220 746 3306; x_wconf 86' lang='lat' dir='ltr'><strong>potiorque</strong></span> <span class='ocrx_word' id='word_1_275' title='bbox 759 3219 826 3284; x_wconf 86' lang='lat' dir='ltr'><strong>viss</strong></span> <span class='ocrx_word' id='word_1_276' title='bbox 840 3233 897 3301; x_wconf 91' lang='lat' dir='ltr'><strong>est,</strong></span> <span class='ocrx_word' id='word_1_277' title='bbox 911 3221 952 3286; x_wconf 93' lang='lat' dir='ltr'><strong>de</strong></span> <span class='ocrx_word' id='word_1_278' title='bbox 967 3242 1029 3308; x_wconf 88' lang='lat' dir='ltr'><strong>qua</strong></span> <span class='ocrx_word' id='word_1_279' title='bbox 1043 3220 1084 3284; x_wconf 87' lang='lat' dir='ltr'><strong>ed</strong></span> <span class='ocrx_word' id='word_1_280' title='bbox 1100 3233 1242 3285; x_wconf 88' lang='lat' dir='ltr'><strong>senatum</strong></span> <span class='ocrx_word' id='word_1_281' title='bbox 1264 3221 1426 3287; x_wconf 81' lang='lat' dir='ltr'><strong>referrent.</strong></span> 
     </span>
    </p>
   </div>
   <div class='ocr_carea' id='block_1_8' title="bbox 208 3279 1425 3395">
    <p class='ocr_par' dir='ltr' id='par_1_8' title="bbox 208 3279 1425 3395">
     <span class='ocr_line' id='line_1_36' title="bbox 208 3279 1425 3395; baseline 0.016 -43"><span class='ocrx_word' id='word_1_282' title='bbox 208 3279 363 3395; x_wconf 47' lang='lat' dir='ltr'><strong>{3:33³ssst</strong></span> <span class='ocrx_word' id='word_1_283' title='bbox 373 3321 415 3384; x_wconf 74' lang='lat' dir='ltr'><strong>et,</strong></span> <span class='ocrx_word' id='word_1_284' title='bbox 431 3328 620 3393; x_wconf 80' lang='lat' dir='ltr'><strong>quamquam</strong></span> <span class='ocrx_word' id='word_1_285' title='bbox 636 3307 663 3350; x_wconf 82' lang='lat'><strong>⁶⁷</strong></span> <span class='ocrx_word' id='word_1_286' title='bbox 674 3329 757 3371; x_wconf 81' lang='lat' dir='ltr'><strong>nova</strong></span> <span class='ocrx_word' id='word_1_287' title='bbox 770 3329 819 3371; x_wconf 88' lang='lat' dir='ltr'><strong>res</strong></span> <span class='ocrx_word' id='word_1_288' title='bbox 839 3321 916 3385; x_wconf 85' lang='lat' dir='ltr'><strong>eret,</strong></span> <span class='ocrx_word' id='word_1_289' title='bbox 932 3321 1037 3373; x_wconf 86' lang='lat' dir='ltr'><strong>tamen</strong></span> <span class='ocrx_word' id='word_1_290' title='bbox 1051 3319 1138 3373; x_wconf 87' lang='lat' dir='ltr'><strong>tanta</strong></span> <span class='ocrx_word' id='word_1_291' title='bbox 1155 3327 1231 3371; x_wconf 88' lang='lat' dir='ltr'><strong>cura</strong></span> <span class='ocrx_word' id='word_1_292' title='bbox 1247 3306 1359 3372; x_wconf 83' lang='lat' dir='ltr'><strong>Patres</strong></span> <span class='ocrx_word' id='word_1_293' title='bbox 1380 3311 1425 3372; x_wconf 85' lang='lat' dir='ltr'><strong>in·</strong></span> 
     </span>
    </p>
   </div>
   <div class='ocr_carea' id='block_1_9' title="bbox 209 3393 1428 3568">
    <p class='ocr_par' dir='ltr' id='par_1_9' title="bbox 209 3393 1428 3568">
     <span class='ocr_line' id='line_1_37' title="bbox 209 3393 1428 3484; baseline -0.001 -26"><span class='ocrx_word' id='word_1_294' title='bbox 209 3411 274 3458; x_wconf 72' lang='lat' dir='ltr'><strong>coss</strong></span> <span class='ocrx_word' id='word_1_295' title='bbox 374 3394 475 3470; x_wconf 86' lang='lat' dir='ltr'><strong>cessit,</strong></span> <span class='ocrx_word' id='word_1_296' title='bbox 491 3407 526 3462; x_wconf 89' lang='lat' dir='ltr'><strong>ut</strong></span> <span class='ocrx_word' id='word_1_297' title='bbox 539 3394 657 3478; x_wconf 87' lang='lat' dir='ltr'><strong>pariter</strong></span> <span class='ocrx_word' id='word_1_298' title='bbox 667 3415 735 3458; x_wconf 89' lang='lat' dir='ltr'><strong>eam</strong></span> <span class='ocrx_word' id='word_1_299' title='bbox 752 3407 928 3479; x_wconf 84' lang='lat' dir='ltr'><strong>susceptam</strong></span> <span class='ocrx_word' id='word_1_300' title='bbox 944 3393 1181 3484; x_wconf 84' lang='lat' dir='ltr'><strong>neglectamque</strong></span> <span class='ocrx_word' id='word_1_301' title='bbox 1195 3393 1365 3459; x_wconf 85' lang='lat' dir='ltr'><strong>timerent:</strong></span> <span class='ocrx_word' id='word_1_302' title='bbox 1388 3415 1428 3457; x_wconf 86' lang='lat' dir='ltr'><strong>ne</strong></span> 
     </span>
     <span class='ocr_line' id='line_1_38' title="bbox 373 3479 1424 3568; baseline 0.001 -24"><span class='ocrx_word' id='word_1_303' title='bbox 373 3493 428 3544; x_wconf 85' lang='lat' dir='ltr'><strong>nut</strong></span> <span class='ocrx_word' id='word_1_304' title='bbox 448 3481 608 3565; x_wconf 88' lang='lat' dir='ltr'><strong>inpunitas</strong></span> <span class='ocrx_word' id='word_1_305' title='bbox 629 3501 738 3546; x_wconf 89' lang='lat' dir='ltr'><strong>eorum</strong></span> <span class='ocrx_word' id='word_1_306' title='bbox 761 3481 889 3558; x_wconf 83' lang='lat' dir='ltr'><strong>lascivio</strong></span> <span class='ocrx_word' id='word_1_307' title='bbox 910 3481 1129 3568; x_wconf 84' lang='lat' dir='ltr'><strong>superbiaque,</strong></span> <span class='ocrx_word' id='word_1_308' title='bbox 1144 3491 1198 3545; x_wconf 92' lang='lat' dir='ltr'><strong>aut</strong></span> <span class='ocrx_word' id='word_1_309' title='bbox 1213 3479 1299 3544; x_wconf 89' lang='lat' dir='ltr'><strong>bello</strong></span> <span class='ocrx_word' id='word_1_310' title='bbox 1320 3501 1424 3566; x_wconf 76' lang='lat' dir='ltr'><strong>poene</strong></span> 
     </span>
    </p>
   </div>
   <div class='ocr_carea' id='block_1_10' title="bbox 307 3621 1499 4442">
    <p class='ocr_par' dir='ltr' id='par_1_10' title="bbox 370 3621 1499 3850">
     <span class='ocr_line' id='line_1_39' title="bbox 769 3621 1499 3703; baseline 0.012 -36"><span class='ocrx_word' id='word_1_311' title='bbox 769 3625 782 3666; x_wconf 79' lang='grc'><strong><em>1</em></strong></span> <span class='ocrx_word' id='word_1_312' title='bbox 797 3621 872 3684; x_wconf 66' lang='grc' dir='ltr'><strong><em>Ιίςαη·</em></strong></span> <span class='ocrx_word' id='word_1_313' title='bbox 881 3623 934 3671; x_wconf 73' lang='lat' dir='ltr'><strong>sert</strong></span> <span class='ocrx_word' id='word_1_314' title='bbox 946 3623 1018 3670; x_wconf 82' lang='lat' dir='ltr'><strong>Gmn.</strong></span> <span class='ocrx_word' id='word_1_315' title='bbox 1498 3675 1499 3703; x_wconf 68' lang='lat'><strong>,</strong></span> 
     </span>
     <span class='ocr_line' id='line_1_40' title="bbox 403 3718 1498 3807; baseline 0.003 -27"><span class='ocrx_word' id='word_1_316' title='bbox 403 3731 436 3780; x_wconf 79' lang='lat'><strong>68</strong></span> <span class='ocrx_word' id='word_1_317' title='bbox 453 3731 519 3788; x_wconf 75' lang='lat' dir='ltr'><strong>Quot</strong></span> <span class='ocrx_word' id='word_1_318' title='bbox 534 3737 594 3782; x_wconf 77' lang='lat' dir='ltr'><strong>necti</strong></span> <span class='ocrx_word' id='word_1_319' title='bbox 610 3733 738 3798; x_wconf 66' lang='lat' dir='ltr'><strong>demat]</strong></span> <span class='ocrx_word' id='word_1_320' title='bbox 762 3735 832 3790; x_wconf 83' lang='lat' dir='ltr'><strong>Quod</strong></span> <span class='ocrx_word' id='word_1_321' title='bbox 854 3736 880 3782; x_wconf 92' lang='lat' dir='ltr'><strong>in</strong></span> <span class='ocrx_word' id='word_1_322' title='bbox 913 3718 1023 3783; x_wconf 74' lang='lat' dir='ltr'><strong>Andreas</strong></span> <span class='ocrx_word' id='word_1_323' title='bbox 1036 3742 1061 3784; x_wconf 81' lang='lat' dir='ltr'><strong>et</strong></span> <span class='ocrx_word' id='word_1_324' title='bbox 1077 3737 1223 3796; x_wconf 72' lang='lat' dir='ltr'><strong>Campanus.</strong></span> <span class='ocrx_word' id='word_1_325' title='bbox 1256 3733 1361 3794; x_wconf 70' lang='lat' dir='ltr'><strong>Vulgus·</strong></span> <span class='ocrx_word' id='word_1_326' title='bbox 1375 3737 1425 3796; x_wconf 76' lang='lat' dir='ltr'><strong>pol·</strong></span> <span class='ocrx_word' id='word_1_327' title='bbox 1497 3757 1498 3807; x_wconf 59' lang='lat' dir='ltr'><strong>q</strong></span> 
     </span>
     <span class='ocr_line' id='line_1_41' title="bbox 370 3797 1088 3850; baseline 0 -2"><span class='ocrx_word' id='word_1_328' title='bbox 370 3799 511 3848; x_wconf 80' lang='lat' dir='ltr'><strong>servitutem</strong></span> <span class='ocrx_word' id='word_1_329' title='bbox 529 3801 581 3846; x_wconf 91' lang='lat' dir='ltr'><strong>dari</strong></span> <span class='ocrx_word' id='word_1_330' title='bbox 596 3799 752 3847; x_wconf 82' lang='lat' dir='ltr'><strong>creditoribus</strong></span> <span class='ocrx_word' id='word_1_331' title='bbox 762 3797 881 3846; x_wconf 80' lang='lat' dir='ltr'><strong>debitores</strong></span> <span class='ocrx_word' id='word_1_332' title='bbox 912 3805 978 3850; x_wconf 72' lang='lat' dir='ltr'><strong>erate</strong></span> <span class='ocrx_word' id='word_1_333' title='bbox 996 3801 1088 3848; x_wconf 78' lang='lat' dir='ltr'><strong>vitiose.</strong></span> 
     </span>
    </p>

    <p class='ocr_par' dir='ltr' id='par_1_11' title="bbox 307 3859 1495 4380">
     <span class='ocr_line' id='line_1_42' title="bbox 307 3859 1423 3926; baseline -0.001 -15"><span class='ocrx_word' id='word_1_334' title='bbox 307 3859 311 3868; x_wconf 86' lang='lat'>&#39;</span> <span class='ocrx_word' id='word_1_335' title='bbox 370 3862 499 3911; x_wconf 86' lang='lat' dir='ltr'><strong>desierunt.</strong></span> <span class='ocrx_word' id='word_1_336' title='bbox 518 3863 629 3924; x_wconf 81' lang='lat' dir='ltr'><strong>Sigonius</strong></span> <span class='ocrx_word' id='word_1_337' title='bbox 638 3859 744 3925; x_wconf 81' lang='lat' dir='ltr'><strong>jusserat</strong></span> <span class='ocrx_word' id='word_1_338' title='bbox 755 3864 811 3924; x_wconf 75' lang='lat' dir='ltr'><strong>legi,</strong></span> <span class='ocrx_word' id='word_1_339' title='bbox 822 3865 884 3925; x_wconf 80' lang='lat' dir='ltr'><strong>qnod</strong></span> <span class='ocrx_word' id='word_1_340' title='bbox 945 3865 977 3911; x_wconf 80' lang='grc'><strong>65</strong></span> <span class='ocrx_word' id='word_1_341' title='bbox 995 3865 1137 3926; x_wconf 72' lang='lat' dir='ltr'><strong>contempne</strong></span> <span class='ocrx_word' id='word_1_342' title='bbox 1153 3865 1180 3910; x_wconf 79' lang='lat' dir='ltr'><strong>iss</strong></span> <span class='ocrx_word' id='word_1_343' title='bbox 1191 3867 1320 3924; x_wconf 71' lang='lat' dir='ltr'><strong>primns,</strong></span> <span class='ocrx_word' id='word_1_344' title='bbox 1337 3876 1423 3910; x_wconf 66' lang='lat' dir='ltr'><strong>sem</strong></span> 
     </span>
     <span class='ocr_line' id='line_1_43' title="bbox 368 3925 1423 3991; baseline 0.001 -18"><span class='ocrx_word' id='word_1_345' title='bbox 368 3929 445 3990; x_wconf 68' lang='lat' dir='ltr'><strong>ligeri</strong></span> <span class='ocrx_word' id='word_1_346' title='bbox 464 3929 519 3975; x_wconf 77' lang='lat' dir='ltr'><strong>neat</strong></span> <span class='ocrx_word' id='word_1_347' title='bbox 538 3927 662 3982; x_wconf 68' lang='lat' dir='ltr'><strong>tuimet,</strong></span> <span class='ocrx_word' id='word_1_348' title='bbox 682 3929 752 3988; x_wconf 85' lang='lat' dir='ltr'><strong>cique</strong></span> <span class='ocrx_word' id='word_1_349' title='bbox 774 3929 882 3976; x_wconf 83' lang='lat' dir='ltr'><strong>obsecuti</strong></span> <span class='ocrx_word' id='word_1_350' title='bbox 913 3926 1027 3991; x_wconf 71' lang='lat' dir='ltr'><strong>meum]</strong></span> <span class='ocrx_word' id='word_1_351' title='bbox 1050 3929 1079 3976; x_wconf 88' lang='lat' dir='ltr'><strong>ltl</strong></span> <span class='ocrx_word' id='word_1_352' title='bbox 1097 3935 1178 3976; x_wconf 80' lang='lat' dir='ltr'><strong>tntnen</strong></span> <span class='ocrx_word' id='word_1_353' title='bbox 1197 3925 1240 3989; x_wconf 79' lang='lat' dir='ltr'><strong>jus</strong></span> <span class='ocrx_word' id='word_1_354' title='bbox 1258 3931 1308 3975; x_wconf 83' lang='lat' dir='ltr'><strong>nbn</strong></span> <span class='ocrx_word' id='word_1_355' title='bbox 1325 3929 1423 3976; x_wconf 86' lang='lat' dir='ltr'><strong>omnino</strong></span> 
     </span>
     <span class='ocr_line' id='line_1_44' title="bbox 369 3992 1424 4054; baseline 0 -16"><span class='ocrx_word' id='word_1_356' title='bbox 369 3995 465 4040; x_wconf 77' lang='lat' dir='ltr'><strong>luerent</strong></span> <span class='ocrx_word' id='word_1_357' title='bbox 482 3993 589 4053; x_wconf 83' lang='lat' dir='ltr'><strong>plerique</strong></span> <span class='ocrx_word' id='word_1_358' title='bbox 608 3993 720 4050; x_wconf 83' lang='lat' dir='ltr'><strong>aditores,</strong></span> <span class='ocrx_word' id='word_1_359' title='bbox 741 4005 817 4054; x_wconf 90' lang='lat' dir='ltr'><strong>quum</strong></span> <span class='ocrx_word' id='word_1_360' title='bbox 839 3995 882 4041; x_wconf 78' lang='lat' dir='ltr'><strong>ab·</strong></span> <span class='ocrx_word' id='word_1_361' title='bbox 912 4005 956 4054; x_wconf 84' lang='lat' dir='ltr'><strong>pro</strong></span> <span class='ocrx_word' id='word_1_362' title='bbox 974 3995 1044 4041; x_wconf 77' lang='lat' dir='ltr'><strong>firmo</strong></span> <span class='ocrx_word' id='word_1_363' title='bbox 1060 3995 1134 4040; x_wconf 86' lang='lat' dir='ltr'><strong>stetit.</strong></span> <span class='ocrx_word' id='word_1_364' title='bbox 1168 3993 1293 4054; x_wconf 74' lang='lat' dir='ltr'><strong>siquidem</strong></span> <span class='ocrx_word' id='word_1_365' title='bbox 1304 4001 1366 4054; x_wconf 70' lang='lat' dir='ltr'><strong>opus</strong></span> <span class='ocrx_word' id='word_1_366' title='bbox 1379 3992 1424 4038; x_wconf 79' lang='lat' dir='ltr'><strong>fuit</strong></span> 
     </span>
     <span class='ocr_line' id='line_1_45' title="bbox 369 4056 1495 4120; baseline 0.002 -18"><span class='ocrx_word' id='word_1_367' title='bbox 369 4057 727 4110; x_wconf 71' lang='lat' dir='ltr'><strong>surdsessethaecemendatio.</strong></span> <span class='ocrx_word' id='word_1_368' title='bbox 760 4056 881 4111; x_wconf 82' lang='lat' dir='ltr'><strong>Quianlm</strong></span> <span class='ocrx_word' id='word_1_369' title='bbox 913 4071 967 4105; x_wconf 82' lang='lat' dir='ltr'><strong>eam</strong></span> <span class='ocrx_word' id='word_1_370' title='bbox 983 4059 1063 4120; x_wconf 63' lang='lat' dir='ltr'><strong>lqem</strong></span> <span class='ocrx_word' id='word_1_371' title='bbox 1079 4059 1188 4105; x_wconf 71' lang='lat' dir='ltr'><strong>morati</strong></span> <span class='ocrx_word' id='word_1_372' title='bbox 1198 4059 1360 4119; x_wconf 65' lang='lat' dir='ltr'><strong>qudraginta</strong></span> <span class='ocrx_word' id='word_1_373' title='bbox 1376 4058 1424 4104; x_wconf 78' lang='lat' dir='ltr'><strong>fare</strong></span> <span class='ocrx_word' id='word_1_374' title='bbox 1494 4083 1495 4086; x_wconf 63' lang='lat'><em>=</em></span> 
     </span>
     <span class='ocr_line' id='line_1_46' title="bbox 368 4119 1442 4184; baseline 0.003 -18"><span class='ocrx_word' id='word_1_375' title='bbox 368 4121 501 4180; x_wconf 76' lang='lat' dir='ltr'><strong>necisum,</strong></span> <span class='ocrx_word' id='word_1_376' title='bbox 512 4135 552 4168; x_wconf 86' lang='lat' dir='ltr'><strong>eos</strong></span> <span class='ocrx_word' id='word_1_377' title='bbox 563 4130 627 4168; x_wconf 82' lang='lat' dir='ltr'><strong>certe</strong></span> <span class='ocrx_word' id='word_1_378' title='bbox 638 4121 698 4167; x_wconf 87' lang='lat' dir='ltr'><strong>nihil</strong></span> <span class='ocrx_word' id='word_1_379' title='bbox 709 4119 762 4183; x_wconf 86' lang='lat' dir='ltr'><strong>jam</strong></span> <span class='ocrx_word' id='word_1_380' title='bbox 773 4135 834 4182; x_wconf 82' lang='lat' dir='ltr'><strong>opus</strong></span> <span class='ocrx_word' id='word_1_381' title='bbox 843 4131 881 4170; x_wconf 79' lang='lat' dir='ltr'><strong>eat</strong></span> <span class='ocrx_word' id='word_1_382' title='bbox 912 4129 965 4182; x_wconf 84' lang='lat' dir='ltr'><strong>post</strong></span> <span class='ocrx_word' id='word_1_383' title='bbox 976 4125 1056 4178; x_wconf 71' lang='lat' dir='ltr'><strong>annm,</strong></span> <span class='ocrx_word' id='word_1_384' title='bbox 1068 4129 1121 4170; x_wconf 81' lang='lat' dir='ltr'><strong>tum</strong></span> <span class='ocrx_word' id='word_1_385' title='bbox 1131 4135 1209 4184; x_wconf 85' lang='lat' dir='ltr'><strong>quum</strong></span> <span class='ocrx_word' id='word_1_386' title='bbox 1225 4123 1308 4182; x_wconf 64' lang='lat' dir='ltr'><strong>pleb!</strong></span> <span class='ocrx_word' id='word_1_387' title='bbox 1322 4123 1348 4169; x_wconf 89' lang='lat' dir='ltr'><strong>in</strong></span> <span class='ocrx_word' id='word_1_388' title='bbox 1358 4122 1442 4169; x_wconf 74' lang='lat' dir='ltr'><strong>dani-¹</strong></span> 
     </span>
     <span class='ocr_line' id='line_1_47' title="bbox 367 4183 1110 4245; baseline 0.007 -15"><span class='ocrx_word' id='word_1_389' title='bbox 367 4183 451 4245; x_wconf 73' lang='lat' dir='ltr'><strong>ttgart.</strong></span> <span class='ocrx_word' id='word_1_390' title='bbox 489 4187 648 4234; x_wconf 67' lang='lat' dir='ltr'><strong>destituimus</strong></span> <span class='ocrx_word' id='word_1_391' title='bbox 671 4192 776 4233; x_wconf 82' lang='lat' dir='ltr'><strong>veterem</strong></span> <span class='ocrx_word' id='word_1_392' title='bbox 798 4187 879 4234; x_wconf 86' lang='lat' dir='ltr'><strong>lactio-</strong></span> <span class='ocrx_word' id='word_1_393' title='bbox 912 4187 994 4235; x_wconf 84' lang='lat' dir='ltr'><strong>culum</strong></span> <span class='ocrx_word' id='word_1_394' title='bbox 1006 4188 1110 4235; x_wconf 66' lang='lat' dir='ltr'><strong>misit.</strong></span> 
     </span>
     <span class='ocr_line' id='line_1_48' title="bbox 369 4247 1295 4317; baseline 0.006 -23"><span class='ocrx_word' id='word_1_395' title='bbox 369 4261 436 4308; x_wconf 84' lang='lat' dir='ltr'><strong>nem,</strong></span> <span class='ocrx_word' id='word_1_396' title='bbox 446 4261 521 4310; x_wconf 84' lang='lat' dir='ltr'><strong>quam</strong></span> <span class='ocrx_word' id='word_1_397' title='bbox 539 4259 639 4297; x_wconf 83' lang='lat' dir='ltr'><strong>tuentur</strong></span> <span class='ocrx_word' id='word_1_398' title='bbox 656 4259 760 4312; x_wconf 89' lang='lat' dir='ltr'><strong>quatuor</strong></span> <span class='ocrx_word' id='word_1_399' title='bbox 778 4265 792 4298; x_wconf 83' lang='lat' dir='ltr'><strong>e</strong></span> <span class='ocrx_word' id='word_1_400' title='bbox 808 4252 878 4300; x_wconf 78' lang='lat' dir='ltr'><strong>MSS.</strong></span> <span class='ocrx_word' id='word_1_401' title='bbox 943 4253 975 4300; x_wconf 81' lang='grc'><strong>66</strong></span> <span class='ocrx_word' id='word_1_402' title='bbox 991 4247 1079 4317; x_wconf 70' lang='grc' dir='ltr'><strong>Μ]</strong></span> <span class='ocrx_word' id='word_1_403' title='bbox 1094 4251 1159 4314; x_wconf 62' lang='lat' dir='ltr'><strong>laga</strong></span> <span class='ocrx_word' id='word_1_404' title='bbox 1169 4251 1295 4300; x_wconf 62' lang='lat' dir='ltr'><strong>mauro</strong></span> 
     </span>
     <span class='ocr_line' id='line_1_49' title="bbox 368 4315 1421 4380; baseline 0.006 -21"><span class='ocrx_word' id='word_1_405' title='bbox 368 4315 455 4360; x_wconf 83' lang='lat' dir='ltr'><strong>nostris</strong></span> <span class='ocrx_word' id='word_1_406' title='bbox 467 4315 504 4360; x_wconf 78' lang='lat' dir='ltr'><strong>val</strong></span> <span class='ocrx_word' id='word_1_407' title='bbox 515 4316 609 4374; x_wconf 81' lang='lat' dir='ltr'><strong>optimi.</strong></span> <span class='ocrx_word' id='word_1_408' title='bbox 943 4316 996 4364; x_wconf 83' lang='lat' dir='ltr'><strong>ot·</strong></span> <span class='ocrx_word' id='word_1_409' title='bbox 1004 4317 1087 4380; x_wconf 83' lang='lat' dir='ltr'><strong>Nono]</strong></span> <span class='ocrx_word' id='word_1_410' title='bbox 1105 4317 1219 4364; x_wconf 67' lang='lat' dir='ltr'><strong>amasa.</strong></span> <span class='ocrx_word' id='word_1_411' title='bbox 1230 4330 1261 4364; x_wconf 79' lang='lat' dir='ltr'><strong>ex</strong></span> <span class='ocrx_word' id='word_1_412' title='bbox 1269 4316 1421 4378; x_wconf 68' lang='lat' dir='ltr'><strong>quamdnds</strong></span> 
     </span>
    </p>

    <p class='ocr_par' dir='ltr' id='par_1_12' title="bbox 401 4377 1363 4442">
     <span class='ocr_line' id='line_1_50' title="bbox 401 4377 1363 4442; baseline 0.004 -18"><span class='ocrx_word' id='word_1_413' title='bbox 401 4377 434 4425; x_wconf 79' lang='grc'><strong>64</strong></span> <span class='ocrx_word' id='word_1_414' title='bbox 462 4378 519 4433; x_wconf 79' lang='lat' dir='ltr'><strong>Quo·</strong></span> <span class='ocrx_word' id='word_1_415' title='bbox 539 4383 594 4425; x_wconf 78' lang='lat' dir='ltr'><strong>oetar</strong></span> <span class='ocrx_word' id='word_1_416' title='bbox 611 4379 806 4442; x_wconf 81' lang='lat' dir='ltr'><strong>....putrrnnt]</strong></span> <span class='ocrx_word' id='word_1_417' title='bbox 840 4381 879 4428; x_wconf 80' lang='lat' dir='ltr'><strong>Sic</strong></span> <span class='ocrx_word' id='word_1_418' title='bbox 912 4382 1033 4430; x_wconf 79' lang='lat' dir='ltr'><strong>nihildum</strong></span> <span class='ocrx_word' id='word_1_419' title='bbox 1042 4381 1363 4442; x_wconf 68' lang='lat' dir='ltr'><strong>ammentumtdmi.</strong></span> 
     </span>
    </p>
   </div>
   <div class='ocr_carea' id='block_1_11' title="bbox 0 0 1532 4928">
    <p class='ocr_par' dir='ltr' id='par_1_13' title="bbox 0 0 1532 4928">
     <span class='ocr_line' id='line_1_51' title="bbox 0 0 1532 4928; baseline 0 3"><span class='ocrx_word' id='word_1_420' title='bbox 0 0 1532 4928; x_wconf 95' lang='lat' dir='ltr'><strong> </strong></span> 
     </span>
    </p>
   </div>
  </div>
 </body>
</html>
