2986 4930
310 205 350 268 tt
672 203 975 270 .T1.T1L1v11

151 369 289 440 Uram·
354 368 422 436 111.
443 368 553 446 Quum
576 366 669 434 haud
697 367 845 456 cuiquam
873 367 905 430 in
936 365 1036 438 dubio
1063 373 1152 446 esset,
1178 363 1297 433 bellum
1327 363 1371 433 eb

148 437 286 506 ΗΜ
311 454 497 541 Tarquiniis
520 455 689 531 inminere,
705 454 738 518 id
768 453 895 540 quidem
926 475 981 536 spe
1006 452 1150 518 omnium
1169 452 1276 516 serius
1300 449 1369 518 fuit.

310 556 462 616 ceterum,
478 539 513 605 id
526 541 610 628 quud
632 561 695 606 non
716 541 878 615 timebant,
893 561 951 624 per
965 539 1075 605 dolum
1095 538 1372 621 contuitionem

309 652 331 715 p
393 649 411 692 e
439 625 567 692 libertus
595 625 708 692 amisse
722 639 792 692 est.
837 624 938 692 Erant
966 626 999 688 in
1031 625 1176 696 Romam
1203 625 1374 711 juventute

309 714 372 782 ado
383 725 521 780 cicentes
537 713 667 800 aliquot,
684 733 744 778 nec
758 712 781 776 ii
794 713 881 776 tenui
896 711 967 776 loeo
981 712 1054 791 orti,
1065 731 1202 796 quorum
1219 711 1252 776 in
1270 731 1372 797 regno

309 799 409 866 libido
438 799 571 865 solutior
598 799 708 874 lucrm,
741 797 877 883 aequeles
906 797 1092 884 sodalesque
1122 796 1369 865 adolescentium

309 885 571 972 Tarquiniorum,
593 884 715 950 achueti
743 907 829 950 more
854 884 943 970 regio
965 886 1077 956 visere.
1123 882 1203 950 Eum
1226 897 1306 958 tum,
1325 903 1372 946 ae·

309 987 406 1059 quato
415 972 489 1057 jure
503 973 657 1048 omnium,
669 971 828 1036 licentium
842 983 1029 1057 qusercntea,
1039 969 1216 1036 libertatem
1232 969 1372 1034 aliorum

309 1059 343 1123 in
358 1081 448 1123 suum
464 1059 590 1124 vertisse
605 1059 786 1124 servitutem
801 1059 884 1122 iuter
897 1079 930 1122 ae
944 1078 1004 1120 con
1029 1055 1231 1122 uerebantur.
1255 1057 1375 1140 Regem

308 1146 456 1212 hominem
478 1167 548 1220 esse,
563 1167 584 1208 a
607 1165 666 1228 quo
687 1145 830 1226 inpetres,
852 1143 906 1208 nti
916 1141 983 1226 jus,
999 1080 1052 1206 illi
1073 1141 1190 1225 injuria
1212 1164 1286 1226 opus
1306 1143 1372 1206 sit:

308 1231 404 1297 ¹⁷esse
413 1234 530 1316 grutiae
539 1232 644 1307 locum,
657 1252 718 1294 esse
730 1229 889 1314 beneficio·
912 1239 942 1292 et
953 1231 1047 1295 irasci
1060 1239 1091 1292 ct
1102 1231 1254 1312 ignoscere
1262 1247 1372 1310 posse.-

308 1319 391 1381 inter
403 1319 532 1380 amimam
547 1327 639 1400 atqroe
653 1317 805 1380 inimicum
820 1317 982 1380 discrimen
995 1335 1088 1386 nosse,
1111 1316 1211 1398 Leges
1224 1335 1288 1377 rem
1302 1335 1373 1380 tter-

307 1401 1373 1484 dam,iucem-atttemessasatimiormmelioremqucinoptquampo.

307 1491 387 1554 tenti
393 1487 496 1552 :nihil
503 1489 673 1552 momenti
680 1509 734 1552 nec
742 1487 1129 1566 neniaehcbere,sinmdnnr
1137 1487 1307 1552 excesseris.
1311 1507 1373 1568 pe-

307 1577 467 1638 riculosum
476 1595 547 1650 este,
558 1576 591 1636 in
599 1582 645 1637 tot
655 1574 795 1637 humanis
805 1571 958 1638 moribus
966 1571 1062 1638 ”sota
1071 1573 1246 1636 innocentia
1257 1574 1372 1638 ninere.

148 1665 289 1732 conjuncto
309 1659 370 1736 Ita,
382 1657 449 1743 jam
465 1681 522 1722 sus
543 1671 657 1744 sponte
676 1659 771 1744 egris
790 1658 915 1735 animis,
930 1657 1027 1745 legati
1050 1657 1090 1722 ab
1113 1658 1237 1744 regibus
1259 1679 1376 1742 supera

146 1733 286 1846 ¹¹⁹3?ss
307 1745 450 1820 veniunt,
479 1745 547 1808 sine
574 1745 737 1809 mantione
765 1745 884 1810 reditus
916 1745 1001 1810 bona
1030 1757 1152 1809 tantum
1184 1756 1373 1829 repetentes.

146 1811 173 1850 ῃ
286 1830 419 1896 ’eorum
441 1829 537 1894 verbu
559 1846 728 1917 postquem
754 1831 785 1894 in
811 1843 921 1896 senatu
944 1830 1053 1896 audita
1078 1842 1161 1906 sunt,
1177 1851 1234 1914 per
1250 1829 1375 1916 aliquot

308 1915 376 1984 dies
386 1939 423 1982 aa
437 1915 627 1981 consultatio
641 1917 760 1981 tenuit:
781 1939 821 1984 ne
836 1939 900 1980 non
917 1917 1051 1997 reddita,
1066 1915 1139 1982 belli
1154 1937 1282 1992 caussa3
1297 1915 1375 1982 red·

308 2002 387 2086 dita,
403 2001 477 2067 belli
495 2004 627 2067 materia
641 2015 673 2066 et
694 2003 911 2090 adjumentum
933 2017 1047 2071 essent.
1089 2003 1221 2068 Interim
1238 2001 1374 2091 ¹⁹legati

308 2087 361 2154 alii
383 2089 446 2154 alia
472 2087 587 2166 moliri,
608 2101 717 2174 aperte
742 2093 824 2154 bona
845 2105 1030 2174 repetentes,
1053 2089 1134 2156 clem
1160 2088 1374 2174 recuperandi

307 2176 400 2260 regui
421 2175 553 2240 consilia
574 2188 705 2240 struere.
728 2175 806 2254 2⁰et,
822 2187 981 2260 tamquam
1003 2175 1043 2240 ud
1065 2175 1099 2240 id
1114 2175 1198 2259 quod
1215 2175 1268 2262 agi
1282 2175 1373 2242 visle-

307 2261 413 2338 butur,
426 2261 599 2326 ambientes
614 2261 768 2326 nubilium
784 2262 1031 2327 adolescentium
1042 2262 1165 2326 animos
1219 2273 1375 2328 rteutent.

307 2371 328 2418 a
363 2347 456 2412 uibus
470 2346 595 2433 placide
608 2350 711 2412 oratio
725 2360 927 2432 acceptaest,
943 2348 991 2412 his
1010 2348 1115 2412 literas
1129 2347 1170 2410 ab
1217 2349 1374 2436 arquiniis

308 2371 466 2584 rc÷¹dunt3
488 2447 520 2499 et
541 2433 582 2499 de
602 2433 794 2518 accipiendis
820 2433 901 2498 clam
926 2445 1020 2500 nocte
1046 2434 1079 2502 in
1106 2433 1217 2500 urbem
1243 2433 1374 2522 regibus

309 2543 349 2585 ou
417 2536 549 2588 uantur.
1183 2534 1185 2540 '

353 2543 416 2676 1ae
446 2606 580 2671 Vitelliis
608 2606 633 2646 ²¹
652 2603 863 2692 Aquilliisque
892 2605 1038 2670 frutribus
1070 2591 1184 2690 primo
1202 2608 1377 2673 commisse

308 2715 360 2758 res
375 2706 430 2758 est.
454 2691 656 2776 Vitelliorum
669 2713 758 2754 soror
772 2691 895 2755 consuli
912 2705 1011 2777 nupta
1024 2691 1126 2756 Bruto
1138 2706 1222 2756 erate
1240 2692 1376 2778 jamque

309 2801 351 2844 ex
365 2801 404 2843 eo
419 2776 619 2842 matrimonio
635 2775 849 2840 adolescentes
867 2791 958 2844 erant
979 2777 1080 2854 libari,
1097 2778 1192 2844 Titus
1208 2777 1376 2844 Tiberius-

310 2887 382 2950 que.
404 2883 458 2928 ens
474 2883 600 2950 quoque
618 2861 652 2926 in
666 2862 847 2926 societatem
870 2864 994 2928 consilii
1022 2863 1376 2932 avunculiadsumuut.

309 2961 465 3038 praeterea
489 2960 520 3012 et
546 2947 667 3014 nubiles
693 2947 813 3033 simunt
838 2948 1049 3017 odolescemm
1074 2951 1194 3016 conscii
1219 2949 1374 3032 adsumtl,

310 3055 448 3124 quorum
462 3045 615 3100 vetustate
637 3034 788 3098 memoria
805 3034 893 3102 abiit.
937 3038 1068 3102 Interim
1084 3059 1182 3123 quum
1207 3037 1239 3100 in
1260 3051 1376 3104 unctu

310 3123 434 3187 vicisset
461 3123 629 3199 sententia,
654 3141 726 3204 quoe
750 3121 898 3186 censebat
927 3122 1089 3188 reddenda
1113 3123 1215 3198 bonu;
1238 3145 1376 3210 eumque

311 3210 412 3298 ipsum
428 3229 568 3276 caussam
585 3227 683 3274 morae
697 3207 729 3270 in
746 3207 825 3274 urba
844 3207 996 3274 haberent
1013 3209 1118 3296 legati,
1133 3209 1218 3297 quod
1233 3210 1375 3292 spatium

326 3396 377 3444 -1t
392 3395 552 3457 umerum
572 3395 654 3450 buum,
676 3409 723 3442 esse
743 3397 823 3458 tenest-
858 3397 938 3444 Nobis
957 3397 1035 3458 magis
1061 3399 1165 3458 pluoemt
1196 3397 1300 3444 recldm
1321 3399 1377 3446 sive

311 3462 358 3525 cio]
383 3461 473 3523 Regem
493 3460 570 3518 grstia
589 3460 652 3506 flesti
674 3475 702 3507 au
724 3463 825 3520 moveri,
857 3461 908 3516 alti,
926 3465 977 3508 sive
994 3475 1046 3508 eam
1062 3463 1133 3508 attis.-
1151 3463 1215 3508 unde
1233 3470 1376 3522 exurgeret

313 3521 648 3584 beneflciomaeillariposse.
858 3527 911 3572 hec
932 3528 996 3572 clera
1024 3527 1124 3572 omniuo
1150 3535 1175 3572 et
1197 3527 1270 3586 planu
1290 3528 1376 3579 lautia.

347 3587 462 3642 lB'Sola
482 3589 611 3635 &mutia
635 3589 722 3652 muers]
747 3589 826 3636 Salina
857 3591 930 3652 legati
947 3592 993 3636 alta
1015 3591 1101 3642 mutis.
1122 3603 1197 3650 quam
1217 3605 1273 3651 qun
1300 3605 1378 3652 nupta

313 3654 457 3700 inmittite
480 3653 591 3712 praidio
610 3653 690 3700 vivere
711 3669 740 3701 se
761 3661 827 3700 tutos
859 3663 993 3702 memorata
1008 3656 1106 3702 suntde
1117 3657 1237 3716 regiorum
1255 3657 1380 3704 banomm

314 3731 374 3766 me.
859 3721 1017 3768 mutatione.
1170 3741 1174 3752 .

242 3777 253 3786 “
348 3782 479 3842 taragna
504 3781 547 3827 atu
571 3783 618 3828 nn
645 3782 736 3845 mure]
767 3784 828 3829 um
892 3783 996 3836 tows.
1018 3789 1127 3844 nmen·
1148 3783 1179 3828 aa
1200 3784 1237 3847 u]
1269 3783 1311 3843 st,
1331 3797 1378 3845 per

314 3847 432 3907 scriptura
455 3847 546 3893 sinuas
576 3853 620 3892 eat.
664 3847 772 3900 Etenim,
800 3853 828 3893 ut
860 3849 965 3908 speeiem
975 3846 1028 3910 ejus
1040 3847 1129 3908 negotii
1140 3850 1205 3908 quod
1220 3861 1305 3895 eume
1323 3863 1380 3896 ere.

314 3918 379 3958 reete
398 3917 498 3958 ennotst
520 3907 642 3972 Dujatius,
666 3925 716 3958 non
738 3911 826 3959 diversi
857 3915 986 3970 debentur,
996 3914 1173 3958 circumeuntes
1183 3914 1277 3960 domas.

314 3975 387 4036 legati
404 3977 467 4022 bona
483 3978 631 4036 repetebant,
644 3977 741 4024 etelam
755 3973 827 4037 juve·
889 3975 1060 4038 21Aqunua]
1086 3977 1173 4023 Sarore
1196 3979 1320 4025 collatini.
1332 3993 1379 4040 ge·

315 4049 375 4086 uum
396 4041 491 4086 culmos
520 4043 661 4089 tenoebants
690 4041 733 4090 sed
752 4041 826 4087 iidem
859 4041 1053 4100 ultia‚exDlon.
1067 4045 1094 4086 at
1108 4041 1174 4090 rtur.
1185 4041 1298 4090 vudum
1315 4057 1380 4104 quo·

313 4105 379 4163 apstd
400 4113 511 4151 nuatum
536 4106 567 4151 de
591 4107 711 4152 mnarum
731 4106 827 4152 restitu-
859 4120 906 4167 que
927 4105 1071 4153 Plutsrchus
1088 4105 1137 4152 alia
1158 4119 1238 4154 aarum
1258 4107 1378 4157 collutinl
1453 4123 1459 4132 ·

314 4167 389 4218 tinne.
404 4171 469 4230 tptrd
483 4165 587 4232 juvenes
605 4169 696 4216 nobiles
715 4171 746 4215 de
764 4165 826 4216 accl-
859 4175 928 4219 Μία
943 4171 1024 4216 uadit.
1064 4168 1168 4217 um
1185 4171 1273 4218 nstra
1291 4175 1380 4221 murts

313 4233 408 4292 pieudts
426 4234 451 4279 ln
473 4237 558 4282 arten
590 4235 687 4294 rtssllsus
715 4235 825 4293 egebant.
857 4234 957 4281 alterius
976 4235 1082 4282 consulis
1103 4235 1267 4284 nmunuoe
1289 4249 1349 4284 nnn

316 4295 381 4345 utne
401 4299 489 4345 munia
503 4297 555 4355 stis,
567 4299 635 4356 quos
652 4298 753 4358 quum
771 4297 827 4343 uun
858 4299 1020 4349 mnrium
1324 4321 1327 4334 ι

314 4361 421 4415 tenente
440 4363 512 4423 legati
530 4375 583 4406 cum
603 4361 657 4407 eliis
674 4361 721 4408 alia
739 4361 824 4409 incliti·
1277 4381 1282 4388 ·
1333 4373 1337 4387 ·
