3056 4928
287 205 289 212 ‘
328 223 388 288 soc
736 218 1013 302 rrrrarvrt

163 403 298 460 nusae
322 399 433 452 ventus
453 385 497 456 ab
519 383 636 462 insciis,
652 406 744 470 quem
767 381 1003 460 interfecissent,
1023 382 1232 454 occideretur.
1277 381 1377 458 Quod

163 466 300 550 ΜΨ·
318 473 377 552 ¹ubi
402 485 470 537 est¹
495 471 632 536 Romam
656 471 850 545 nunciatum,
877 490 1076 556 nequaquam
1101 483 1225 534 tantum
1250 467 1380 554 publica

323 557 502 625 calamitate
517 557 625 622 moesti
643 555 765 634 Patres,
781 565 936 640 qnantum
961 551 1078 619 seroces
1098 555 1215 619 infelici
1239 553 1378 620 consulis

324 644 438 729 plebeii
453 643 561 719 ductu,
578 641 716 705 fremunt
730 641 877 705 omatibus
892 640 985 705 locis:
1008 643 1105 720 Irent,
1121 653 1261 706 crearent
1274 663 1380 705 consu·

324 734 367 796 les
386 753 424 794 er
437 731 536 812 plebe,
552 729 757 812 transferrent
771 729 920 810 auspicia,
937 749 994 814 qno
1009 729 1095 812 nesus
1112 739 1195 792 esset.
1242 729 1382 792 Potuisse

324 819 439 882 Patres
448 813 608 901 plebiscito
619 816 698 898 pelli
711 813 873 878 honoribus
886 814 968 878 suis:
991 817 1167 878 nuncetiam
1183 815 1216 877 iu
1232 813 1317 878 Deos
1330 815 1381 876 ἐνι-

325 903 467 966 mortales
490 901 713 984 inauspicatam
726 901 818 984 legem
833 897 988 964 valuisse?
1018 901 1193 966 Vindicasse
1207 901 1286 982 apros
1299 921 1384 963 suun

325 1009 444 1064 numen,
459 1009 514 1052 arro
536 987 684 1068 auspicia.
720 1007 768 1048 uae
788 995 821 1048 ut
836 987 968 1068 primum
983 983 1152 1050 ⁴⁰contacta
1170 987 1233 1052 sint
1246 985 1286 1048 ab
1298 1006 1346 1061 eo,
1361 1006 1383 1046 o

328 1096 386 1160 qno
401 1073 520 1158 neojur
543 1095 596 1136 nec
606 1073 668 1156 sas
679 1008 797 1156 deerit,
813 1071 939 1135 deletum
952 1093 1017 1136 nrm
1031 1075 1104 1136 duce
1118 1073 1279 1136 exercitum
1293 1073 1383 1134 doctr-
1436 1122 1439 1128 .
1483 1096 1487 1112 ·

329 1159 548 1244 mentosuisse,
564 1179 602 1222 ne
616 1159 737 1237 deinde,
752 1157 874 1222 turbato
888 1155 1049 1242 ⁴¹gentium
1053 1156 1140 1240 jure,
1156 1159 1279 1222 comitia
1293 1156 1385 1220 tace-

330 1257 447 1310 rentur.
492 1243 556 1309 His
576 1243 705 1310 vocibus
720 1242 810 1332 curia⁸
829 1254 861 1307 et
882 1239 985 1306 lorum
999 1255 1156 1328 personat.
1201 1245 1266 1326 Ap.
1288 1242 1386 1306 Clau·

332 1329 432 1415 dium,
448 1331 521 1419 quia
535 1329 722 1394 dissuaserat
734 1327 847 1416 legem,
863 1329 980 1415 majore
994 1351 1079 1394 nunc
1093 1329 1278 1395 auctoritate
1293 1349 1386 1392 even·

271 1429 279 1444 '
332 1431 400 1483 tum
420 1415 603 1503 reprehensi
626 1415 666 1480 ab
689 1439 721 1480 se
747 1411 868 1478 consilii
887 1416 1095 1495 incusantem,
1109 1415 1296 1480 dictatorem
1311 1433 1387 1478 con·

332 1526 424 1568 sensu
438 1503 642 1588 patriciorum
660 1501 809 1568 Servilius
824 1499 932 1566 consul
946 1501 1033 1580 dicit,
1049 1501 1251 1588 delectusque
1269 1512 1302 1565 et
1318 1502 1388 1585 jue

331 1591 435 1656 titium
450 1587 616 1656 indictum.

375 1675 455 1740 VII.
480 1671 667 1760 Priusquam
683 1672 818 1737 dictator
834 1671 1034 1760 legionesque
1057 1673 1201 1736 noemin
1228 1671 1390 1740 Hernicos

333 1763 486 1836 venirent,
502 1759 599 1827 ductu
622 1757 660 1824 C.
678 1758 810 1842 Sulpicii
834 1757 928 1844 legati
952 1781 1001 1822 res
1020 1781 1078 1844 per
1091 1759 1286 1824 occasionem
1301 1771 1390 1846 gesta

334 1847 460 1936 egregie
488 1859 545 1910 est.
592 1843 631 1910 In
658 1843 828 1921 Hernicos,
856 1857 956 1910 morte
977 1845 1114 1910 consulis
1138 1845 1321 1920 contemtim
1348 1843 1390 1908 ad

334 1947 440 1998 costra
454 1931 598 1996 Romanu
609 1952 680 1993 cum
692 1929 775 1994 haud
789 1929 886 1994 dubia
896 1931 1100 2016 expugnandi
1109 1953 1163 2015 spc
1178 1931 1391 2007 succedentes,

334 2019 483 2084 hortante
504 2015 620 2110 legato,
645 2027 677 2080 et
703 2013 802 2100 plenis
826 2015 884 2080 irae
908 2030 1002 2103 atque
1030 2016 1225 2104 indignitatis
1252 2016 1392 2083 militum

335 2103 461 2188 animis,
476 2101 601 2188 eruptio
615 2115 661 2166 est
675 2100 766 2166 facte.
811 2101 951 2167 Multum
968 2103 1008 2168 ab
1023 2126 1079 2188 spc
1095 2103 1228 2176 adeundi
1244 2103 1318 2168 valli
1343 2123 1393 2168 res

337 2189 500 2256 Hernicis¹
517 2187 613 2268 afuit3
640 2186 720 2254 adeo
748 2185 881 2254 turbatis
909 2187 983 2254 inde
1012 2187 1174 2254 ordinibus
1203 2189 1391 2254 abscessere.

337 2265 512 2346 Dictatoris
534 2273 648 2342 deindo
669 2272 807 2338 adventu
824 2276 1034 2340 novns'veteri
1053 2276 1212 2340 ‚exercitus
1233 2275 1392 2362 jungitur,

337 2376 369 2428 et
390 2361 495 2448 copim
521 2359 741 2446 duplicentur:
764 2372 797 2424 et
821 2381 881 2447 pro
906 2360 1059 2426 concione
1085 2361 1220 2426 dictator
1246 2361 1393 2426 laudibus

336 2448 433 2538 legati
460 2446 668 2598 militumque,
699 2468 836 2530 quorum
865 2445 980 2512 virtute
1008 2461 1108 2511 castrs
1136 2445 1263 2512 defensa
1290 2460 1392 2524 erent,

337 2534 429 2600 simul
462 2533 604 2600 audienti
630 2557 665 2596 us
697 2529 806 2599 leudes
832 2533 969 2610 meritas,
1003 2533 1087 2598 tollit
1122 2533 1260 2608 animos3
1299 2533 1394 2598 simul

336 2636 458 2687 ceteros
483 2619 521 2687 sd
548 2617 740 2684 temulandss
760 2617 890 2682 virtutes
909 2619 1005 2684 acuit.
1051 2619 1161 2706 Neque
1175 2620 1302 2705 segnius
1316 2619 1395 2696 ”sd

335 2705 440 2774 hostes
451 2703 567 2772 bellum
584 2705 766 2788 adparatus,
782 2703 847 2792 qni,
863 2718 894 2770 et
908 2703 990 2788 parti
1006 2716 1078 2770 ante
1092 2705 1214 2770 decoris
1228 2727 1395 2784 memores,

338 2815 440 2880 neque
464 2791 565 2878 ignari
589 2805 753 2854 sucturum
778 2788 891 2857 virium
917 2789 1027 2872 hostis,
1051 2815 1124 2860 sues
1156 2815 1283 2878 quoque
1312 2793 1393 2858 vires

282 2903 284 2908 ·
336 2879 480 2970 augent.'
509 2875 615 2942 Omne
646 2874 824 2940 Hernicum
857 2898 983 2957 nomen,
1010 2877 1112 2942 omnis
1143 2877 1289 2943 militaris
1318 2893 1394 2944 setas

337 2965 474 3030 excitur.
496 2961 770 3052 quadringenariae
795 2977 867 3025 ceto
889 2961 1045 3042 cohortes,
1069 2963 1151 3028 lecta
1173 2963 1290 3028 robora
1312 2966 1395 3030 virc-

337 3073 420 3127 rum,
458 3047 651 3117 scribuntur.¹
696 3047 793 3112 Hunc
828 3047 976 3112 eximium
1013 3047 1121 3116 florem
1153 3051 1330 3136 juventutis
1358 3075 1396 3116 eo

337 3130 443 3212 etieni,
460 3131 557 3228 quod,
575 3147 608 3197 ut
622 3132 741 3219 duplex
764 3133 941 3218 acciperent
961 3135 1161 3220 stipendium,
1180 3136 1395 3214 decreverant,

339 3221 405 3310 spei
434 3221 675 3308 animorumque
704 3217 872 3304 inplevere.
926 3219 1079 3286 Inmunes
1109 3245 1235 3308 quoque
1263 3245 1395 3308 operum

339 3307 523 3372 militarium
547 3321 647 3382 erant,
676 3317 721 3384 ut,
748 3305 780 3370 iu
804 3328 902 3370 unum
931 3329 1047 3393 pugnae
1070 3307 1210 3372 laborem
1235 3310 1395 3388 reservati,

339 3388 451 3480 ⁴'plus
485 3391 554 3470 sibi,
582 3414 678 3480 quam
705 3413 764 3478 pro
793 3391 874 3456 virili
904 3408 1003 3478 parte,
1033 3393 1237 3460 adnitendum
1267 3399 1395 3463 scirent.

341 3479 447 3546 Extra
469 3477 614 3544 ordinem
638 3478 730 3542 etiarn
755 3478 787 3540 in
803 3478 869 3542 acic
885 3478 988 3556 locati,
1006 3502 1070 3566 quo
1084 3481 1282 3564 conspectior
1299 3484 1397 3548 virtus

339 3581 429 3634 esset.
473 3563 586 3632 Dudm
602 3565 735 3628 millium
750 3563 902 3648 planicies
914 3577 1016 3630 cestra
1028 3563 1175 3630 Romana
1188 3566 1229 3631 ab
1246 3567 1398 3633 Hernicis

762 3755 776 3796 a
791 3757 824 3799 ne
834 3733 880 3800 uei.
892 3755 969 3802 omn.

374 3915 561 3979 dementante]
579 3917 680 3962 Pollius.
712 3915 790 3976 Sapra
807 3917 854 3966 IV.
886 3919 1207 3983 rectedleiturprcnpudr
1227 3927 1321 3968 utnon
1341 3936 1398 3970 coa·

344 3982 382 4029 16,
402 3982 457 4028 bono
475 3985 576 4026 mntactu
593 3981 675 4040 pretiis
699 3981 765 4040 regrrt
792 3995 853 4028 mer·
887 3991 932 4031 tra.

335 4045 416 4100 mett.
450 4043 734 4100 mxxrxunmttua
744 4049 855 4094 muco·
919 4045 1170 4109 ld'Plusrtliquam
1187 4064 1231 4110 pro
1250 4051 1317 4096 virili
1330 4056 1400 4112 perte

342 4109 469 4168 milegiu.
885 4111 1046 4174 cerniterrdum]
1085 4113 1142 4160 Plus
1168 4113 1213 4159 sibi
1239 4115 1401 4166 annitendum

375 4171 406 4219 41
426 4174 534 4218 murm
549 4171 618 4238 jure]
643 4171 702 4218 dure
723 4187 751 4218 uc
772 4173 853 4220 discri·
886 4189 960 4236 quam
984 4184 1103 4237 quantum
1127 4178 1152 4223 in
1175 4179 1270 4238 cingula
1293 4179 1400 4226 virorum

343 4237 410 4284 mine
420 4238 514 4298 merla
528 4245 553 4284 ct
570 4237 724 4284 familiarum.
735 4237 791 4284 Vid.
804 4245 853 4286 not.
886 4243 965 4300 capita
975 4242 1033 4290 satis
1043 4249 1120 4297 senen
1138 4255 1215 4288 uuum
1226 4243 1360 4302 quemlibet
1370 4257 1401 4290 er

344 4300 368 4348 ί.
378 4301 410 4352 ed
422 4301 467 4347 w.
479 4307 501 4347 t.
885 4319 937 4351 sese
948 4305 1023 4352 instar
1031 4307 1134 4353 duorum
1146 4305 1282 4366 pluriumve
1293 4321 1345 4356 esse
1359 4309 1401 4356 de·

376 4363 477 4414 wAt
497 4365 582 4430 toroer]
609 4366 681 4427 Apud
692 4367 780 4415 horus.
813 4365 853 4414 Ae
886 4371 947 4417 berc.
