2986 4930
420 231 512 304 tta.
540 241 563 300 1.
589 231 692 303 CAP.
720 231 864 302 XXXIV.
1132 239 1171 312 49·

93 412 121 466 et
141 401 258 491 “quse
285 405 386 472 haud
416 406 505 472 facile
532 407 579 486 iis,
604 409 636 472 in
659 407 871 493 quibusnam
895 417 972 482 erat,
999 403 1170 471 humiliora

90 490 203 554 sineret
219 515 262 556 ea
277 515 361 578 quae
376 494 579 579 innupsisset.
608 493 836 579 spernentibus
852 491 994 557 Etruscis
1009 495 1168 558 Lucumo·

88 595 157 638 nem
180 578 314 655 exsule,
333 579 460 644 advena
483 591 597 659 ortum,
612 579 694 644 ferre
715 578 935 666 indignitatem
959 600 1023 642 non
1046 579 1167 666 potuit3

7 741 8 745 Ἰ
91 661 255 750 oblitaque
272 667 436 753 ingenitae
457 689 533 748 erga
578 667 687 730 atrium
710 665 859 743 caritatis,
875 659 1167 729 dummodo'virum

9 791 11 810 .
92 745 289 815 honoratum
310 752 448 828 videret,
464 689 629 816 consilium
644 751 804 838 migrandi
818 754 858 816 ab
874 749 1060 838 Tarquiniis
1074 751 1167 837 cepit.

96 833 199 898 Roma
220 850 274 902 est
296 839 338 902 ad
363 839 396 901 id
422 840 614 922 potissimum
632 839 708 903 visa.
732 841 763 900 in
779 859 862 902 noso
881 837 1012 924 populo,
1028 838 1083 901 ubi
1098 859 1168 903 oru-

96 921 143 983 nis
164 925 345 1008 repentina
366 939 463 1010 atque
477 947 517 988 ex
531 925 646 988 virtute
668 924 815 988 nobilitas
830 925 879 1001 sit,
895 924 1036 989 futurum
1060 923 1167 989 locum

23 1037 27 1087 t
98 1005 169 1072 lorti
191 1032 231 1073 ac
252 1023 393 1074 strenuo
415 1011 502 1074 viro:
526 1033 671 1099 regnasse
690 1009 820 1074 Tatium
842 1010 1016 1076 Sabinum:
1038 1011 1168 1075 arcessi-

101 1105 167 1158 tum
192 1096 226 1158 in
252 1118 395 1184 regnum
421 1097 562 1161 Numam
586 1120 604 1160 a
632 1097 789 1162 Curibus:
813 1110 845 1161 et
864 1097 989 1162 Ancum
1010 1095 1168 1162 “Sabina

104 1193 200 1245 matre
211 1196 335 1260 ortum,
351 1181 591 1270 ⁵⁷nobilemque
605 1205 668 1247 uua
680 1183 817 1271 imagine
833 1183 948 1246 Numae
959 1205 1038 1248 esse.
1062 1183 1167 1248 Facile

103 1268 283 1347 persuadet,
311 1282 348 1333 ut
367 1269 488 1353 cupido
502 1269 671 1349 bonorum,
694 1281 725 1334 et
750 1271 801 1334 cui
828 1268 997 1355 Tarquinii
1022 1283 1167 1334 materna
1251 1303 1255 1309 ·

105 1365 225 1418 tuntum
240 1356 348 1441 patria
362 1367 455 1420 esset.
480 1354 617 1420 Sublatis
638 1356 743 1441 itaque
760 1355 854 1420 rebus
869 1355 1079 1442 commigrant
1096 1356 1164 1421 Ro-

106 1459 197 1504 mam.
245 1443 298 1506 Ad
321 1441 504 1507 ianiculum
531 1441 612 1506 forte
633 1457 760 1506 ventum
785 1453 862 1506 emt.
883 1441 928 1504 ibi
952 1443 990 1518 ei,
1013 1453 1166 1527 carpento
1237 1443 1243 1452 '

106 1525 221 1590 sedenti
248 1549 322 1591 cum
349 1550 462 1604 uxore,
485 1529 598 1614 aquila,
622 1528 777 1612 suspensis
801 1528 935 1592 demissa
959 1527 1072 1592 leniter
1095 1528 1163 1607 alis,

105 1611 220 1694 pileum
246 1613 367 1678 aufert:
391 1635 546 1701 superque
568 1627 750 1700 carpentum
777 1636 848 1678 cum
875 1635 993 1700 magno
1011 1613 1166 1702 ,clangore

105 1697 248 1777 volitans,
263 1717 383 1779 rursus,
399 1701 487 1765 velut
506 1701 678 1766 ministerio
691 1700 841 1766 divinitus
862 1701 965 1779 missa,
981 1701 1077 1788 capiti
1093 1713 1166 1786 apte

105 1787 240 1870 reponit.
265 1786 340 1852 inde
361 1786 503 1851 sublimis
523 1787 613 1853 abiit.
658 1787 825 1872 Accepisse
846 1787 877 1852 id
901 1789 1070 1876 augurium
1092 1787 1166 1854 licta

105 1869 220 1936 dicitur
234 1872 404 1960 Tanaquil,
420 1874 530 1981 perita,
546 1885 582 1938 ut
598 1872 692 1962 vulgo
707 1870 843 1950 Etrusci,
859 1874 1035 1938 coelestium
1054 1875 1165 1959 prodi-

126 1959 229 2022 'orum
245 1959 369 2025 mulier.
410 1959 542 2024 laxcelsa
557 1972 589 2024 et
602 1960 664 2025 alta
680 1981 804 2044 sperare
818 1959 985 2044 complexa
999 1962 1100 2025 virum
1111 1963 1165 2049 ju·

186 2043 291 2108 “eam
308 2047 417 2110 alitem
432 2067 470 2110 ea
489 2067 523 2110 re
547 2045 619 2110 ioue
638 2045 712 2110 coeli
728 2058 760 2110 et
780 2048 846 2132 ejus
861 2047 925 2112 Dei
945 2049 1096 2112 nunciam
1111 2071 1166 2113 ve·

105 2130 195 2196 nisse.
218 2131 304 2196 circa
319 2153 479 2196 summum
493 2069 618 2198 cuimen
632 2132 770 2197 hominis
787 2133 960 2218 auspicium
977 2133 1097 2200 feoisse.
1120 2133 1165 2200 la-

106 2235 190 2281 rasse
213 2217 356 2282 humano
382 2220 612 2303 superpositum
636 2219 732 2304 capiti
757 2218 864 2299 decus,
887 2232 924 2283 ut
944 2220 1095 2286 divinitus
1120 2222 1164 2286 ei·

19 2309 20 2316 ’
105 2301 174 2366 dem
190 2303 348 2369 redderet.
396 2305 467 2368 Has
489 2325 558 2389 spes
579 2325 616 2368 co
641 2307 846 2390 itatiouesque
860 2327 967 2370 secum
989 2319 1163 2392 portantes,

106 2387 214 2453 nrbeni
237 2389 369 2516 ingressi
392 2404 482 2467 suut;
504 2328 726 2477 domic'dioque
747 2391 791 2456 ibi
814 2405 1007 2476 comparato,
1027 2392 1066 2457 L.
1081 2391 1115 2458 T
1115 2415 1165 2456 ar·

105 2476 246 2560 quinium
300 2477 447 2542 Priscum
470 2476 596 2542 edidero
619 2489 764 2542 nomen⁸.
808 2477 1022 2542 elRomanisb
1039 2479 1164 2564 conspi-

221 2599 507 2648 uomendmczev.
668 2597 984 2648 bJametitonnatsGron.
997 2599 1066 2646 Crev.

134 2695 168 2741 55
185 2693 242 2750 erae
262 2697 326 2744 baud
344 2697 432 2761 sutile]
465 2698 526 2752 Qum
552 2699 618 2746 baud
649 2697 732 2744 nobiles
748 2695 957 2756 nuncupabantur.
991 2696 1058 2743 Hinc
1077 2695 1164 2757 imagi·

104 2771 173 2820 aquo
189 2762 271 2808 ammo
288 2767 416 2822 pateretur
434 2775 488 2808 earu
507 2764 617 2817 domum,
650 2775 693 2809 nes
713 2775 757 2822 pro
775 2760 907 2808 nobilitate.
940 2760 1006 2814 Quid
1027 2761 1058 2808 sit
1080 2767 1164 2808 autem

103 2823 127 2869 in
142 2837 218 2884 qum
235 2827 349 2874 nubendo
366 2827 504 2885 transierat,
519 2827 619 2874 bumili-
650 2827 741 2874 curulis
756 2824 921 2886 magistratus,
934 2827 984 2874 vid.
998 2826 1023 2872 iu
1038 2833 1088 2873 not
1099 2827 1131 2874 ad
1142 2840 1164 2876 c.
1211 2831 1214 2838 “

103 2899 270 2936 meuses
286 2892 351 2938 unde
368 2897 423 2938 orta
435 2897 494 2937 mat
526 2893 618 2938 Grono·
650 2888 761 2939 num

102 2952 154 2998 rires
177 2965 206 3000 ex
227 2955 362 3002 certissima
384 2953 523 3014 conlectura
542 2952 616 3017 jussit
681 2951 713 3003 53
728 2953 808 3002 Eum.
823 2966 885 3002 .ca.
902 2953 981 3017 .ejus]
999 2955 1047 3002 Per
1063 2955 1163 3016 epIpbo·

102 3015 149 3076 legi
165 3031 214 3078 qua
231 3015 380 3079 innupsisset,
397 3031 475 3080 quum
491 3021 558 3080 prius
573 3019 615 3066 ba·
648 3030 727 3067 neura.
767 3013 860 3079 Magna
892 3019 926 3064 illi
958 3021 1078 3079 portendi,
1112 3021 1163 3068 sive

103 3081 198 3128 baetin
208 3097 278 3142 mam
290 3085 436 3145 besprim.
647 3090 796 3144 spectaretur
807 3097 835 3130 ea
851 3084 900 3130 ales
911 3097 967 3144 quae
982 3085 1117 3146 auspicium
1127 3085 1163 3131 se·

131 3145 166 3192 ⁵6
179 3145 267 3194 anana
277 3147 364 3211 matre]
377 3147 519 3196 Perizonius
530 3148 614 3195 Anlm.
647 3149 729 3206 simet,
741 3149 792 3195 sire
807 3161 836 3194 ea
852 3149 918 3210 regio
934 3149 987 3194 ooeii
1001 3150 1066 3196 unde
1083 3149 1163 3195 venis·

102 3207 166 3256 tusc
183 3224 205 3257 c.
227 3209 251 3258 8.
274 3213 324 3271 legi
338 3209 410 3274 jubet
430 3211 514 3259 Sabim
529 3218 614 3272 patre.-
647 3223 694 3269 set,
707 3213 758 3259 sive
774 3214 795 3258 is
810 3214 879 3268 deus,
892 3226 980 3274 nempe
994 3213 1101 3273 Jupiter,
1118 3228 1161 3261 cu·

100 3287 175 3334 quum
192 3274 282 3322 Sabina
297 3283 377 3323 mater
392 3272 465 3338 objici
482 3277 551 3325 Anco
567 3291 615 3324 non
643 3273 686 3340 jus
696 3278 786 3324 nuncia
793 3285 866 3325 esset.

100 3340 183 3398 ponit,
198 3345 229 3386 ut
246 3353 302 3399 que
316 3341 380 3402 regis
400 3340 492 3388 Numae
512 3343 560 3389 fllia
579 3341 616 3388 ln·
679 3342 711 3389 59
728 3341 851 3406 Priscum]
893 3342 1005 3403 Sigonius
1037 3341 1160 3388 existimat

98 3409 196 3463 gustem
207 3405 378 3451 claritudinem
397 3406 447 3452 illio
461 3407 614 3462 conciliarent
647 3406 774 3454 delendam
796 3419 849 3451 esse
868 3407 931 3453 banc
954 3419 1045 3452 vocem.
1078 3405 1161 3466 ionga

98 3469 304 3526 Μωοᾶιιω
328 3470 374 3515 hoc
393 3471 446 3530 ipso
465 3472 517 3517 loco
535 3472 614 3519 Tana-
648 3473 713 3518 enim
728 3469 882 3516 verisimilius
899 3485 951 3516 esse
970 3475 1040 3530 putat
1057 3469 1160 3528 Tarqui-

98 3533 149 3591 quii
175 3533 286 3593 agnoscit
305 3533 344 3578 his
366 3535 456 3589 verbis,
478 3536 616 3593 nobilemque
647 3537 717 3582 nium
728 3547 777 3581 non
793 3536 992 3595 cognominatum
1008 3535 1082 3580 fuisse
1099 3534 1161 3580 Pris-

99 3609 146 3641 sas
160 3598 267 3656 longine
277 3595 368 3644 ΝΜ
382 3613 437 3645 esre.
470 3599 559 3647 Contra
574 3599 617 3646 Sa·
647 3613 714 3653 cum.
727 3600 773 3646 nisi
788 3599 874 3645 multis
888 3607 943 3660 post
960 3599 1039 3652 annis,
1051 3605 1079 3646 ut
1089 3611 1105 3643 ι
1116 3598 1160 3646 Su·

99 3659 169 3707 tium
185 3667 257 3721 pater
271 3665 336 3707 recte
352 3659 425 3724 objici
440 3663 509 3710 Anco
527 3670 614 3726 potest,
647 3665 730 3724 perbo,
743 3665 786 3723 qui
804 3664 889 3710 codem
907 3665 1005 3710 nomine
1020 3675 1048 3709 ac
1066 3677 1160 3724 praeno-

16 3732 18 3753 i
98 3723 172 3771 hmo
188 3725 341 3786 pereginus,
361 3741 405 3774 nec
425 3726 475 3773 ulla
490 3743 516 3775 re
533 3737 613 3783 notus,
647 3729 713 3775 minc
728 3735 788 3782 erat,
800 3727 995 3788 distingueretur.
1029 3729 1110 3786 Atque
1125 3728 1160 3774 ita

99 3795 260 3849 pretaquam
275 3803 388 3838 succum
400 3791 616 3852 Pompiliamatri·
646 3799 728 3838 censet
744 3793 816 3839 Dion.
833 3791 850 3838 l.
868 3791 913 3837 1v.
948 3791 1010 3838 liam
1026 3804 1108 3838 vocem
1129 3792 1164 3838 nb¹

18 3876 20 3900 r
99 3853 185 3900 mdo.
220 3853 293 3901 Unde
309 3853 400 3902 Seneca
418 3855 464 3916 Ep.
483 3857 534 3904 loa
552 3857 613 3905 Anci
646 3855 1161 3904 unoeMSS.suisabessetoststuriiesr·

21 3971 22 3977 ἵ
96 3919 266 3974 mullas:
283 3919 557 3979 Nsmnepostturur.
646 3921 708 3967 nius.

131 3979 162 4028 51
179 3981 407 4032 Naaman
429 3983 542 4051 imagine]
575 3985 614 4033 Ex
678 3983 1164 4045 60Jamciliomanls...etiprequo‹
1231 3983 1232 3986 ’

102 4047 149 4090 saio
162 4061 208 4093 sro
218 4045 303 4096 Nonas
319 4049 491 4097 claritudinem
507 4063 534 4097 sc
545 4053 614 4097 nobi·
646 4050 700 4113 qne]
717 4051 824 4098 voculas
836 4051 890 4110 jam
905 4053 936 4106 et,
947 4061 975 4095 sc
992 4061 1077 4110 qaoque
1091 4049 1158 4108 igno·

27 4120 28 4123 ’
103 4107 191 4159 liutem
211 4113 315 4163 ermae.
349 4113 476 4175 imagines
493 4111 612 4177 majorum
646 4121 684 4160 rat
694 4116 812 4162 Andreas.
846 4112 893 4158 Eas
904 4113 988 4159 itidem
997 4114 1162 4159 abesseassx·

104 4185 194 4222 uorum
217 4177 243 4224 in
270 4177 405 4226 celebriore
433 4178 519 4224 domus
545 4185 613 4240 pasta
645 4180 793 4225 membranis
804 4183 829 4224 et
842 4177 927 4236 primis
939 4177 1083 4223 editionibus
1095 4178 1159 4222 affir-

106 4244 245 4291 munau
272 4243 400 4292 Romanis
426 4255 475 4286 non
503 4245 613 4290 omnium
645 4251 697 4290 mat
713 4243 855 4290 Gronovius.
891 4241 943 4288 Nec
959 4248 1092 4302 agnoscunt
1109 4246 1168 4286 tres*

105 4305 183 4363 limen,
198 4311 240 4358 sed
259 4323 350 4358 eorum
370 4307 416 4367 qut
434 4309 543 4356 curulem
560 4321 612 4355 ma·
645 4309 759 4354 enormis
770 4307 864 4368 optimi.
898 4305 931 4352 lit
941 4307 999 4366 quid
1010 4305 1043 4351 iis
1051 4305 1130 4366 opus?

98 4369 214 4430 citaturum
232 4377 382 4442 mneos,
400 4383 506 4430 quorum
524 4375 613 4434 posteri

132 4459 196 4508 voi.
211 4465 235 4510 1.
681 4455 704 4498 Ε
