3056 4928
434 239 526 298 LlB.
551 237 636 298 Vlll.
666 237 770 298 CAP.
792 239 840 306 X,-
1060 259 1062 266 ·
1111 233 1166 296 ‘iil

112 409 227 463 mm
241 395 304 463 coll
374 407 378 413 ’
421 419 509 476 ¹utrm,
526 413 561 465 ut
575 398 760 486 jussisque
778 401 858 475 erst3
873 395 1010 462 lacrimis
1030 415 1096 462 non
1110 395 1312 466 uri-umus

110 505 175 548 nm
200 505 297 570 quam
305 419 472 550 efflas
499 485 614 550 debitis
638 497 821 572 prosecutus
843 497 907 549 tam
930 481 1168 548 memorabilem
1177 485 1208 530 Α·
1219 481 1245 530 ⁰·
1256 479 1313 532 ⁸⁷·

110 585 250 636 mortem
273 583 370 647 essem
394 571 566 658 paullisper
591 571 800 652 addubitavit,
816 593 857 635 aa
871 567 1083 656 consurgendi
1101 571 1168 656 jam

112 656 228 720 triariis
243 669 370 741 tempus
383 671 480 722 esset:
502 657 627 734 deinde,
643 657 754 722 melius
779 663 866 722 ratus
891 655 1031 743 integros
1054 673 1107 718 eos
1128 655 1169 722 ad

112 741 260 808 ultimum
275 741 442 808 discrimen
458 745 585 821 servari,
600 744 752 808 adcensos
766 743 807 808 ab
820 742 991 808 norissima
1009 739 1078 806 scie
1095 754 1170 808 aute

112 827 204 916 signa
226 829 398 914 procedere
417 829 519 914 juben
564 829 631 906 Qui
646 831 699 895 nbi
716 830 852 917 subiere,
871 826 1034 912 extemplo
1051 827 1168 906 latini,

111 927 274 998 temqusm
301 915 383 980 idem
408 917 576 982 adversarii
598 915 753 992 fecissent,
770 917 893 981 trierim
914 937 989 980 suos
1011 915 1171 979 excitave-

111 1014 208 1066 runt:
231 1001 287 1086 qni
302 1001 493 1086 sliqnsmdiu
513 1023 621 1090 pugne
641 1003 741 1068 atroci
756 1023 853 1088 quum
868 1015 900 1066 et
911 1013 1011 1066 semet
1024 999 1085 1085 ipsi
1099 999 1170 1066 fart-

109 1099 252 1172 gasscnt,
266 1100 298 1151 et
319 1087 424 1152 hastas
447 1103 501 1154 aut
525 1087 639 1174 prael're
662 1089 766 1166 issent,
793 1101 849 1152 aut
875 1088 1080 1162 hebetassent,
1103 1087 1170 1171 pel·

111 1175 213 1238 terent
223 1175 254 1236 ri
269 1185 374 1240 tumen
388 1173 521 1250 hostem,
542 1113 736 1240 debeliatam
750 1177 819 1260 jam
834 1175 905 1250 reti,
919 1185 1171 1258 perventumque

107 1257 151 1324 ad
167 1271 344 1324 extremam
365 1259 482 1336 sciem3
505 1276 571 1326 tum
595 1261 706 1326 consul
731 1261 856 1335 triariis,
881 1261 1060 1344 Conmrgite
1079 1279 1167 1338 nnnc,

109 1343 226 1443 inqrrit,
241 1347 352 1432 integri
365 1345 623 1447 ndaerrursessos,
639 1367 782 1412 memoror
794 1347 904 1448 petrioe
915 1354 1127 1448 parentumque
1140 1356 1170 1410 er

106 1433 1287 1604 ttgtltilmtnttlztiittltitttrtttim

107 1602 259 1686 gentibus
281 1603 386 1684 ermis,
401 1625 482 1670 nova
496 1627 537 1670 ex
553 1605 715 1690 inproviso
738 1617 851 1670 exortu
871 1605 964 1680 acies,
985 1603 1118 1688 receptis
1133 1595 1290 1668 in¹³⁰¹¹³¹¹¹l

107 1688 276 1754 intervella
300 1691 450 1756 ordinum
471 1691 667 1776 antepilanis,
683 1691 821 1774 pleniore
837 1689 962 1756 sublato
975 1689 1168 1775 ”principia

109 1775 300 1840 Latinorum
311 1777 512 1862 perturbent.
521 1775 678 1865 hastisque
691 1801 749 1844 ore
758 1777 922 1854 fodiemes,
934 1777 1039 1862 primo
1053 1776 1168 1842 robore

109 1861 250 1928 virorum
276 1881 371 1944 creso,
396 1885 453 1949 per
477 1862 556 1928 alios
582 1865 770 1950 manipulos,
786 1863 870 1928 velut
898 1863 1043 1940 inermes,
1067 1883 1168 1948 prope

108 1947 223 2012 intacti
249 1969 392 2026 erassre3
422 1963 573 2052 tantaque
595 1951 682 2016 caede
708 1971 879 2036 perrupere
903 1971 1029 2026 euneos,
1055 1951 1168 2014 utrix

105 2039 638 2206 tltttttltttttt
652 2037 807 2198 ltili
830 2038 1169 2207 pitrstrlttt

110 2205 245 2272 Latinis.
291 2207 440 2272 Ceterum
462 2208 546 2274 inter
567 2230 677 2274 omnes
699 2207 1169 2295 cives⁷⁴sociosquepraecipua

108 2293 179 2358 laus
192 2294 261 2380 ejus
276 2292 349 2358 belli
366 2315 461 2379 penes
481 2298 626 2360 consules
640 2295 716 2360 fuitr
740 2317 875 2381 quorum
891 2293 971 2359 alter
984 2311 1095 2358 omnes
1107 2293 1168 2356 mi-

108 2401 166 2444 nas
179 2379 383 2466 periculaque
396 2380 438 2445 nb
452 2381 525 2446 Diis
547 2382 669 2467 superis
691 2380 860 2468 inferisque
879 2380 912 2444 in
931 2402 965 2444 se
983 2389 1083 2443 unum
1098 2399 1168 2442 ver·

108 2465 166 2532 tit:
190 2465 270 2530 alter
285 2487 323 2530 ec
338 2467 450 2532 virtute
462 2487 569 2552 eoque
591 2465 724 2532 consilio
746 2469 780 2530 in
805 2465 919 2552 pruelio
943 2465 1012 2540 fuit,
1029 2476 1064 2529 ut
1078 2463 1167 2530 isoils

105 2552 292 2618 convenerit
312 2553 395 2618 inter
412 2553 573 2618 Romanos
591 2553 795 2639 Latinosque,
811 2553 866 2638 qui
881 2554 947 2616 e'us
985 2571 1080 2639 ugnss
1096 2571 1161 2614 me·

108 2639 243 2704 morium
263 2638 397 2722 posterla
423 2639 634 2720 tradiderunt,
651 2640 750 2705 utrius
768 2639 868 2724 partie
882 2575 924 2702 'l'.
982 2635 1084 2702 nulius
1098 2635 1166 2700 dux

106 2723 227 2802 fuisset,
243 2727 309 2811 ejus
331 2725 470 2790 intutam
495 2726 580 2791 baud
606 2725 702 2791 dubie
725 2725 819 2790 fuisse
841 2725 1014 2800 victorium
1060 2722 1167 2788 Latini

105 2809 695 2897 exfugaseMinturnsscontulerunt.
717 2826 820 2879 cestra
830 2810 1004 2877 seeundum
1015 2807 1168 2893 proelium

106 2914 210 2982 cepte,
235 2897 389 2984 multique
412 2898 559 2962 mortales
581 2899 625 2962 ibi
652 2899 713 2962 viri
735 2899 885 2986 obpressi,
911 2896 1047 2960 maxime
1070 2895 1165 2958 Cam-

105 2983 193 3066 psui.
239 2984 331 3048 Decii
347 3005 463 3070 corpus
487 3005 589 3048 neco
613 2984 665 3049 die
690 2985 892 3061 inveniretur,
909 3005 974 3049 nox
988 2993 1166 3068 quaerentes

107 3069 275 3153 obpressit.
297 3083 424 3154 postero
453 3070 505 3134 die
530 3072 692 3136 inuentum
721 3071 803 3135 inter
830 3070 1000 3135 maximam
1024 3065 1163 3132 hostium

104 3167 256 3244 stregem,
275 3170 461 3241 coopertum
477 3156 562 3232 telis3
584 3155 740 3244 funusque
754 3158 781 3222 ei
797 3155 973 3239 par'morti,
988 3153 1166 3220 celebrante

106 3241 169 3306 coll
255 3241 372 3308 iactum
388 3255 445 3308 est.
488 3241 572 3308 Illud
596 3243 807 3329 adjiciendum
823 3243 956 3319 videtur,
980 3241 1074 3306 licere
1088 3259 1164 3303 eon·

106 3265 390 3416 suliediblatoriqne
412 3343 443 3392 et
465 3329 604 3412 praetori,
620 3351 717 3415 quum
743 3330 882 3416 legiones
906 3319 1052 3392 hostium
1070 3324 1164 3391 devo-
1175 3335 1289 3384 nerono-

108 3427 189 3491 veat,
206 3435 271 3480 non
294 3417 406 3501 utique
432 3437 475 3490 se,
490 3413 545 3480 sed
568 3437 661 3501 quern
689 3416 763 3480 velit
786 3437 827 3479 ex
840 3413 866 3458 ⁷⁵
875 3414 1000 3502 legione
1017 3414 1165 3477 Romans
1174 3413 1235 3448 “¹¹¹⁰
1246 3402 1319 3464 ΙΨ·

106 3501 224 3586 scripta
234 3500 347 3579 civem,
359 3502 531 3566 devovere:
555 3501 581 3564 si
592 3503 618 3564 is
632 3500 739 3577 bomo,
751 3501 806 3586 qui
815 3501 944 3564 devotus
953 3511 1010 3576 est,
1019 3498 1166 3580 moritur,

104 3589 208 3671 probe
222 3585 338 3652 factum
354 3586 470 3652 rideri:
494 3585 527 3650 ui
541 3588 687 3668 moritur,
702 3602 769 3651 tum
785 3586 909 3672 signum
933 3597 1052 3669 septem
1068 3583 1166 3669 pedes

107 3671 220 3750 altum,
237 3687 293 3738 aut
312 3674 422 3759 majus,
447 3673 480 3736 ia
505 3683 620 3736 terrem
646 3669 765 3752 defodi,
778 3687 811 3737 et
824 3671 850 3716 ⁷⁶
860 3671 1018 3755 piaculum
1043 3667 1167 3734 bostiat

106 3758 199 3824 caedi,
245 3758 311 3824 Ubi
341 3758 421 3824 illud
446 3759 570 3846 signum
600 3756 757 3824 defossum
787 3759 857 3834 erit,
879 3779 918 3822 eo
945 3754 1167 3843 magistratum

109 3845 291 3910 Romanum
311 3844 479 3910 escendere
498 3843 544 3909 sas
558 3865 626 3910 non
639 3867 716 3910 esse.
740 3844 797 3912 Sin
810 3857 918 3909 aulem
933 3863 999 3914 sese
1014 3841 1168 3906 devovere

537 3967 551 4008 7
560 3965 659 4012 baetim
668 3965 739 4014 Cres.

138 4063 172 4112 73
188 4059 314 4122 Prinna
337 4059 490 4124 balsamis]
510 4059 621 4110 Primam
652 4062 762 4110 mbimrii
772 4068 797 4108 et
807 4059 961 4108 tumultuarii
971 4059 1069 4106 militer.

104 4129 191 4176 eciem.
686 4125 717 4173 'ld
740 4125 866 4172 Piaculum
892 4125 991 4171 baetim
1022 4120 1091 4185 cedi]
1124 4119 1164 4168 ste

137 4192 169 4240 74
184 4189 557 4254 SurbrISamaitmdequtbus
567 4203 620 4238 mu·
652 4190 789 4250 complures
817 4189 919 4250 scriptos
946 4188 1034 4234 hebere
1059 4187 1165 4232 nffirmst

103 4255 243 4304 dedictum
253 4253 425 4314 subintellige.
652 4255 794 4301 Gronovius.
840 4253 903 4300 Credi
926 4252 1034 4306 mntem,
1055 4263 1111 4311 quse
1132 4247 1165 4294 sit

137 4320 168 4369 76
184 4319 288 4392 &glou
307 4315 413 4366 nomm
436 4317 535 4382 mide]
561 4315 619 4366 For·
646 4317 775 4380 Μαι.
810 4317 936 4368 llaetmrus
946 4315 1148 4364 edebaturnortm·

104 4391 170 4433 tane
184 4383 300 4446 sdchitur
313 4381 409 4442 murts,
421 4381 620 4432 intercludamus
