3008 4908
331 239 388 298 ere
655 246 661 252 ·
722 231 833 292 trrr
862 231 996 291 trvrr
1040 189 1046 198 ’

172 415 201 463 tt.
213 414 241 466 t.
251 412 308 462 tua
330 409 398 462 tere
411 395 541 470 diceret,
558 413 617 458 net
632 417 665 458 se
678 394 775 460 ullam
785 415 882 480 opem
898 415 1026 458 cernere
1040 394 1134 458 aliem
1146 416 1294 479 usquam,
1311 414 1396 479 pne·

170 477 308 528 Mim-
333 497 475 566 terquam
503 484 534 544 in
558 481 728 545 tribunicio
750 481 881 545 auxilio.
905 481 936 543 in
959 482 1024 566 ejus
1043 482 1207 566 potestatis
1221 481 1317 546 fidem
1333 481 1396 546 cir-

317 583 532 634 cumventam
554 567 795 652 rempublicam,
811 581 972 652 tamquam
986 569 1145 652 privatum
1162 569 1302 653 inopem,
1318 589 1392 632 con·

331 655 450 742 fugere.
497 653 691 718 Praeclarum
717 653 792 736 ipsis
817 653 1028 739 potestatique
1048 677 1126 733 esse,
1142 677 1205 718 non
1222 655 1261 718 sd
1277 673 1397 718 vexen-

332 742 408 806 dum
436 752 577 805 senatum
604 739 858 825 discordiamque
883 739 1032 803 ordinum
1058 742 1245 804 movendam
1267 739 1341 826 plus
1363 741 1396 804 in

334 827 497 892 tribunatu
512 825 626 890 virium
646 849 722 903 esse,
738 849 832 912 quem
856 827 897 890 ad
920 827 1128 890 resistendum
1144 827 1286 909 inprobis
1301 825 1398 890 culle-

332 915 392 1001 gis.
439 914 596 978 Fremitus
607 912 726 977 deinde
740 913 877 978 universi
891 925 1017 977 senatus
1031 927 1129 990 ortus,
1146 935 1243 999 quum
1266 935 1306 978 ex
1329 935 1399 976 om-

334 1001 428 1066 nibus
455 1001 598 1085 partibus
623 1000 721 1064 curiae
745 1000 862 1064 tribuni
892 999 1147 1083 adpellarentnrr
1170 1015 1247 1078 tum,
1273 999 1400 1064 silentio

335 1088 427 1162 iacto,
443 1089 477 1162 ir,
492 1088 545 1172 qui
558 1087 728 1171 praeparati
744 1099 834 1150 erant
855 1087 959 1174 gretia
981 1087 1173 1171 principum,
1188 1107 1282 1172 quem
1304 1107 1400 1172 rogn-

334 1173 452 1240 tiouem
468 1197 489 1238 n
502 1172 630 1260 collegis
644 1173 877 1260 promulgatam
899 1186 1025 1237 senatus
1045 1186 1173 1237 censent
1188 1171 1402 1238 dissolvendae

334 1260 521 1346 reipublicae
536 1281 611 1336 esse,
628 1259 656 1321 ei
679 1281 713 1322 se
735 1259 960 1323 intercessuros
980 1260 1160 1324 ostendunt.
1205 1258 1332 1324 Gratiae
1353 1259 1402 1322 in·

335 1347 560 1412 percussoribus
574 1346 615 1409 eb
630 1359 739 1408 senatu
753 1359 844 1410 actae.
891 1345 1023 1408 Latores
1046 1347 1229 1434 rogationis,
1244 1345 1403 1410 concione

335 1433 501 1512 advocata,
515 1433 693 1517 proditores
718 1431 818 1516 plebis
839 1429 1078 1494 commodorum
1100 1454 1139 1496 ec
1160 1453 1265 1496 servos
1285 1453 1402 1496 corsu-

335 1520 450 1586 larium
465 1517 671 1602 adpellantes,
682 1517 805 1604 aliaque
819 1517 902 1580 truci
916 1520 1059 1582 oratione
1074 1520 1104 1582 in
1121 1517 1256 1606 collegae
1271 1518 1401 1595 invecti,

336 1606 493 1671 senonem
507 1603 690 1688 deputem.

176 1699 311 1750 uentu-
381 1691 511 1756 xttx.
533 1690 634 1754 ⁹Duo
656 1688 790 1754 adsidue
806 1688 891 1753 bella
915 1689 1083 1776 insequens
1104 1711 1206 1754 annus
1227 1689 1403 1768 habuisset,

174 1763 321 1880 &m
338 1801 403 1864 quo
428 1777 466 1843 P.
483 1777 651 1842 Cornelius
675 1777 803 1852 Cisseus,
821 1775 857 1839 C.
876 1775 1021 1840 Valerius
1044 1775 1259 1854 Potitus,'Q.¹
1275 1776 1403 1853 Quinc-

175 1861 400 1948 u'e.tr.nttt⁹il¹¹¹
431 1863 650 1938 Cincinnatus,
680 1865 721 1927 N.
753 1862 871 1927 Fabius
901 1859 1088 1940 Vibulanus,
1114 1863 1233 1930 tribuni
1264 1863 1404 1930 militnm

338 1949 495 2015 consulari
510 1961 665 2034 potestate
677 1947 821 2024 lirernnt3
843 1948 877 2012 ni
894 1948 1009 2013 Veiens
1023 1948 1138 2014 bellum
1152 1949 1265 2038 religio
1279 1949 1405 2036 ¹⁰pn'n-

338 2037 445 2122 cipum
472 2035 651 2112 distulisset,
666 2053 800 2122 qnorum
824 2055 917 2121 egros
938 2034 1075 2112 Tiberis,
1099 2057 1193 2118 super
1214 2036 1302 2122 ripas
1324 2037 1405 2102 effu-

178 2149 265 2196 ttotnn
340 2145 405 2203 eus,
420 2123 559 2188 maxime
579 2121 679 2185 ruinis
698 2121 845 2186 villarum
860 2121 1003 2187 vastavit.
1048 2122 1150 2188 Simul
1164 2121 1291 2208 AEquos
1304 2125 1406 2187 trien·

177 2214 243 2260 vrett
342 2211 396 2275 nio
410 2221 484 2275 ente
502 2221 633 2293 accepta
658 2207 762 2272 clades
784 2206 948 2291 prohibuit
973 2206 1129 2286 Bolanis·,
1145 2227 1211 2273 snm
1225 2210 1332 2296 gentis
1346 2231 1406 2295 po-

340 2295 426 2379 pulo,
443 2295 626 2380 prtesidium
637 2293 729 2359 ferre.
753 2292 968 2358 Excursiones
978 2294 1054 2358 inde
1067 2295 1101 2358 in
1115 2296 1273 2360 confinem
1288 2317 1405 2382 agrum

325 2382 536 2448 ,Laricenum
560 2381 653 2446 fectae
679 2395 779 2456 erant,
803 2380 954 2466 novisque
975 2381 1094 2445 colonis
1117 2380 1233 2445 bellum
1256 2382 1405 2448 inlatum.

334 2493 434 2556 quem
444 2466 1016 2549 noxamqulrmseconsensuomniom
1025 2467 1206 2554 AEquorm
1217 2467 1407 2534 defensuros

336 2553 527 2642 sperassent,
543 2556 659 2620 deserti
673 2553 713 2618 nb
728 2554 803 2631 suis,
819 2575 859 2616 ne
873 2553 1068 2618 memorabili
1091 2554 1218 2640 quidem
1234 2553 1333 2633 bello,
1349 2578 1407 2642 per

338 2643 535 2708 obsidionem
548 2641 712 2726 levemque
723 2661 815 2704 onem
828 2660 968 2726 pugnam
979 2653 1013 2704 et
1024 2641 1177 2725 oppidum
1190 2654 1226 2704 et·
1235 2641 1316 2706 lines
1328 2645 1408 2708 ami-

339 2751 416 2794 sere.
440 2729 463 2768 ¹¹
477 2727 649 2792 Tentetum
664 2729 704 2789 ab
717 2726 754 2789 L.
768 2725 878 2790 Sextio
888 2725 1017 2790 tribuno
1026 2725 1140 2810 plebis,
1158 2739 1192 2791 ut
1205 2729 1407 2816 rogationem

338 2815 446 2891 terret,
473 2837 535 2900 que
561 2813 677 2876 Bolas·
697 2833 834 2898 quoque,
850 2812 931 2876 sicut
955 2813 1100 2890 Lericos,
1114 2814 1219 2878 coloni
1242 2814 1408 2880 mitteren-

341 2915 403 2977 tur,
420 2923 477 2985 per
491 2897 744 2964 intercessionem
760 2898 966 2984 collegarum,
980 2901 1034 2984 qui
1049 2899 1171 2963 nullum
1193 2900 1409 2984 plebiscitum,

341 2988 460 3052 nisiex
476 2986 662 3060 auctoritate
676 2999 815 3065 senatus,
830 3005 979 3069 passuros
993 3007 1026 3048 se
1039 2985 1172 3070 perferri
1187 2988 1410 3065 ostenderunt,

342 3073 517 3138 discussum
543 3084 599 3135 est.
645 3069 939 3157 Bolis'insequent'e
959 3091 1045 3137 anno
1067 3074 1211 3156 receptis,
1228 3071 1410 3160 AEqui‚oo·

339 3159 493 3244 ioniaque
506 3179 545 3222 eo
563 3157 710 3234 deducta,
726 3157 821 3221 nouis
842 3158 962 3224 viribus
982 3159 1136 3244 oppidum
1152 3159 1336 3238 firmarunt,
1350 3161 1410 3226 tri·

182 3264 211 3311 u.
223 3265 249 3310 c.
262 3261 318 3310 sti.
344 3245 436 3310 bunis
450 3244 586 3308 militum
605 3245 718 3308 Rornoe
731 3243 891 3308 consulari
913 3258 1067 3327 potestate
1080 3245 1145 3312 Cn.
1155 3245 1312 3310 Cornelio
1328 3248 1410 3312 Cos-

182 3331 215 3376 A.
227 3327 320 3376 ΜΠ·
344 3354 389 3409 so,
408 3331 446 3396 L.
460 3331 589 3396 Valerio
607 3332 722 3406 Potito,
747 3329 791 3405 Q.
806 3329 907 3395 Fabio
925 3329 1084 3395 Vibuleno
1109 3331 1234 3412 iterum,
1259 3331 1311 3398 M.
1331 3333 1410 3398 Pos-

183 3393 329 3511 ¹⁰¹2?ssssss
346 3418 447 3483 tumio
465 3417 645 3505 Regillensi.
685 3417 774 3480 Huic
787 3417 904 3480 bellum
917 3416 1066 3482 adversus
1078 3416 1202 3504 AEqnos
1218 3419 1410 3501 permissum

183 3522 237 3571 tut.
346 3519 403 3582 est,
433 3525 540 3591 prevae
570 3504 682 3567 mentis
709 3502 849 3576 homini}
876 3525 971 3587 quarn
1000 3515 1106 3567 tamen
1137 3505 1270 3568 victoria
1297 3508 1412 3592 magis,

345 3615 442 3743 guam
473 3591 602 3668 bellum,
632 3589 780 3654 ostendit.
841 3588 936 3665 Nem,
966 3589 1106 3654 exercitu
1138 3590 1262 3678 inpigre
1291 3593 1414 3680 scripto

369 3695 506 3765 octoque
520 3679 559 3742 ad
578 3676 683 3750 Boias,
700 3697 797 3761 quum
814 3673 934 3739 levibus
947 3675 1072 3762 proeliis
1087 3675 1269 3762 AEquornm
1286 3680 1412 3744 animos

343 3763 497 3854 fregisset,
519 3777 679 3850 postremo
694 3762 724 3824 in
741 3760 894 3846 oppidum
919 3763 1050 3846 inrupit.
1079 3761 1194 3828 deinde
1208 3763 1250 3828 ab
1264 3763 1413 3834 hostibus

347 3985 364 4032 d
378 3923 392 3964 1
405 3917 433 3976 Q.
445 3919 491 3968 del.
501 3917 575 3966 Gron.
588 3916 656 3964 Crer-
774 3918 788 3946 ²
803 3915 976 3991 tonsuret.
1085 3921 1099 3949 ²
1110 3919 1177 3967 Volat
1187 3919 1255 3970 End
1267 3921 1304 3968 sic
1316 3936 1413 3984 snper

364 3997 466 4044 eruceps.

381 4131 468 4180 ODuo
488 4129 580 4178 anum
601 4125 669 4192 belle]
695 4131 756 4176 Dele
778 4141 863 4176 rocem
894 4129 1022 4177 meum
1050 4130 1096 4193 ert]
1123 4132 1194 4188 Quod
1222 4137 1364 4183 tenuem
1384 4134 1411 4180 t..

346 4195 830 4256 eutem,quesbestepterisqueeodd.
896 4193 1219 4244 sexum....ttsenssnm
1241 4205 1286 4244 est.
1330 4196 1412 4262 liujus

377 4260 581 4338 ΙΙῦιὶῆἱνιιπίριηι]
610 4259 722 4320 intellige
749 4259 863 4306 Veientes
895 4259 1010 4319 loquendi
1027 4262 1114 4308 formes
1129 4263 1243 4322 sumpla
1257 4259 1313 4324 jem
1332 4266 1412 4312 uhu·

346 4339 568 4438 pnlle'lul'slntattun
595 4389 622 4435 ab
651 4389 679 4435 1..
697 4389 779 4436 Sestio
795 4417 860 4436 .·..
894 4325 1312 4442 ἷιῗῖξίἕιῖἰυῧῖῗῗέω
1330 4327 1370 4377 ω.
1383 4329 1411 4376 Μ
