3032 4924
334 239 397 302 ara
725 235 1000 320 arrrarvrr

177 421 245 471 use.
256 421 312 469 3³9.
337 425 409 470 rum
424 403 577 479 onmium,
593 403 622 466 le
646 416 754 478 erant;
778 415 894 480 tamen,
910 404 985 488 quia
1000 415 1047 468 tot
1063 403 1152 466 annis
1166 403 1253 466 varie
1268 402 1312 469 ibi
1331 401 1398 468 bela

176 487 313 536 *03⁹3
337 491 436 556 latum
461 503 538 566 erat,
566 425 737 573 muitraque
761 488 865 554 clades
894 502 1045 574 acceptae,
1069 488 1152 554 velut
1173 511 1212 554 ex
1236 490 1399 575 insperato

336 578 514 640 inmensum
530 575 682 664 gaudium
699 574 775 638 fuit:
798 591 839 651 et,
856 577 1039 662 priusquam
1055 593 1180 640 senatus
1202 576 1397 653 decerneret,

336 663 430 748 plena
445 663 551 726 omnia
566 660 682 745 templa
700 662 914 726 Romanarum
932 676 1080 739 matrum,
1094 677 1197 745 grates
1212 661 1286 727 Diis
1301 685 1400 750 agen·

337 752 428 826 tium,
453 761 553 813 erant.
600 751 736 812 Senatus
763 749 794 810 in
815 748 1031 834 quatriduum,
1058 763 1135 835 quot
1160 748 1284 812 dierum
1308 748 1399 813 nullo

61 823 64 844 ⁴
175 851 285 898 nicatur
337 849 411 901 ante
422 835 515 912 bello,
529 833 772 920 supplicationes
783 835 934 898 decernit.
980 836 1141 899 Adventus
1155 857 1282 920 quoque
1297 836 1399 900 diota·

176 916 318 974 triumphu.
337 923 425 1004 toris,
448 921 594 988 omnibus
616 920 779 985 ordinibus
802 921 926 985 obviam
948 921 1064 998 effusis,
1086 923 1284 998 celebratior,
1301 945 1397 1008 quam

337 1008 431 1074 ullius
453 1031 603 1094 umquam
626 1023 719 1071 antea
739 1005 815 1071 iuitr
847 1008 1087 1094 triumphusque
1112 1029 1238 1071 omnem
1262 1029 1398 1072 consue·

293 1104 296 1117 '
337 1107 406 1159 turn
435 1094 613 1160 honorandi
642 1093 704 1158 diei
740 1092 844 1156 illius·
865 1093 995 1157 modurn
1025 1095 1222 1180 aliquantum
1253 1096 1398 1160 excessit.

339 1181 487 1246 Maxime
506 1193 693 1266 conspectus
714 1181 780 1264 ipse
800 1191 858 1257 est,
881 1201 978 1244 curru
999 1182 1087 1264 equis
1109 1181 1187 1244 albis
1204 1182 1320 1266 juncto
1345 1205 1396 1244 ur·

337 1268 409 1332 bem
432 1269 593 1334 invectus:
615 1267 641 1306 ⁸⁸
654 1288 830 1352 parumque
849 1265 880 1331 id
897 1287 961 1330 non
977 1267 1067 1330 civile
1081 1268 1187 1343 modo,
1204 1268 1257 1330 sed
1284 1267 1397 1332 huma-

337 1375 413 1420 num
429 1357 535 1434 etiam,
550 1355 663 1418 visum.
706 1352 795 1417 Jovis
810 1353 956 1438 Solisque
977 1354 1066 1440 equis
1087 1353 1279 1439 aequiparnri
1296 1354 1403 1418 dicta·

336 1455 450 1520 torem,
476 1443 510 1505 in
536 1439 718 1523 religionem
748 1439 840 1503 etiam
867 1437 1053 1504 trahebant:
1083 1439 1328 1525 triumphusque
1356 1442 1398 1504 ob

337 1549 406 1592 eam
429 1549 526 1592 uuam
548 1528 685 1590 maxime
707 1547 773 1588 rem
793 1525 916 1601 clarior,
933 1547 1028 1611 quam
1047 1527 1177 1612 gratior,
1193 1525 1263 1590 fuit.
1309 1525 1395 1590 Tum

336 1613 457 1678 Junoni
480 1615 613 1698 Regina
635 1615 786 1696 templum
810 1613 842 1674 in
858 1611 1015 1676 Aventino
1040 1613 1161 1687 locavit,
1185 1612 1396 1678 aldedicarit·

337 1723 399 1787 que
415 1700 552 1764 Matutra
575 1698 677 1762 Matri
687 1703 704 1760 ¹.
727 1711 831 1786 atque,
856 1697 903 1762 his
927 1699 1041 1761 divinis
1065 1698 1274 1784 humanisque
1300 1699 1396 1764 rebus

177 1807 279 1854 aalma
336 1787 442 1876 gestis,
457 1785 614 1852 dictatura
628 1807 661 1850 se
675 1784 842 1849 abdicavit.
888 1784 951 1871 Agi
977 1784 1090 1849 deinde
1104 1785 1145 1849 de
1162 1785 1323 1869 Apollinis
1338 1787 1395 1851 do-

176 1873 381 1950 mssdsslffmno
395 1887 541 1956 coeptum.
559 1872 610 1934 cui
627 1893 660 1935 se
674 1870 863 1934 decumamt
878 1871 998 1935 vovisse
1014 1872 1131 1954 praedae
1146 1888 1268 1956 partem
1294 1895 1393 1958 quurn

176 1935 286 2048 fflhm
336 1958 456 2024 diceret
475 1958 639 2037 Camillus,
664 1957 830 2042 pontifices
852 1958 1036 2021 solvendum
1063 1957 1118 2022 reli
1144 1962 1213 2022 ione
1239 1959 1394 2043 populum

336 2059 521 2121 censerent3
543 2044 630 2108 baud
645 2043 736 2106 facile
757 2044 895 2108 inibatur
916 2043 997 2107 ratio
1014 1981 1150 2129 jubendi
1171 2043 1289 2110 referre
1312 2067 1395 2129 prra-

336 2132 409 2197 dam
425 2131 591 2218 populum,
608 2145 643 2194 ut
657 2153 696 2195 ex
712 2153 751 2194 ea
762 2151 835 2214 pars
845 2129 954 2194 debita
968 2130 1000 2192 in
1023 2153 1145 2194 sacrum
1168 2146 1395 2196 secerneretur.

335 2219 464 2284 tandem
488 2241 538 2297 eo,
552 2217 638 2305 quod
662 2217 852 2282 levissimum
875 2216 1050 2293 videbatur,
1076 2216 1243 2282 decursum
1267 2232 1326 2295 est,
1348 2231 1394 2296 ut,

335 2307 390 2393 qui
413 2329 446 2370 se
467 2307 661 2390 domumque
681 2303 834 2390 religione
854 2302 1017 2367 exsolvere
1038 2302 1140 2380 vellet,
1157 2325 1256 2388 quum
1268 2305 1396 2370 sibimet

334 2392 403 2478 ipse
418 2393 558 2478 praedam
580 2391 763 2455 aestimasset
784 2412 885 2466 suam,
910 2391 1053 2454 decumae
1078 2390 1216 2474 pretium
1240 2393 1340 2474 partia
1361 2391 1394 2456 in

333 2461 498 2566 publicum
512 2478 663 2544 deferret:
687 2489 725 2540 ut
746 2499 785 2541 ex
806 2499 844 2540 eo
865 2475 985 2541 donum
1008 2498 1150 2554 aureum,
1173 2477 1307 2566 dignum
1328 2500 1395 2542 am·

333 2565 491 2651 plitudine
505 2565 613 2649 templi
629 2587 666 2628 ac
681 2564 811 2627 nurnine
825 2562 899 2642 Dei,
914 2585 954 2626 ex
968 2563 1120 2650 dignitate
1145 2563 1256 2647 populi
1273 2563 1394 2628 Roma-

332 2653 367 2716 ni
379 2653 478 2718 fieret.
524 2651 574 2716 Ea
585 2663 712 2737 'quoque
726 2649 865 2715 conlatio
879 2649 980 2734 plebis
994 2649 1117 2713 animos
1131 2674 1151 2713 a
1167 2648 1305 2714 Camillo
1320 2651 1394 2716 alie·

332 2741 428 2804 navit.
473 2739 562 2802 luter
575 2737 645 2800 haeo
659 2734 861 2820 pacificatum
882 2735 976 2822 legati
991 2759 1011 2800 a
1026 2736 1150 2800 Volscis
1164 2749 1196 2800 et
1208 2732 1328 2822 AEquis
1342 2759 1394 2802 ve·

331 2836 469 2888 nerunt:
492 2825 713 2908 inpetrataque
726 2843 800 2906 pax,
816 2821 917 2904 magis
939 2835 975 2885 ut
993 2822 1152 2886 lassatam
1168 2823 1294 2888 diutino
1309 2822 1393 2888 bello

207 2973 209 2980 ,
332 2909 547 2996 adquiesceret
562 2909 678 2985 civitas,
695 2930 789 2994 quarn
805 2909 891 2994 quod
906 2907 995 2994 digni
1010 2922 1160 2993 peterent.

171 3016 200 3063 o.
212 3017 306 3066 c.asu.
376 2995 509 3060 XXIV.
527 2995 611 3058 Veiis
625 2997 734 3080 captis,
755 3016 808 3058 sex
824 2995 969 3058 tribunos
992 2994 1128 3058 militum
1144 2996 1302 3061 consulari
1320 3011 1391 3083 pot·

169 3083 305 3171 &³⁹²3
331 3095 431 3146 estate
450 3083 615 3168 insequens
635 3103 737 3144 annus
751 3080 873 3155 babuit,
896 3080 975 3146 duos
1000 3081 1037 3146 P.
1056 3081 1233 3159 Cornelios,
1252 3083 1388 3148 Cossum

169 3146 322 3262 fflfflf
331 3182 361 3234 et
379 3168 570 3254 Scipionem,
589 3166 637 3232 M.
654 3166 817 3232 Valerium
842 3165 1024 3232 Maximum
1040 3169 1165 3246 iterum,
1188 3168 1231 3232 K.
1254 3169 1390 3236 Fabium

169 3244 279 3323 mnia
331 3254 520 3320 Ambustum
545 3255 684 3330 tertium,
710 3253 749 3318 L.
774 3253 906 3318 Furium
932 3253 1145 3325 Merlullimun
1169 3256 1328 3342 quintum,
1347 3258 1390 3334 Q.

166 3361 239 3412 vua
250 3365 320 3416 neus.
332 3341 498 3406 Servilium
523 3341 662 3406 tertium.
709 3340 866 3404 Corneliis
883 3340 1039 3404 Faliscum
1056 3341 1185 3418 bellum,
1203 3340 1334 3406 Valerio
1355 3365 1392 3409 ac

331 3429 464 3494 Servilio
481 3429 627 3514 Capenas
641 3442 726 3491 sorte
737 3427 850 3491 evenit.
871 3427 966 3491 abiis
982 3449 1046 3490 non
1062 3427 1155 3492 urbes
1170 3428 1200 3490 ri
1214 3442 1271 3492 aut
1285 3432 1390 3514 operi·

326 3514 386 3580 bus
407 3529 545 3592 tentatae,
574 3514 631 3585 seri
694 3536 727 3577 er
749 3527 796 3577 est
821 3513 1039 3598 depopulatus,
1070 3513 1252 3600 proedoeque
1272 3537 1390 3580 -rerum

325 3603 497 3688 agrestium
512 3615 601 3666 actae.
617 3601 705 3664 nula
726 3597 802 3664 felix
823 3599 929 3678 arbor,
945 3599 1023 3663 nihil
1046 3599 1231 3692 frugiferum
1255 3602 1288 3664 in
1311 3625 1390 3690 agro

324 3689 481 3754 relictum.
527 3687 576 3752 Ea
590 3687 694 3752 eludes
711 3687 901 3770 Capenatem
926 3685 1080 3772 populum
1101 3687 1236 3774 subegit.
1251 3709 1319 3772 pax
1335 3712 1390 3775 pe·

326 3832 376 3940 &⁸⁰
386 3827 510 3939 lugudius·
520 3827 596 3874 Gron.
608 3827 678 3873 crev.
792 3815 900 3870 ‘muns
912 3825 982 3872 Creo.
1096 3823 1236 3871 ‘decim
1246 3824 1281 3872 sic
1292 3837 1390 3887 semper

376 3907 400 3939 n.
432 3905 483 3939 rev.

355 4019 703 4069 aa·1²mm...n0ncrao
714 4019 787 4074 mua.
799 4019 838 4067 aa
869 4022 949 4069 arcae
967 4021 1087 4080 tempium
1102 4019 1199 4084 usar...
1218 4019 1272 4066 aa
1291 4021 1388 4082 †um-
1497 3999 1498 4010 ’

322 4087 450 4132 Muranum
471 4085 553 4150 ιέἰαηι]
580 4085 668 4134 Parum
691 4084 837 4132 conveniens
870 4087 1019 4146 mnquldem
1037 4099 1094 4141 uox,
1112 4099 1200 4146 nempe
1214 4083 1296 4142 adm,
1309 4091 1388 4132 exstat

323 4151 462 4197 nouaclum
473 4152 533 4197 ciris
551 4151 687 4204 modestia,
702 4149 744 4196 sed
762 4149 838 4196 etiarn
870 4152 895 4196 in
917 4163 965 4196 uuo
983 4163 1013 4195 ex
1031 4149 1102 4197 MSS.
1123 4149 1230 4196 llearuii.
1271 4151 1387 4196 Ceterum

322 4213 429 4260 hominis
437 4215 576 4262 conditioni.
869 4215 909 4261 hio
928 4215 1000 4274 vulgo
1016 4215 1105 4274 legitur
1122 4213 1225 4260 Mutata
1236 4216 1327 4260 nutri.-
1346 4213 1388 4260 red

354 4275 582 4340 89'Dcdr'eartrque
609 4279 712 4325 Matuta
738 4279 835 4344 matria]
867 4279 988 4337 Andreas,
1010 4285 1035 4324 et
1056 4280 1105 4325 duo
1128 4291 1158 4325 ex
1186 4278 1288 4324 Hearnii
1316 4277 1385 4324 codd.

324 4343 422 4402 Supple.
434 4343 565 4402 templum,
577 4344 627 4389 sive
645 4345 730 4390 edem.
765 4343 836 4390 Dice·
868 4344 1100 4403 itemqneanostris
1118 4349 1166 4389 tres
1184 4343 1275 4390 habent
1294 4341 1385 4388 mro.

321 4409 381 4454 bant
398 4408 478 4454 locare
494 4407 613 4466 templum
628 4406 700 4453 alioci
718 4407 776 4462 deur
794 4409 835 4456 de·
869 4407 902 4454 Et
913 4409 947 4454 sie
959 4409 1020 4454 solet
1031 4408 1097 4467 loqui
1108 4407 1201 4455 Livius.
