3056 4928
3 2141 4 2156 ¹
118 2131 201 2194 rein

364 247 367 256 '
434 243 527 306 LIB.
549 245 619 304 v11.
647 241 749 304 CAP.
770 243 865 304 XXV.
1116 245 1173 307 425

117 415 167 470 trs
179 404 347 484 insecutus,
363 408 451 494 (quis
464 422 497 473 et
511 407 623 473 vulnus
642 407 681 472 de
706 407 845 488 rasabae,
859 419 891 472 et
913 405 1068 494 subjicere
1086 429 1248 477 exer-uo.
1260 427 1317 477 tot.
1335 409 1337 414 ’

119 491 216 557 citum
237 505 366 580 pugna·
386 495 499 558 fessum
526 494 655 558 tumulis
677 517 694 558 s
738 493 829 558 hoste
851 493 1010 579 occupetis
1031 493 1316 576 nolebst)⁵·⁰·³⁴⁷·

118 578 227 663 proedo
256 581 344 643 omni
373 595 545 645 castrorum
575 579 666 645 militi
695 580 780 660 dats,
810 581 958 645 rictorem
981 581 1172 658 exercitum,

120 663 367 752 opulentumque
392 664 522 732 Gullicis
552 666 668 752 spoliis,
697 665 832 730 Romam
862 667 1000 731 reduxit.
1046 665 1173 730 Morem

118 749 280 836 triumpho
295 751 407 816 vulnus
422 752 560 818 consulis
580 751 703 818 adtulit.
726 753 897 838 eademque
910 775 1020 818 caussa
1040 752 1174 818 dictato-

118 835 161 900 ris
181 835 372 902 desiderium
393 839 514 914 senatui
539 837 622 914 lecit,
639 851 675 903 ut
696 849 785 918 esset,
800 839 855 924 qui
878 841 970 922 serris
992 839 1174 903 consulibus

117 921 246 987 comitis
259 921 397 989 haberet.
442 925 591 990 Dictstor
607 925 645 988 L.
663 925 776 988 Furius
792 924 941 989 Camillus
955 924 1069 1006 dictur,
1085 925 1173 989 eddi·
1183 943 1325 991 ommi..

118 1019 152 1071 to
176 1009 327 1094 magistro
348 1010 486 1096 equitum
512 1010 547 1074 P.
565 1009 714 1096 Cornelio
738 1011 894 1096 Scipione,
910 1010 1048 1075 reddidit
1070 1007 1326 1120 Patri-gfffflcffi

117 1091 175 1158 bus
190 1097 414 1179 possessionem
437 1097 607 1182 pristinum·
621 1095 812 1162 consulatus.
829 1099 895 1182 ipse
909 1101 950 1162 ob
972 1096 1005 1160 id
1027 1099 1173 1162 meritum
1235 1086 1271 1120 ¹¹⁸·

118 1179 516 1332 ssff⁰il3p⁸li¹¹⁰¹diil¹dl⁰
537 1195 658 1248 creatus
679 1182 798 1261 consul,
822 1181 973 1272 collegam
997 1185 1060 1268 Ap.
1078 1181 1173 1247 Cleu-

142 1287 204 1330 rum
253 1289 371 1332 rossum
409 1281 474 1333 unt.

161 1351 270 1418 XXV.
299 1354 487 1442 Priusquam
516 1357 632 1420 inirent
666 1355 739 1419 novi
772 1355 914 1420 consules
943 1354 1171 1444 magistratum,

117 1439 297 1524 triumphus
317 1463 336 1504 s
357 1441 492 1526 Popillio
505 1440 548 1505 de
561 1440 662 1506 Gallis
683 1455 771 1506 ectus
790 1463 906 1530 magno
926 1441 1032 1506 fsvore
1053 1441 1172 1527 plebist

117 1539 350 1612 mussantesque
367 1528 449 1593 inter
462 1549 496 1592 se
515 1527 703 1614 rogitabunt,
719 1549 789 1592 num
809 1551 892 1612 quem
908 1529 1025 1611 plebeii
1044 1530 1174 1593 cumulis

111 1614 302 1694 peniteret?
327 1612 429 1679 Simul
442 1613 627 1679 dictatorem
641 1614 855 1699 increpabant,
871 1615 925 1700 qui
944 1614 1023 1702 legis
1038 1613 1172 1679 Licinioe

117 1711 229 1780 spretos
266 1699 439 1764 mercedem
473 1699 681 1777 consulatum,
710 1701 834 1786 private
866 1701 1047 1785 cupiditate,
1077 1721 1172 1787 quem

117 1784 243 1868 publico
259 1786 382 1871 injuris,
398 1785 574 1868 loediorem,
589 1788 730 1872 cepisset,
746 1801 781 1852 ut
798 1787 910 1873 seipse
929 1787 1088 1852 consulem
1106 1785 1172 1850 dic-

117 1881 198 1935 tstor
212 1885 344 1937 crearet.
389 1873 502 1937 Annus
517 1872 624 1937 multis
638 1873 792 1973 variisque
808 1872 943 1938 motibus
957 1871 1016 1938 luit
1032 1873 1170 1958 insignis.
1180 1893 1211 1942 u.
1221 1893 1248 1942 α
1259 1893 1315 1944 tos

119 1955 202 2022 Gelli
224 1979 267 2022 ex
290 1957 419 2022 Albanis
442 1958 611 2035 montibus,
627 1961 701 2046 quis
721 1958 834 2022 hiemis
853 1960 915 2023 rim
938 1961 1003 2044 poti
1025 1957 1315 2046 nequirem-³⁴⁶»

117 2055 195 2121 rent,
235 2065 271 2108 er
285 2067 352 2108 cam
378 2045 729 2131 osmeritimsquelocs
744 2047 814 2132 vsgi
829 2047 1072 2132 populabantur.
1098 2023 1333 2148 Με-ξρᾞζᾶἰο

204 2065 318 2195 ldstum
340 2065 489 2196 classibus
504 2131 688 2196 Groeoorum
710 2145 789 2211 erat,
805 2153 922 2218 orsque
943 2131 1042 2195 litoris
1061 2121 1245 2199 Antis-cols

117 2215 163 2292 tis,
181 2216 386 2304 Loureusque
401 2229 529 2300 tractus,
545 2229 576 2281 et
592 2217 717 2281 Tiberis
732 2217 830 2280 ostis:
846 2228 881 2281 ut
895 2215 1064 2301 praedones
1077 2218 1172 2280 mori·

115 2302 191 2380 timi,
208 2325 283 2368 cum
305 2301 505 2367 terrestribus
526 2303 696 2390 congressi,
715 2303 845 2388 ancipiti
866 2302 961 2365 semel
982 2301 1095 2387 proelio
1117 2301 1172 2366 de-

3 2401 4 2408 ’
117 2389 275 2467 certarint,
291 2387 442 2476 dubiique
463 2388 659 2454 discesserint
679 2391 712 2454 iu
727 2400 830 2453 cestre
845 2387 943 2464 Galli,
960 2389 1065 2452 Groeci
1084 2400 1171 2452 retro

116 2473 153 2539 td
174 2497 282 2553 neves,
298 2476 396 2540 victos
410 2497 451 2550 se,
467 2497 507 2540 sn
522 2478 665 2552 victores,
680 2486 837 2561 putarent.
882 2473 969 2538 Inter
982 2473 1062 2538 hosb
1074 2472 1171 2561 longe

116 2563 270 2629 maximus
290 2562 411 2626 exstitit
431 2573 544 2638 terror,
559 2560 691 2626 concilis
713 2559 904 2646 populorum
921 2559 1108 2624 Latinorum
1130 2560 1171 2624 sd

116 2645 217 2713 lucum
248 2647 428 2714 Ferentinoe
455 2646 579 2713 habito:
606 2667 851 2733 responsumque
877 2645 961 2710 haud
986 2645 1171 2734 ambiguum

117 2732 341 2820 imperantibus
364 2732 478 2802 milites
504 2734 656 2799 Romanis
679 2733 801 2810 dutum,
821 2733 1000 2799 obsisterent
1021 2734 1173 2815 imperare

118 2821 164 2897 iis,
179 2843 304 2906 quaerum
327 2822 446 2886 auxilio
467 2830 599 2906 egerent.
642 2821 777 2884 Latium
795 2841 858 2904 pro
878 2841 934 2884 sua
955 2819 1098 2883 libertate
1113 2839 1172 2902 po·

117 2907 184 2983 tius,
200 2929 292 2993 quam
308 2927 370 2991 pro
391 2908 494 2970 alieno
515 2908 653 2990 imperio,
668 2909 785 2971 loturos
807 2927 909 2970 amsa.
950 2903 1039 2970 luter
1052 2904 1118 2970 duo
1132 2905 1173 2968 si-

119 2991 180 3056 mul
204 2993 288 3058 bells
312 3008 450 3069 exterus,
470 2989 645 3058 defectione
669 2993 762 3057 etism
787 2993 943 3056 sociorum
969 3003 1095 3056 senatur
1117 3013 1173 3055 sn-

118 3078 196 3158 ttius,
212 3101 311 3166 quum
332 3091 474 3144 cerneret
496 3078 758 3155 metutenendos,
774 3101 854 3166 quos
874 3077 952 3143 fides
971 3099 1036 3142 non
1056 3077 1173 3142 tenuis·

116 3177 169 3242 ret,
184 3166 355 3231 extendere
368 3187 476 3230 omnes
495 3165 618 3250 imperii
633 3165 715 3228 vires
729 3163 872 3229 consules
886 3163 1008 3228 delectu
1027 3162 1174 3228 habendo

118 3249 213 3317 ‘ussit
229 3251 312 3317 cirili
335 3251 460 3339 quippe·
473 3250 620 3315 stsndum
642 3249 781 3315 exercitu
802 3271 878 3328 esse,
894 3250 1023 3337 quando
1037 3249 1173 3315 ”socio-

129 3337 153 3400 is
180 3353 282 3404 coetus
310 3337 476 3403 desereret.
523 3336 684 3423 Undique,
713 3357 777 3398 non
807 3333 929 3400 urbens
958 3349 1093 3413 tautum,
1119 3336 1170 3400 sed
1182 3351 1324 3400 sensusne

117 3423 207 3488 etism
234 3425 349 3507 agresti
373 3424 548 3510 juventute,
574 3420 683 3487 decem
712 3420 850 3508 legiones
875 3422 999 3505 scriptoe
1024 3418 1309 3487 dicunturdeesmte·

117 3510 306 3593 qusternllm
322 3509 455 3575 millium
470 3519 502 3574 et
515 3507 710 3572 ducenorum
726 3505 877 3592 peditum,
893 3511 1096 3594 equitumque
1109 3520 1173 3573 tre·
1180 3483 1273 3542 ‘¹⁰⁰⁹'

146 3649 159 3680 ⁸
168 3648 376 3712 ,regna-mutan
386 3649 481 3696 sublate
492 3647 627 3708 pcreotlm
638 3647 705 3708 leges
719 3643 896 3708 pigrescerem
905 3657 962 3690 som
972 3643 1043 3690 utos
1053 3644 1150 3704 suctu,
1158 3661 1174 3690 a

114 3713 265 3826 rm
280 3713 342 3761 dode
351 3713 481 3768 mmsuf
498 3711 594 3760 eumue
609 3709 638 3756 al
650 3711 712 3758 horte
725 3710 848 3770 mustis·
864 3707 946 3769 prodo
960 3716 1005 3756 etc·
1017 3707 1090 3755 Grou.
1103 3710 1172 3756 Cret.

117 3889 170 3950 legl-
203 3891 291 3939 Consul
304 3887 349 3939 ndu
367 3891 432 3939 dus
449 3899 526 3940 castro
541 3892 627 3938 m
657 3889 725 3936 ulum
738 3900 785 3935 tox
795 3881 880 3942 tritus,-
897 3899 953 3948 quse
967 3885 1075 3946 protecto
1089 3885 1172 3931 minus

118 3957 162 4008 Μ.
173 3955 232 4015 Μ
244 3960 267 4002 d
280 3955 364 4003 wltttrt
379 3957 527 4016 φανῶσί.
540 3959 562 4002 el
574 3955 628 4000 rud·
658 3954 752 4014 proprie
765 3952 804 3998 hic
815 3961 931 4012 usurpet}
941 3951 1043 3996 videtur.
1078 3947 1174 3994 Fortu·

94 4015 626 4077 'mmmmmattomm
658 4031 684 4065 se
701 4017 775 4065 deleri
794 4023 884 4076 posset,
905 4021 933 4061 ut
951 4013 1015 4060 mole
1033 4013 1124 4058 iurene
1141 4015 1173 4060 sb

8 4129 9 4136 ,
114 4084 175 4141 pulit
198 4083 294 4140 ttoleld,
312 4085 395 4144 proedc
414 4087 478 4132 muni
498 4087 627 4131 cestrum
658 4081 771 4142 imperito
786 4081 867 4141 utiquo
886 4079 1049 4130 emendrtore,
1064 4077 1106 4134 qui
1123 4089 1172 4124 non

117 4147 189 4194 melite·
198 4146 269 4194 dete.
279 4179 286 4194 .
296 4179 320 4195 ..
331 4151 412 4210 Atque
424 4151 477 4196 hsec
489 4149 560 4196 lectio
570 4161 628 4195 sene
660 4147 751 4194 videret
768 4151 823 4204 port
840 4156 928 4190 nomen
944 4141 1044 4196 eoetatu,
1060 4141 1173 4201 supplen-

9 4251 10 4272 ,
117 4211 253 4259 coodnulor
276 4219 301 4259 et
322 4211 453 4274 elegentior
473 4214 571 4274 vrugste
593 4211 628 4257 ri-
659 4211 823 4258 dumesreer
838 4208 917 4268 priore
932 4207 1042 4252 membro
1051 4207 1174 4254 matres.

118 4273 194 4324 dam.
226 4275 310 4324 umus
331 4289 416 4324 omnes
435 4277 506 4324 MSS.
528 4289 628 4324 cousen-
659 4272 806 4336 Atqueeu'n
820 4274 851 4319 eb
866 4285 916 4318 urso
931 4284 963 4317 ex
975 4269 1048 4317 MSS.
1065 4269 1115 4316 ruit
1131 4271 1173 4316 sb-

118 4338 181 4386 tiunt
191 4353 248 4388 cum
259 4341 427 4388 Gronovionis.
659 4353 711 4388 esre
722 4343 823 4385 testetur
835 4335 964 4384 llesrnius.

149 4401 180 4452 28
196 4405 295 4454 Sosidi:
311 4404 392 4468 mur]
411 4406 519 4456 offendit
535 4407 628 4453 Grouo·
734 4403 738 4416 '
