3056 4928
333 215 392 274 dio
721 199 995 268 T1Ttt1v11
1091 266 1094 278 ,

173 395 203 442 u.
215 393 242 442 c
253 391 308 442 soa
332 387 463 462 totoque
474 389 610 459 corpora
622 368 786 436 l'interior
801 370 944 458 periculo
957 370 1094 436 vulneris
1106 369 1216 448 factas,
1228 369 1386 436 insinuas·

173 463 204 506 Α*
215 459 243 509 ⁰·
252 455 307 508 ³⁵⁸
332 474 379 526 sut
392 483 426 526 se
439 462 520 524 inter
534 478 649 544 corpus
660 477 819 544 armaque,
834 479 898 524 uno
912 458 1073 544 alteroque
1082 457 1215 522 subinde
1230 457 1296 522 ictu
1310 476 1386 522 ren·

332 563 412 614 trem
434 562 529 631 cupae
550 547 681 632 inguina
700 543 815 621 hausit,
834 559 866 608 et
889 545 923 608 ln
946 546 1080 630 spatium
1105 547 1215 648 ingens
1240 555 1384 610 ruentem

331 633 474 720 porrexit
489 631 620 696 hostem.
631 633 765 718 jacentis
780 630 853 696 inde
866 653 989 715 corpus,
1005 632 1047 697 ab
1066 653 1151 696 ornus
1167 629 1228 695 alia
1242 631 1386 694 vexatio-

332 743 372 786 ne
386 721 550 794 intactum,
566 739 632 782 uno
646 731 762 803 torque
782 716 942 798 spoliavit:
965 737 1057 804 quern
1081 739 1256 804 respersum
1274 737 1389 780 cruore

332 805 419 872 collo
439 805 648 870 circumdedit
668 827 736 870 suu.
780 803 945 868 Defixerat
966 825 1064 892 pavor
1085 825 1156 870 cum
1180 803 1390 868 admiratione

333 891 457 958 Gallos.
502 891 648 968 Romani,
664 894 782 956 alacres
796 891 837 955 ab
852 891 984 957 statione
996 891 1120 956 obviam
1135 889 1227 955 militi
1241 911 1300 954 suo
1314 909 1390 974 pro-

332 979 440 1062 gressi,
461 977 654 1066 gratulantes
677 977 839 1042 laudantes
863 999 902 1041 ue
922 977 964 1041 ad
987 978 1171 1042 dictatorem
1197 975 1390 1060 perducunt.

332 1065 359 1108 ⁰⁰
371 1063 460 1130 Inter
473 1064 650 1129 carminum
671 1085 772 1149 prope
785 1085 817 1127 m
864 1085 914 1128 um
937 1063 1099 1128 incondita
1112 1061 1257 1150 quasdam
1272 1062 1391 1127 milita-

333 1151 411 1216 riter
430 1149 617 1238 joculantes,
635 1150 791 1236 Torquati
814 1169 987 1236 cognomen
1014 1151 1173 1226 auditum3
1196 1148 1391 1214 celebratum

333 1237 449 1304 deinde
464 1237 596 1323 posteris
610 1237 704 1302 etiarn
718 1235 907 1323 'familiasque
927 1235 1041 1300 honorl
1062 1235 1129 1300 fuit.
1172 1235 1322 1300 Dictator
1336 1255 1392 1298 co·

334 1341 445 1388 ronam
468 1342 596 1388 auream
619 1322 744 1388 addidit
763 1322 892 1402 donum,
910 1323 1058 1408 mirisque
1078 1343 1138 1408 pro
1152 1321 1305 1386 concione
1319 1341 1391 1386 eam

333 1433 356 1496 p
401 1431 473 1474 narn
487 1409 634 1474 laudibus
648 1409 730 1474 tulit.

411 1496 438 1561 Ι.
463 1497 514 1574 Et,
533 1496 682 1572 Hercule,
699 1495 778 1560 tanti
793 1517 830 1558 ea
848 1494 889 1559 ad
910 1495 1047 1558 universi
1070 1493 1144 1558 belli
1158 1503 1305 1558 eventum
1321 1513 1394 1557 nro-

175 1599 238 1646 uant
249 1598 274 1645 tn
334 1583 433 1646 menti
447 1581 609 1646 dimicatio
623 1581 692 1658 fult,
708 1595 745 1651 ut
759 1579 925 1647 Gallorum
943 1581 1101 1646 exercitus
1123 1581 1273 1666 proxima
1287 1591 1394 1656 nocte,

176 1664 278 1724 campa·
336 1668 451 1734 relictis
466 1669 588 1753 trepide
601 1669 720 1743 castris,
735 1669 768 1730 in
784 1665 949 1731 Tiburtem
965 1689 1088 1754 agrum,
1104 1683 1198 1754 atque
1211 1661 1296 1743 inde,
1312 1666 1396 1729 soci·

174 1728 418 1838 ffimstats
434 1753 509 1817 belli
529 1754 619 1830 faeta,
634 1765 874 1839 commeatuque
894 1753 1031 1839 benigne
1044 1756 1084 1818 ab
1099 1753 1288 1817 Tiburtibus
1302 1751 1395 1838 adju·

336 1851 396 1917 tus,
423 1859 499 1904 mox
523 1842 555 1903 in
581 1839 788 1924 Campaniam
819 1839 988 1905 transierit.
1033 1839 1082 1903 Ea
1108 1838 1165 1902 luit
1189 1859 1308 1916 caussa,
1335 1859 1396 1902 cur

177 1949 312 2000 measa.
336 1926 487 2010 proximo
511 1947 595 1988 anno
619 1925 657 1989 C.
678 1921 829 1989 Poetelius
852 1924 971 1989 Balbus
995 1923 1115 2002 consul,
1138 1946 1235 2012 quum
1260 1925 1396 2012 collegat

178 2015 246 2100 ῥοῦ·
257 2014 312 2092 357·
337 2012 403 2096 ejus
420 2011 468 2074 M.
485 2010 585 2075 Fabio
600 2010 757 2074 Ambusto
774 2012 904 2075 Hernici
927 2011 1089 2096 provincia
1101 2012 1265 2092 evenisset,
1281 2011 1397 2076 sdver-

177 2080 323 2190 {pfflssm
338 2117 388 2162 sus
414 2095 564 2162 Tiburtes
587 2097 678 2182 jussu
699 2095 808 2184 populi
834 2101 1005 2161 exercitum
1031 2097 1170 2162 duceret.
1192 2097 1234 2161 ad
1256 2118 1395 2184 quorum

177 2175 243 2256 οἱ..
337 2181 490 2246 auxilium
514 2203 611 2272 quum
628 2183 714 2248 Galli
736 2205 777 2247 ex
802 2183 977 2266 Campanis
997 2184 1158 2261 redissent,
1173 2183 1269 2248 loedae
1291 2205 1398 2270 popu·

337 2268 470 2334 lotiones
491 2270 524 2332 in
548 2269 717 2345 Lauicano,
734 2269 988 2357 Tusculanoque,
1004 2282 1036 2333 et
1056 2269 1183 2334 Albano
1204 2292 1292 2358 agro,
1308 2269 1398 2334 haud

337 2354 434 2421 dubie
451 2355 637 2420 Tiburtibus
655 2355 799 2432 ducibus,
815 2366 888 2418 sunt
909 2356 1007 2420 iactae
1053 2355 1105 2433 Et,
1123 2377 1220 2442 quum
1244 2355 1398 2420 adversus

338 2441 507 2507 Tiburtem
530 2443 651 2510 hostem
673 2441 754 2506 duce
778 2441 906 2506 consule
930 2453 1080 2506 contenta
1104 2440 1281 2527 respublica
1306 2453 1398 2520 esset,

177 2541 329 2598 omnum
339 2527 483 2594 Gallimrs
496 2528 650 2594 tumultus
664 2528 850 2594 dictatorern
866 2528 966 2592 creari
987 2529 1101 2616 coligit.
1124 2541 1245 2592 creatus
1260 2527 1304 2604 Q.
1324 2527 1399 2594 Ser-

176 2609 286 2656 aanor.
336 2615 428 2680 m'lius
443 2615 545 2680 Abala
559 2613 600 2678 T.
617 2613 806 2691 Quinctium
829 2616 1012 2702 magistrum
1028 2615 1169 2702 equitum
1184 2613 1286 2689 dixit3
1310 2627 1342 2678 et
1355 2636 1398 2680 ex

337 2703 524 2767 aumurltare
541 2701 682 2778 Petrum,
699 2702 724 2764 si
740 2721 890 2784 prospere
908 2701 942 2765 id
961 2701 1078 2765 bellum
1093 2701 1252 2778 evenisset,
1268 2701 1293 2739 ⁶¹
1306 2701 1399 2766 ludos

337 2809 470 2872 magnos
485 2787 579 2850 vovit.
624 2787 782 2863 Dictator,
800 2787 839 2851 ad
857 2787 1064 2852 continendos
1085 2787 1215 2874 proprio
1238 2786 1324 2850 bello
1339 2787 1398 2850 Ti-

337 2874 447 2938 burtes
476 2871 632 2935 consulari
661 2874 801 2936 exercitu
827 2873 915 2958 jusso
944 2895 1082 2952 manere,
1111 2895 1218 2937 ornnes
1242 2874 1398 2959 juniores,

339 2957 429 3021 nullo
447 2957 640 3022 detrectante
661 2957 816 3036 militiam,
832 2971 1028 3024 sacramento
1048 2959 1164 3048 adegit.
1210 2959 1400 3060 Pugnatum

337 3042 425 3107 haud
445 3042 557 3130 procul
579 3053 671 3126 porta
695 3043 820 3110 Collina
841 3058 888 3112 est
909 3043 1005 3110 totius
1021 3045 1138 3110 viribus
1159 3045 1256 3123 urbis,
1273 3068 1306 3110 m
1322 3067 1399 3110 con·

338 3141 448 3214 spectu
468 3142 635 3214 parentum
657 3133 890 3217 conjugumque
911 3153 948 3195 ac
969 3131 1150 3196 liberorum.
1174 3154 1247 3217 quar
1269 3153 1397 3220 magna,

337 3216 433 3281 etiam
459 3215 649 3293 absentibus,
672 3215 872 3281 hortamenta
896 3217 1004 3296 animi,
1027 3229 1095 3282 tum
1121 3217 1260 3304 subjecta
1286 3219 1398 3296 oculis,

339 3299 431 3368 simul
467 3303 658 3368 verecundia
693 3303 968 3390 misericordiaque
1004 3304 1134 3370 militem
1171 3304 1398 3370 accendebant.

339 3385 462 3476 Magna
479 3388 636 3475 utrimque
656 3389 742 3454 edita
759 3389 856 3466 caede,
872 3391 1022 3455 avertitur
1042 3389 1168 3456 tandem
1183 3391 1267 3455 acies
1282 3390 1399 3457 Gallo-

338 3495 420 3539 rum.
442 3474 474 3539 iu
533 3475 645 3553 Tibur,
661 3475 776 3540 ⁶¹sicut
790 3497 893 3540 arcem
915 3476 987 3539 belli
1000 3476 1128 3554 Gallici,
1145 3491 1277 3562 petunt:
1301 3477 1399 3564 palati

338 3582 358 3625 a
373 3583 470 3628 consu
484 3584 502 3626 e
519 3561 651 3627 Poeteuo
672 3560 758 3624 haud
781 3559 893 3646 procul
909 3561 1030 3626 Tibure
1051 3564 1188 3648 excepti,
1203 3565 1338 3650 egressis
1357 3561 1399 3630 od

337 3669 432 3732 opem
446 3645 607 3714 ferundam
623 3646 821 3723 Tiburtibus,
835 3646 927 3711 simul
942 3671 1013 3712 curn
1029 3648 1077 3711 his
1092 3650 1176 3713 intra
1189 3665 1297 3734 portas
1310 3671 1400 3715 conr·

338 3732 510 3818 pelluntur.
557 3733 694 3821 Egregie
708 3755 804 3820 quum
826 3734 866 3796 ab
885 3732 1051 3815 dictatore,
1067 3747 1134 3799 tum
1150 3735 1189 3800 ab
1205 3735 1399 3801 consuleres

370 3903 403 3952 59
418 3901 522 3952 Interior
533 3904 637 3966 periculo
652 3903 765 3967 Μυσὴ]
785 3903 853 3950 lutra
915 3905 946 3952 ot
964 3904 1042 3952 Ludos
1051 3902 1158 3968 magnos]
1174 3907 1229 3954 vlu.
1248 3913 1300 3955 not.
1311 3907 1352 3955 88.
1368 3907 1400 3954 ad

339 3969 415 4016 ictum
427 3969 510 4027 gladii,
521 3969 537 4014 i.
548 3983 569 4016 e.
586 3969 682 4028 propior
694 3970 767 4022 busti,
779 3981 853 4029 quam
885 3983 906 4016 c.
918 3971 957 4016 rt.
969 3969 1045 4016 1.1v.

340 4039 368 4079 ut
383 4031 463 4091 gladio
474 4029 536 4094 ejus,
547 4033 589 4093 qui
606 4033 742 4093 praelongas
752 4039 813 4088 erat,
826 4046 854 4080 ac
918 4034 949 4080 62
966 4034 1031 4080 Sicut
1057 4049 1133 4082 arsura
1160 4035 1211 4082 tatu
1238 4036 1335 4092 Gallici,
1359 4049 1401 4096 p

339 4095 423 4144 casim
437 4102 534 4144 tantum
550 4097 659 4155 sericum,
673 4105 753 4158 posset
769 4099 853 4144 vulne·
885 4097 950 4160 tuat]
968 4098 1058 4145 Melius
1074 4100 1168 4147 viuum
1183 4101 1208 4147 id
1219 4102 1285 4161 quod
1297 4101 1403 4162 campa-

339 4159 395 4206 rari.
884 4175 931 4208 nus
949 4163 1034 4222 edidit,
1053 4170 1078 4208 ct
1097 4165 1169 4210 babet
1187 4179 1284 4226 quoque
1304 4181 1368 4214 unua
1387 4177 1402 4210 e

371 4223 404 4270 60
420 4223 487 4270 lates·
501 4224 642 4287 caminam]
664 4225 731 4272 later
742 4221 853 4288 juculan·
883 4227 954 4274 codd.
966 4227 1084 4276 llaarnlir
1101 4229 1159 4278 sicut
1172 4243 1249 4278 cruca
1264 4230 1325 4290 belli,
1337 4231 1401 4282 Galli

339 4293 376 4334 ter
386 4287 522 4336 militariter
538 4288 660 4336 incondita
670 4292 781 4351 quaedam
797 4303 851 4349 pro·
879 4294 972 4350 prust.
1354 4314 1357 4320 ¹

338 4363 369 4410 pa
379 4352 516 4400 carminum
527 4353 635 4400 modum.
