3056 4928
457 155 551 214 LIB.
575 155 661 215 Vlll.
689 157 794 216 CAP.
814 159 909 220 XXV.
1146 168 1204 231 479

141 311 217 378 fleus
239 313 295 391 ait,
310 315 407 380 vinem
427 315 489 382 uili
509 316 674 402 liberosque
694 327 799 401 captos
820 319 905 400 apud
925 319 1022 388 hortea
1036 341 1113 386 ecre:
1135 337 1348 404 apameam.

141 417 229 478 rore,
240 417 366 483 corpore
381 404 466 486 regio
480 413 636 487 utcumque
650 406 779 468 mulcato
792 427 824 468 sa
836 425 905 470 auos
919 407 1131 472 redemtorem.
1172 405 1241 472 lsA·
1253 403 1281 451 ⁰·
1291 403 1348 452 ³2³·

143 485 215 550 finis
236 485 421 562 lacerationi
437 489 506 553 suit.
531 489 751 574 sepultumque
778 490 969 567 Consentiae,
993 491 1080 576 quod
1104 514 1203 558 mem·

142 571 276 648 brorum
299 573 453 659 reliquum
467 575 539 651 luit,
555 597 632 640 cura
651 575 792 640 mulieris
815 577 924 641 unius:
948 600 1080 664 ossaque
1096 578 1203 648 Meta·¹

140 677 274 742 pontum
292 660 333 724 ad
350 663 454 726 hostes
465 661 609 738 remissa3
632 661 708 726 inde
719 662 853 747 Epirum
868 663 999 730 devecta
1012 664 1053 728 ad
1067 663 1203 751 Cleopa·

141 759 219 810 trarn
251 767 387 812 uxorem
422 769 626 834 sororemque
658 748 900 834 Olympiadem:
934 771 1069 836 quorum
1105 766 1204 820 mater

139 831 257 918 Magni
276 833 451 898 Alexandri
473 834 580 911 altera,
597 857 687 900 soror
709 835 810 900 altera
830 835 900 901 fuit.
953 833 1037 901 Haec
1052 839 1091 900 da
1106 841 1203 904 Alex·

138 919 232 984 andri
249 919 411 1004 Epirensis
426 919 506 986 tristi
521 934 645 998 eventu,
662 943 852 1008 quamquam
871 923 1017 994 Romano
1032 923 1118 990 bello
1138 924 1203 991 for·

138 1016 218 1069 tuna
231 1027 306 1070 euru
321 1006 482 1084 abstinuit,
499 1020 615 1085 tamen,
632 1011 707 1093 quia
721 1009 753 1071 in
770 1009 862 1074 ltalia
878 1007 959 1074 bella
973 1011 1079 1096 gessit,
1092 1013 1203 1097 paucis

137 1089 255 1164 dixisse
269 1093 343 1158 satia
358 1093 407 1158 sit.

182 1177 441 1248 xxmodem
464 1203 549 1244 auno
570 1179 830 1244 ⁵3lectisternium
855 1181 979 1258 Romae,
996 1182 1108 1268 quinto
1129 1193 1330 1268 poaloutnrum

138 1265 301 1328 conditam
325 1265 447 1343 urbem,
471 1265 596 1346 iisdem,
620 1266 733 1351 quibus
757 1281 841 1343 ante,
867 1267 1030 1352 placandis
1056 1265 1326 1342 hantunam·

137 1367 187 1416 eat
201 1351 293 1422 Dae,
330 1350 415 1418 Novi
437 1352 551 1418 deinde
573 1352 716 1418 consules
736 1353 831 1437 jussu
847 1355 958 1439 populi
978 1373 1076 1442 quum
1099 1343 1288 1420 minelum·

137 1450 217 1514 sent,
234 1439 289 1524 qui
305 1437 480 1502 indicerent
502 1439 698 1503 Samnitibus
723 1439 862 1518 bellum3
886 1455 918 1505 et
932 1440 991 1525 ipsi
1006 1441 1126 1526 majore
1147 1464 1201 1507 co·

137 1539 227 1599 natu,
240 1545 336 1610 quem
348 1525 499 1598 fflveaaua
514 1525 657 1601 GraecoS,
673 1539 786 1590 cuncto
802 1526 974 1610 parabant3
996 1527 1104 1592 atalia
1118 1550 1203 1592 nova

137 1609 219 1674 nihil
234 1623 302 1674 tum
324 1611 430 1675 animo
454 1610 514 1675 tale
533 1611 724 1697 agitantibus
746 1625 944 1677 accesserunt
959 1613 1087 1678 auxilia.
1132 1613 1201 1680 Lu·

138 1697 211 1760 carri
227 1709 322 1783 atque
338 1697 447 1782 Apuli,
464 1697 577 1783 quibus
602 1697 747 1780 gentibue
769 1697 849 1762 nihil
871 1698 911 1764 ad
934 1721 1004 1764 eam
1027 1699 1112 1764 diem
1127 1723 1201 1766 cum

140 1781 290 1851 Romano
315 1783 434 1868 populo
457 1783 568 1860 fuerat,
590 1784 623 1846 iu
647 1782 744 1848 fidem
759 1798 924 1863 venerunt,
940 1807 1029 1853 arma
1052 1787 1201 1874 virosque

138 1869 179 1936 ad
204 1869 323 1940 bellum
348 1869 539 1953 pollicentes.
570 1869 688 1934 foedere
712 1892 789 1958 ergo
813 1873 845 1934 in
872 1872 1041 1936 amicitiam
1068 1873 1200 1959 accepti.

140 1953 263 2026 Eodem
287 1971 428 2040 tempore
453 1956 546 2022 etiam
567 1957 600 2020 in
617 1956 747 2022 Samnio
773 1979 822 2024 ree
843 1979 993 2044 prospere
1018 1973 1116 2044 gesta.
1139 1964 1202 2025 tria

137 2067 158 2106 o
181 2044 255 2127 pido
270 2045 302 2109 in
318 2055 502 2128 potestatem
531 2055 694 2120 venemnt,
717 2042 835 2124 Allifae,
857 2044 992 2122 Callifae,
1020 2045 1196 2112 Ruffrium:

136 2065 282 2214 aiiosque
305 2149 381 2217 ager
409 2129 514 2212 primo
539 2130 675 2194 adventu
701 2130 866 2194 oouaulum
892 2131 987 2219 longe
1006 2134 1132 2218 lateque
1154 2145 1200 2197 est

136 2229 343 2300 pervastatos.
389 2214 467 2280 Hoc
483 2215 565 2280 bello
579 2227 644 2280 tam
659 2237 809 2300 prospera
824 2218 1003 2296 commisso,
1019 2218 1110 2283 alteri
1121 2241 1200 2304 quo·

137 2325 200 2388 que
214 2301 309 2380 bello,
331 2325 397 2389 quo
413 2302 522 2366 Graeci
535 2301 772 2379 obsidebuntur,
791 2304 858 2388 jam
882 2303 953 2368 finis
973 2304 1091 2370 aderat.
1114 2327 1199 2382 nam,

138 2401 350 2474 praeterquam
375 2387 473 2474 quod,
487 2388 513 2426 ⁵⁴
522 2388 698 2472 interceptis
723 2390 926 2456 munimentis
951 2389 1104 2468 hostium,
1127 2414 1201 2477 para

134 2473 219 2560 parti
245 2474 383 2540 abscissa
411 2486 487 2551 erut,
510 2473 680 2540 ⁵⁵l'cedioru
709 2472 872 2561 aliquanto
900 2477 983 2542 intra
1012 2499 1122 2544 muros
1152 2478 1200 2559 iia,

137 2561 252 2645 quibua
275 2561 374 2626 hostis
396 2563 570 2637 territabat,
595 2560 814 2646 patiebanturt
836 2577 868 2628 et
883 2563 970 2628 velut
988 2565 1072 2649 capti
1088 2587 1107 2629 a
1121 2564 1200 2629 auia·

136 2648 278 2733 metipsis
299 2647 465 2733 praesidiis,
490 2647 621 2734 indigna
638 2648 705 2732 jam
728 2646 834 2716 liberis
854 2671 980 2735 quoque
1000 2673 1038 2716 ac
1058 2651 1200 2738 conjugi·

136 2733 206 2810 boa,
230 2748 358 2822 atquae
380 2733 695 2818 captarummbium
717 2745 857 2802 extrema
882 2751 965 2812 aunt,
987 2737 1198 2822 patiebantur.

135 2819 250 2906 ltaque
261 2841 371 2907 quum,
388 2821 888 2898 eta'larentoetaSamuitlbue,
905 2821 990 2888 fama
1010 2833 1100 2901 esset,
1117 2845 1200 2888 nova

136 2907 256 2972 auxilia
267 2915 411 2984 ventura,
428 2907 617 2973 Samnitium
634 2906 714 2991 plus,
730 2928 826 2992 quam
842 2907 965 2985 vellent,
982 2909 1067 2975 intra
1081 2911 1200 2975 moenia

136 2993 397 3060 asserebantur:
422 2993 670 3060 Tarentinorum
688 2994 898 3078 juventutem,
922 2995 1030 3060 Graeci
1055 2995 1197 3074 Graecos,

135 3077 220 3150 hautl
246 3082 348 3148 minua
362 3101 419 3164 per
440 3102 520 3166 quos
542 3079 676 3144 Samniti
693 3079 892 3168 Nolanoque,
909 3103 1004 3166 quum
1027 3096 1062 3148 ut
1078 3083 1197 3148 Roma-

134 3166 185 3238 nia
219 3165 363 3230 hostibus
388 3165 578 3242 resisterent,
601 3165 840 3245 exspectabant.
886 3167 1052 3233 Postremo
1080 3167 1198 3234 levissi-

138 3275 227 3320 mum
254 3251 410 3318 melorum
438 3252 558 3320 d'etlitio
587 3250 627 3317 ad
655 3251 821 3318 Romanoa
848 3253 923 3318 riso.
969 3254 1138 3320 Charilaus
1166 3271 1198 3322 et

135 3338 330 3424 Nymphius,
342 3338 499 3424 principes
509 3337 653 3414 civitatis,
673 3340 1043 3405 communicatointerae
1055 3340 1196 3420 coneilio,

133 3439 241 3512 partes
264 3424 306 3490 ad
331 3437 398 3490 re'tn
425 3423 581 3514 agendam
598 3423 742 3504 divisere,
763 3437 800 3488 ut
813 3424 892 3490 alter
911 3426 952 3491 ad
973 3428 1197 3514 imperatorem

168 3603 202 3651 63
219 3601 399 3652 [calamam
411 3635 418 3651 .
430 3633 436 3648 .
449 3635 456 3649 .
468 3636 476 3652 .
488 3602 650 3665 palato1'l'er·
683 3603 771 3662 martia,
784 3603 826 3664 qul
838 3603 919 3648 medio
937 3603 1002 3650 inter
1016 3611 1146 3664 utramque
1157 3619 1197 3652 ur·

134 3670 170 3716 tio
180 3669 274 3715 factum
286 3667 365 3715 tuerat
375 3681 439 3714 anuo
450 3667 507 3716 891.
524 3667 579 3714 Vld.
591 3669 647 3714 Vll.
682 3667 737 3713 bern
750 3667 802 3714 loco
818 3671 889 3726 capto
905 3667 1045 3714 societatem
1061 3669 1143 3715 mutui
1154 3683 1197 3716 au-

133 3733 157 3780 2
169 3733 262 3786 Quarta
278 3738 362 3780 aulen
375 3733 473 3794 quando
491 3733 585 3780 laetum
595 3733 647 3780 {aaa
681 3731 734 3780 xilr'l
744 3733 854 3780 amano·
864 3731 1018 3778 morant.

131 3797 174 3852 rit.
185 3809 306 3858 nunquam
317 3797 387 3846 docet
395 3796 489 3847 [Μαι.
715 3796 748 3844 ὄό
763 3796 870 3842 Foetlloro
879 3796 1009 3859 dqmm]
1031 3797 1104 3844 llone
1116 3802 1196 3844 totum

167 3861 200 3908 54
216 3862 353 3922 reama
379 3861 541 3924 monuero]
566 3862 650 3912 Murti-
681 3861 763 3909 locutu
780 3861 815 3908 ἡ
831 3861 1057 3920 tegttomnovtn.
1088 3861 1196 3907 Foedera

133 3932 221 3976 mant!
238 3927 278 3974 blo
295 3925 454 3987 intelletum
471 3927 594 3974 brachiu
604 3927 650 3974 aa
680 3925 799 3986 «ltqmto
808 3927 874 3972 latro
884 3937 962 3974 mum
979 3927 1021 3985 lia,
1033 3924 1196 3987 pethelmus

132 3991 215 4052 lnpoll
234 3991 413 4050 afflNaapollm
431 3993 513 4046 doctu,
532 4005 576 4050 per
593 4004 649 4052 quta
682 3991 812 4044 tumulat,
834 3993 865 4045 et.
893 3989 955 4036 uelut
977 3992 1041 4051 capel
1063 3989 1196 4047 cademot

132 4056 199 4102 aalma
213 4055 469 4116 damnemur·
484 4063 509 4104 et
525 4055 572 4104 aba
587 4057 649 4104 tnvt-
681 4053 860 4116 ΝΜ,
879 4051 982 4116 ¹14¹?ss
995 4059 1049 4119 Μ’
1070 4055 1096 4100 ⁶⁸
1116 4053 1195 4101 ’Μ

132 4119 516 4168 maonauufemami
543 4127 648 4180 poma.
681 4131 816 4181 quoquae
842 4120 1196 4181 mmmmm

133 4183 192 4232 th.
204 4197 279 4246 rupea
297 4197 319 4231 c.
336 4183 376 4232 28»
402 4183 464 4232 lloo
479 4185 555 4246 &aar
569 4185 650 4232 maml-
679 4197 736 4231 m
754 4183 847 4230 mlum
865 4187 969 4232 m
987 4189 1051 4242 eant,
1073 4183 1195 4245 poem

132 4255 226 4302 menta.
243 4251 295 4296 alre
308 4248 408 4295 brachla
420 4249 649 4311 sommium
680 4252 728 4298 ter.

133 4319 168 4368 ta,
188 4315 239 4360 alre
256 4314 400 4374 interrupta,
420 4313 532 4362 laterclu-
548 4315 579 4360 ab
599 4313 648 4361 aa·
