3032 4924
332 150 390 216 am
719 141 831 214 Tr'rr
859 139 996 208 Livii

176 327 205 384 u,
218 325 309 386 ussi,
333 303 500 390 adpellata,
519 303 763 390 ”moremus
782 301 903 378 labellis
924 302 1117 390 potissimum
1131 301 1286 373 Atellanis
1299 312 1385 368 sunt.

175 389 310 448 biiii·
334 391 429 462 Quod
457 412 556 480 genus
587 390 735 458 ludorum
762 389 801 456 ab
830 389 921 456 Oscis
954 401 1117 476 acceptum
1144 391 1248 454 tenuit
1273 389 1388 474 juven-

175 493 285 542 ltxsrua:
334 491 395 555 tus,
419 500 477 542 nec
502 478 543 542 ab
565 476 769 542 histrionibus
793 476 893 563 pollui
917 497 1008 561 passa
1032 491 1089 550 est.
1132 475 1182 544 Eo
1207 476 1387 543 institutum

174 559 300 607 sauma
335 577 454 644 manet,
476 577 511 629 ut
530 575 651 640 actores
674 563 890 636 Atellanarum
913 585 973 632 nee
995 562 1020 605 ²¹
1033 563 1115 631 tribu
1135 575 1332 638 moveantur,
1357 572 1392 628 et

334 649 500 734 stipendis,
526 666 685 738 tamquam
708 662 852 734 expertes
872 650 948 717 artis
973 648 1116 728 ludicrae,
1130 647 1256 714 faciant.
1302 647 1392 715 Inter

334 736 467 803 aliarum
483 758 580 821 parva
590 736 746 821 principia
756 757 872 811 rerum,
885 733 1031 803 ludorum
1043 757 1167 822 quoque
1176 734 1285 819 prima
1297 733 1391 832 origo

336 823 484 906 ponenda
507 824 573 888 visa
597 835 661 888 est:
695 837 731 888 ut
754 821 930 908 adpareret,
956 821 982 862 ²²
996 843 1090 924 quam
1114 822 1156 886 ab
1183 842 1262 894 sano
1294 819 1390 884 initio

335 931 384 974 res
395 908 426 974 in
438 907 521 984 banc
535 909 589 976 vix
599 907 756 995 opulentis
765 909 869 996 regnis
883 908 1075 980 tolerabilem
1087 907 1241 976 insaniam
1256 907 1393 972 venerit.

379 993 444 1062 111.
467 995 537 1066 Nec
558 1008 662 1060 tamen
687 995 833 1061 ludorum
858 996 996 1079 primum
1018 993 1154 1071 initium,
1180 991 1393 1077 procurandis

336 1080 542 1232 reliponibue
555 1081 676 1160 datum,
692 1095 747 1147 aut
766 1080 919 1169 religione
940 1081 1071 1156 animos,
1087 1091 1142 1148 sut
1156 1099 1291 1164 corpora
1304 1097 1393 1145 mor·

337 1169 384 1246 bie
434 1167 529 1244 pavit.
574 1170 628 1232 uin
650 1168 754 1245 etiam,
771 1189 868 1253 quum
892 1166 1011 1232 modios
1035 1166 1116 1234 forte
1137 1165 1230 1238 ludos
1248 1163 1392 1229 ”circus

338 1253 448 1325 Tiberi
469 1275 548 1339 supe
579 1278 635 1320 uso
649 1255 802 1344 inrigatus
826 1252 1005 1338 inpediaaet,
1020 1252 1053 1317 id
1068 1274 1154 1333 vero,
1169 1251 1256 1316 reiut
1277 1247 1396 1317 aversis

331 1340 398 1425 jam
415 1341 487 1409 Diis
502 1341 557 1409 ads
598 1340 825 1425 rnantibusque
835 1339 1009 1424 placamina
1027 1339 1096 1418 irre,
1110 1354 1262 1408 terrorem
1278 1337 1393 1424 iugen-

176 1442 310 1492 ti.c.snr.
335 1439 399 1492 tem
422 1427 506 1492 lecit.
570 1441 663 1513 taque
689 1427 748 1492 Cn.
776 1427 932 1503 Genucio,
959 1429 995 1490 L.
1023 1424 1157 1490 AEnaiiio
1190 1422 1394 1493 Mamercino

175 1508 310 1620 affl·
336 1513 508 1578 secundum
534 1514 724 1593 consulibua,
749 1534 847 1598 quum
875 1512 1070 1597 piaculorum
1086 1511 1186 1598 magis
1201 1510 1394 1595 conquisitio

173 1599 312 1690 etates:
335 1600 466 1675 mimos,
500 1621 594 1685 quam
624 1621 758 1684 corpora
789 1599 903 1675 morbi,
932 1597 1113 1674 adficerent,
1145 1597 1316 1682 repetitum
1351 1617 1394 1660 ex

175 1765 240 1812 Coss.

176 1953 284 2002 Manlius

173 2019 276 2066 dictator

174 1703 243 1748 mitto
255 1702 287 1749 11.
335 1687 493 1749 seniorum
517 1687 668 1750 memoria
693 1685 818 1762 dicitur,
844 1685 870 1722 ²⁴
936 1683 1087 1748 tilentiam
1109 1683 1272 1834 puondam
1298 1682 1394 1748 olavo

334 1771 377 1835 ab
400 1769 554 1836 dictatore
576 1771 645 1836 lixo
664 1773 814 1838 sedatam.
923 1770 1107 1854 religionen
1130 1769 1242 1834 ductus
1265 1780 1393 1834 senatrm

334 1849 521 1923 dictatorem
536 1846 750 2007 claviffifipendi
771 1879 880 1922 caussa
897 1857 960 1922 dici
981 1856 1082 1944 jussit.
1104 1856 1208 1920 dictus
1232 1854 1273 1918 L.
1296 1855 1395 1918 Man·

335 1941 396 2006 lius
426 1942 631 2028 Imperiosus,
689 1990 697 2006 .
724 1943 887 2007 Pinarium
917 1944 1100 2028 magistrum
1126 1942 1268 2030 equitum
1297 1940 1394 2006 dixit.

337 2031 404 2092 lex
427 2040 547 2094 vetusta
570 2043 627 2107 est,
650 2029 762 2115 priscis
777 2030 875 2096 literis
890 2029 1053 2115 verbisque
1078 2029 1203 2114 scripta,
1226 2039 1272 2103 ut,
1298 2025 1394 2114 ”qui

335 2127 454 2200 praetor
479 2115 635 2180 maximus
663 2117 712 2192 sit,
743 2115 854 2180 Idibus
888 2114 1126 2202 Septembribus
1153 2114 1279 2178 clavum
1312 2133 1396 2198 pan-

334 2213 399 2290 gat.
443 2201 470 2240 ²⁰
483 2201 586 2266 Fixa»
600 2203 660 2267 fuit
673 2203 700 2246 ¹⁷
710 2203 823 2268 dextro
837 2201 927 2267 lateri
938 2203 1016 2266 redis
1029 2201 1116 2266 Joris
1127 2200 1238 2285 optimi
1250 2199 1393 2276 maximi,

726 2353 740 2393 ὗ
756 2356 833 2404 Fusa
844 2357 918 2404 Gron.
930 2357 999 2404 Creu.

335 2498 372 2538 ter
391 2503 452 2551 quos
470 2489 619 2548 mussans,
630 2492 741 2552 ignorant
752 2487 778 2536 el
788 2489 846 2538 inde.
881 2489 1010 2536 tolerabilis
1021 2489 1091 2537 foret.

336 2555 422 2615 ltaque
432 2553 493 2601 illud
504 2557 587 2602 eradat
597 2555 661 2604 lieet.
913 2553 945 2600 28
957 2553 1052 2616 Circus]
1070 2555 1154 2614 ltaque
1163 2552 1215 2599 ludi
1222 2550 1398 2600 etirmrccnici

369 2619 401 2668 20
424 2619 578 2680 Cemmenus
596 2617 702 2682 subruis]
732 2621 849 2666 Constant
880 2619 959 2679 primo
969 2619 995 2664 in
1006 2617 1075 2665 Circo
1085 2617 1134 2664 acti
1143 2623 1207 2664 runt.

333 2697 363 2748 ex
375 2680 468 2730 labellis
484 2683 611 2730 Atellanis.
643 2683 703 2730 inde
714 2685 849 2744 promiscue
913 2681 945 2729 et
962 2681 1121 2730 Pestilentiom
1132 2675 1257 2742 quondam]
1274 2678 1397 2728 Hauon

334 2754 483 2810 usurpantur
492 2747 597 2794 crodium
608 2753 632 2792 et
640 2747 757 2796 Atellano.
780 2747 849 2808 Saepe
880 2761 910 2796 eo
920 2761 991 2794 sensu
1004 2747 1159 2808 intelligenda
1175 2745 1297 2804 videntur,
1309 2753 1338 2794 ut
1349 2747 1399 2793 cla·

333 2811 409 2858 etiarn
427 2811 499 2858 ambo
519 2811 634 2859 voeabula
652 2809 800 2874 junguntur,
821 2819 849 2858 ut
881 2827 926 2858 vus
945 2808 998 2874 jam
1017 2818 1097 2872 antea,
1115 2809 1258 2870 pestilentia
1285 2811 1398 2858 ssdandt

334 2875 399 2933 apud
419 2874 517 2922 Sueten.
528 2877 554 2921 in
565 2873 620 2922 Tib.
632 2890 654 2923 c.
665 2874 704 2922 45.
721 2874 850 2922 Atellanico
881 2889 962 2930 cause,
973 2889 988 2922 a
998 2873 1114 2922 dictatore
1127 2875 1188 2922 fixus
1198 2873 1274 2922 luisse
1286 2875 1397 2930 dicoturr

333 2937 457 2992 aare,er
474 2941 538 3000 apud
555 2939 847 2988 Juven.sn.v1.s.tl.
880 2943 922 2988 sed
939 2939 1075 2999 pestilentia
1091 2942 1195 3000 quodam
1214 2952 1280 2988 anno
1291 2953 1345 2986 esre
1362 2952 1399 2986 ae·

333 3001 742 3054 eamn....AuuanaeAsresoes.
775 3005 849 3050 Porro
880 3001 1251 3064 data,quumclavusannomm
1263 3007 1399 3052 indeamu

333 3065 447 3114 Atellano
466 3065 559 3128 sabella*
580 3069 611 3114 ab
631 3067 707 3115 Atella
732 3069 848 3116 Oscomm
881 3071 911 3116 ab
922 3069 1041 3116 ordinario
1057 3069 1209 3128 magistratu,
1229 3069 1272 3116 sed
1288 3083 1305 3116 a
1324 3068 1401 3116 dicta·

332 3129 439 3185 civitate,
460 3133 501 3178 ubi
523 3133 629 3192 primum
654 3133 849 3190 senuissent,
882 3142 932 3182 tore
945 3133 1084 3180 lassasset.
1118 3133 1399 3194 Undsarpumeutaban·

334 3207 422 3240 nomen
450 3201 579 3242 uexerant.
612 3197 678 3246 Jocis
702 3205 727 3245 et
748 3199 848 3254 salibus,
882 3205 921 3246 tur
938 3197 1033 3244 clavum
1045 3198 1076 3244 ab
1087 3198 1202 3244 dictatore
1221 3199 1299 3246 fixum
1317 3197 1401 3244 leran-

333 3258 449 3304 modestis
473 3266 554 3322 tamen
582 3263 661 3324 primo
682 3268 707 3310 et
728 3263 848 3324 ingenuis,
881 3263 912 3310 do
923 3261 1008 3310 morbo
1018 3261 1138 3308 salubrem
1149 3261 1230 3310 luisse.
1264 3263 1323 3311 Vid,
1335 3261 1400 3308 iutra

333 3324 571 3374 commendabantur.
611 3325 673 3374 Ores
692 3327 774 3388 lingua
792 3339 848 3386 age·
882 3325 956 3374 Vlli.
974 3324 1011 3370 18.
1028 3327 1093 3374 aliud
1110 3327 1259 3386 exemplum,
1277 3327 1400 3386 aliamue

333 3387 430 3442 baritur,
453 3397 581 3450 postquam
606 3392 680 3438 etism
705 3391 767 3438 Osca
790 3403 849 3450 gena
881 3403 979 3438 causam
998 3391 1121 3438 dictatoris
1136 3391 1198 3438 cirri
1218 3393 1309 3452 figendi
1328 3403 1402 3440 causa

333 3463 385 3498 esse
406 3453 524 3501 declarate
545 3455 610 3502 unda
630 3457 771 3502 dicebamur
790 3467 849 3514 que
881 3457 963 3504 murti.

334 3529 382 3574 que
403 3515 456 3564 Orci
476 3517 533 3563 ludi.
565 3519 627 3568 Osca
643 3527 727 3568 autem
744 3532 805 3582 gens
824 3519 848 3564 in
914 3519 945 3568 2⁵
970 3518 1016 3574 Qui
1033 3523 1121 3580 proetar
1139 3522 1255 3568 numm
1276 3521 1323 3584 eil]
1349 3519 1399 3576 Qut

270 3613 277 3634 ,
336 3579 469 3640 campania
502 3573 557 3638 suit,
590 3585 616 3630 ln
651 3585 712 3631 duos
749 3583 850 3642 populos
882 3585 1011 3644 imperium
1022 3597 1148 3630 summum
1159 3585 1291 3634 incivitate
1302 3587 1398 3634 baberi·

334 3643 421 3699 divisa,
445 3645 572 3695 Auruncos
600 3661 687 3710 nempe
714 3656 738 3694 et
767 3645 851 3694 Sidici·
883 3645 1250 3710 Proetorproprieirpsiprsttt.

336 3721 389 3756 nos.
915 3713 947 3759 26
963 3711 1040 3759 Firsr
1052 3709 1119 3774 suit]
1146 3711 1199 3773 Figr'
1224 3715 1312 3762 subtus
1339 3719 1399 3762 crat.

367 3772 396 3819 21
419 3773 492 3822 Treba
503 3777 648 3840 mcvmntm]
667 3775 724 3826 Vid.
740 3782 792 3825 not.
809 3774 849 3824 23.
883 3777 953 3826 MSS.
969 3778 1019 3824 tere
1030 3789 1114 3824 omnes
1125 3777 1286 3838 habemjisa,
1299 3785 1328 3826 ut
1339 3779 1401 3826 reie-

335 3837 366 3882 sd
377 3851 398 3884 r.
412 3837 452 3886 24.
463 3841 478 3884 1.
491 3839 536 3887 tv.
673 3837 677 3858 ¹
882 3843 990 3888 raturad
1001 3841 1088 3900 legem.
1122 3839 1218 3888 Utrouis
1232 3843 1307 3890 modo
1324 3845 1401 3903 legas,

369 3899 400 3952 rt
419 3901 493 3958 Quom
503 3904 531 3950 ab
540 3919 595 3952 raso
605 3905 685 3970 initio]
706 3905 786 3960 Quam
798 3919 850 3954 mo·
882 3907 950 3965 parvi
957 3905 1040 3962 refert,
1050 3918 1127 3964 quum
1138 3911 1163 3952 et
1174 3907 1253 3966 legem
1264 3911 1291 3954 ct
1302 3909 1400 3956 ciarum

334 3965 389 4012 dico
404 3971 429 4012 et
445 3975 511 4014 arcto
521 3976 620 4030 sumptu
632 3971 714 4032 peragi
724 3977 850 4032 coeptarss
882 3971 972 4018 ibidem
991 3971 1039 4016 dra
1057 3983 1108 4016 eras
1124 3971 1257 4020 admodum
1269 3971 1401 4020 verisimile

335 4031 462 4076 exeruerit
479 4033 565 4080 deinde
581 4033 605 4080 in
623 4035 694 4090 barte,
706 4049 781 4096 quam
794 4049 848 4082 nos-
882 4034 997 4094 videatur.

335 4099 372 4138 tro
392 4107 444 4140 tro
462 4095 581 4150 ridemus,
598 4105 742 4158 sumptuum
758 4100 848 4146 insani-
914 4099 944 4146 tt
961 4099 1052 4146 Dcrlro
1065 4097 1210 4162 ialeriredir]
1230 4097 1398 4160 Capitolinum

334 4159 634 4220 am,quaevixopulentis
653 4163 742 4224 regnis,
759 4165 849 4210 nedum
882 4165 1001 4224 templum
1021 4170 1070 4210 tres
1086 4164 1150 4210 redes
1171 4177 1239 4223 pares
1261 4165 1403 4212 sanuserat

299 4261 301 4268 ›
334 4219 434 4277 privatis
451 4225 558 4270 edilium
575 4226 735 4286 patrimoniis,
753 4229 796 4288 qui
813 4229 850 4275 lu·
881 4228 1051 4290 communibus
1070 4227 1174 4276 inclusas
1193 4227 1324 4276 later-ibren:
1348 4241 1401 4276 ms·

333 4280 377 4348 dps
401 4285 451 4332 stris
473 4287 589 4348 bupansia
609 4289 731 4338 faciendos
754 4299 848 4350 rurant,
881 4291 956 4350 dmm,
972 4293 1056 4350 Jovis;
1073 4306 1089 4340 a
1105 4282 1228 4349 lateribus,
1239 4293 1343 4346 altam
1355 4293 1403 4342 lu-
