3034 4916
304 177 413 242 vase
666 161 667 166 '
740 179 852 240 τιτι
880 165 1015 242 alvu

196 344 332 411 mnus.
356 365 450 410 cumn
475 343 575 410 effuso
598 343 631 409 in
650 343 773 410 hostem
792 342 945 410 feruntur.
991 343 1066 408 Non
1091 347 1250 431 tamqnam
1272 344 1309 408 in
1333 344 1415 410 viros

195 427 332 478 ‘'ic-³⁰⁷·
356 445 411 498 ant
439 437 577 496 armatos
602 431 785 506 incurrunt:¹
809 430 847 515 (⁷⁴
862 429 1020 494 mirabilia
1044 429 1168 512 dictul)
1194 433 1286 519 signa
1311 430 1415 517 primo

355 518 435 604 eripi
450 530 555 602 coepts
569 515 740 605 signiferis3
762 516 879 582 deinde
891 516 952 618 ipsi
977 515 1116 605 signiferi
1137 516 1222 582 trabi
1241 520 1282 582 ad
1302 540 1415 584 cousu-

355 603 427 682 lem,
444 604 619 691 armatique
634 603 747 669 milites
761 625 801 667 ex
815 603 884 668 acie
900 603 1047 668 maciem
1069 602 1245 671 transferri.
1259 617 1303 682 et,
1315 604 1415 670 sicubi

354 699 402 756 est
424 701 595 768 certamen,
610 690 705 755 scutis
721 689 830 776 magis,
842 711 936 774 quam
950 688 1074 776 gladiis,
1089 690 1210 778 geritur
1227 711 1289 756 res.
1336 693 1414 756 Um·

355 776 491 842 bonibus
512 775 539 820 ⁷⁵
550 774 736 862 incussaque
760 775 813 841 ale
836 788 1020 841 sternuntur
1045 775 1161 842 hostes.
1191 776 1264 862 plus
1290 776 1415 864 capitur

354 862 529 940 hominum,
556 885 652 950 quam
676 860 826 927 caeditur:
849 871 944 948 atque
957 883 1021 927 uns
1037 883 1100 928 vox
1114 883 1234 948 ponere
1255 885 1348 929 arma
1361 865 1412 949 jn-

354 950 494 1014 bentium
509 971 566 1036 per
580 961 678 1014 totam
694 947 793 1014 fertur
806 948 918 1014 aciem.
962 947 979 1012 I
1034 971 1076 1012 ue
1089 949 1172 1014 inter
1191 950 1297 1034 ipsum
1312 965 1412 1016 certa-

352 1057 424 1101 men
444 1033 528 1100 facta
547 1035 668 1101 deditio
686 1046 735 1101 est
748 1057 767 1099 a
781 1036 891 1120 primis
910 961 1091 1100 auctir-lma
1112 1034 1196 1102 belli.
1218 1048 1353 1120 postero
1366 1036 1411 1100 in·

352 1121 616 1210 sequentibusque
626 1121 736 1186 diebus
750 1133 782 1186 et
796 1121 891 1186 ceteri
904 1119 1104 1186 Umbrorum
1120 1120 1233 1208 populi
1243 1123 1411 1189 deduntur.

352 1208 537 1276 Ocriculani
551 1207 720 1294 sponsione
733 1208 767 1272 in
782 1207 953 1272 amicitiam
967 1207 1099 1293 accepti

395 1287 510 1361 XLII.
534 1293 663 1378 Fabius,
679 1292 791 1359 eliense
806 1292 899 1358 sortis
913 1292 1014 1358 victor
1028 1293 1114 1375 belli,
1129 1293 1162 1357 in
1177 1313 1267 1359 suam
1283 1295 1409 1379 provin·

350 1379 435 1446 'ciam
455 1382 628 1447 exercitum
652 1379 790 1446 reduxit¹
813 1380 920 1468 itaque
934 1380 974 1456 ei,
989 1379 1033 1444 ob
1047 1401 1096 1444 res
1111 1393 1176 1445 tam
1190 1378 1324 1446 feliciter
1342 1404 1410 1470 ges·

350 1479 409 1548 tas,
424 1469 505 1533 sicut
515 1466 623 1553 priore
636 1488 722 1532 anno
736 1464 872 1554 populus
886 1466 1127 1532 continuaverat
1139 1466 1353 1546 consulatum,
1368 1468 1410 1534 its

187 1566 219 1614 u.
230 1568 256 1612 c.
268 1566 324 1616 sto
349 1567 475 1620 senatus
488 1555 521 1618 in
537 1554 753 1642 insequentem
769 1574 888 1618 annum
900 1561 922 1631 ¹,
941 1574 1006 1638 quo
1022 1553 1085 1639 Ap.
1103 1552 1269 1630 Claudius,
1287 1553 1330 1620 L.
1346 1553 1409 1619 Vo-

188 1633 219 1678 Α·
232 1634 258 1677 ⁰·
268 1631 324 1682 ³⁰⁶·
347 1639 486 1704 lumnius
501 1640 645 1706 consules
659 1638 798 1716 fuerunt,
813 1639 1004 1726 prorogavit,
1021 1637 1159 1704 maxime
1174 1640 1285 1725 Appio
1298 1640 1409 1706 adver-

187 1697 237 1820 ffss,
247 1697 338 1808 Ἃ
347 1739 445 1804 sante,
469 1727 648 1812 imperium.
692 1726 836 1876 quium
861 1747 1025 1790 censorem
1052 1727 1170 1811 petisse
1197 1726 1407 1806 consulatum,

187 1824 280 1872 lumnio
347 1813 537 1902 comitiaque
550 1813 618 1899 ejus
633 1812 672 1877 ab
688 1812 728 1876 L.
773 1811 844 1876 urio
859 1810 992 1877 tribuno
1034 1811 1113 1877 lebia
1128 1811 1339 1898 interpellata,
1353 1813 1409 1878 dn

187 1888 255 1937 ⁰⁰³⁸·
346 1912 406 1963 nec
428 1917 461 1962 se
482 1917 615 1962 censura
639 1897 804 1974 abdicavit,
829 1896 999 1984 inquibus
1022 1919 1072 1963 am
1088 1897 1256 1964 annalibus
1271 1899 1406 1978 invenio.

185 1987 310 2066 sarianum
348 1983 482 2049 Crestus
507 1982 626 2060 consul,
652 2005 753 2070 quum
778 1983 909 2070 collegae
934 2003 1051 2049 norum
1081 1983 1212 2063 bellum,
1240 1985 1408 2051 Sallentini

185 2061 250 2100 Μ’·
345 2069 451 2135 hostes
464 2069 720 2148 decernerentur,
739 2069 853 2134 Romae
865 2071 990 2147 mansit,
1008 2081 1042 2134 ut
1055 2069 1185 2136 urbanis
1200 2073 1323 2136 artibus
1334 2095 1407 2158 opes

345 2169 482 2244 augeret,
505 2155 634 2242 quando
654 2155 727 2220 belli
747 2155 844 2221 docus
858 2177 956 2242 penes
970 2154 1048 2220 alios
1063 2167 1152 2222 esset.
1197 2156 1407 2224 Volumnium

344 2241 518 2328 prouinciae
541 2242 625 2307 haud
646 2241 806 2329 poenituit.
830 2244 931 2308 multa
945 2242 1083 2308 secunda
1098 2242 1211 2327 proelia
1232 2245 1326 2309 lecit:
1349 2245 1405 2310 ali·

344 2342 422 2416 quot
436 2331 531 2395 nrbes
546 2328 683 2394 bostium
700 2329 730 2393 vi
745 2329 837 2413 cepit
861 2327 980 2413 praetloe
1002 2342 1070 2394 eret
1089 2328 1232 2418 largitor,
1247 2343 1280 2396 et
1295 2330 1404 2432 beniq-

343 2415 475 2481 nitatem
486 2429 555 2565 qscr
577 2437 611 2480 se
632 2425 754 2502 gratam
776 2415 926 2480 comitate
947 2413 1134 2502 adjuvabam
1156 2416 1355 2568 militemque
1369 2421 1405 2482 iss

342 2501 462 2568 artibus
498 2515 600 2566 ecerat
625 2515 657 2566 et
681 2501 814 2588 periculi
839 2512 872 2566 et
896 2501 1014 2566 laboris
1035 2501 1173 2567 avidum.
1218 2501 1263 2578 Q.
1316 2504 1404 2570 abins

342 2586 512 2674 proconsul
528 2587 568 2652 ad
586 2588 697 2652 urbem
718 2586 828 2652 Allitas
848 2609 921 2652 cum
943 2588 1135 2654 Samnitium
1150 2589 1294 2666 exercitu
1309 2590 1405 2678 signis

341 2673 474 2740 conlutis
499 2673 649 2762 confligit.
671 2673 802 2738 minime
826 2674 976 2761 ambigua
996 2692 1046 2739 rss
1066 2673 1137 2738 fuit.
1182 2673 1258 2740 Fnsi
1286 2675 1402 2753 hostes,

341 2767 436 2846 atque'
459 2761 492 2824 in
515 2772 619 2833 castra
638 2759 803 2844 compulsi.
826 2779 885 2823 nec
904 2769 1007 2825 castra
1019 2759 1124 2826 forent
1137 2773 1271 2838 retenta,
1285 2761 1320 2825 ni
1335 2762 1403 2826 exi·

340 2863 440 2935 guum
455 2845 657 2930 superfuisset
670 2845 749 2910 diei:
771 2849 846 2912 a'nte
859 2859 984 2911 noctem
1008 2853 1113 2911 tainen
1128 2860 1201 2911 sunt
1216 2849 1404 2913 circumses-

341 2952 385 3009 sa,
421 2945 550 2998 tuocte
571 2931 739 3009 custodita,
755 2953 796 2998 ue
861 2931 889 2996 is
914 2932 997 2996 elabi
1020 2939 1137 3018 posset.
1184 2931 1325 3012 Postero,
1340 2934 1403 3013 die,

341 2955 469 3083 vixrlu‘m
491 3018 563 3082 luce
577 3029 672 3096 certa,
688 3017 809 3082 deditio
852 3016 897 3082 eri
916 3031 1040 3104 coeptu:
1063 3031 1094 3083 et
1115 3019 1213 3104 paoli,
1229 3020 1285 3107 qui
1310 3021 1403 3087 Sama

340 3104 455 3170 nitium
468 3104 581 3181 forent,
600 3115 635 3169 ut
648 3125 722 3169 cum
734 3104 866 3190 singulis
880 3105 1072 3169 vestimentis
1087 3105 1317 3170 emitterentur.
1353 3107 1402 3172 Hi

337 3193 448 3256 'omn'es
469 3193 527 3254 sub
537 3191 652 3321 jnqqm
668 3190 767 3256 missi.
790 3191 882 3255 suciis
899 3191 1088 3256 Samnitium
1105 3191 1186 3255 nihil
1200 3205 1344 3258 cautum.
1359 3193 1400 3258 ad

338 3286 458 3363 septem
472 3275 571 3342 millia
621 3276 680 3342 snb
695 3297 813 3342 corona
827 3279 962 3342 veniere.
981 3280 1039 3364 qui
1055 3283 1089 3342 se
1102 3276 1202 3342 ciuem
1221 3279 1400 3344 Hernicum

336 3363 469 3442 dixerat,
493 3383 633 3428 seorsum
656 3364 688 3428 in
713 3363 856 3428 custodia
878 3362 1014 3428 babitus.
1059 3363 1125 3428 llos
1146 3369 1266 3440 omues,
1280 3365 1398 3430 Fabius

339 3449 475 3515 Romam
497 3450 536 3514 ad
557 3455 702 3515 senatum
729 3450 831 3515 misit:
855 3462 896 3526 et,
921 3459 1019 3536 qnu'm
1046 3451 1214 3536 quaesitum
1233 3448 1399 3531 essetne-

335 3535 430 3613 lectu,
447 3557 487 3602 an
508 3535 678 3601 voluntarii
693 3558 753 3621 pro
774 3535 968 3602 Samnitibus
984 3535 1132 3600 adversus
1153 3535 1318 3601 Romanos
1330 3537 1400 3601 b'els

336 3623 467 3708 lassent,
487 3631 546 3708 pair
573 3621 704 3687 Latinos
727 3619 866 3708 populos
888 3621 1085 3687 custamenti
1107 3621 1236 3686 dantur.
1253 3623 1400 3708 jussique

333 3725 403 3776 eam
428 3713 472 3775 int
531 3731 581 3774 am
603 3731 670 3774 rem
692 3709 767 3772 novi
788 3707 942 3786 consules,
963 3707 1397 3786 sequestraremus).

335 3793 479 3862 Mticius
525 3795 675 3873 remulus,
700 3793 734 3879 (ii
757 3794 842 3858 enim
863 3795 930 3880 jam
956 3795 1054 3860 creati
1076 3796 1181 3876 erant)
1197 3795 1237 3859 ‘ad
1252 3804 1396 3861 senatum

612 3955 626 3996 t
641 3955 733 4000 amatus
743 3951 872 4012 tanqam
881 3963 942 3996 asso
953 3949 1029 3998 Gron.
1041 3949 1111 3999 Creu.

363 4073 621 4147 llMirnbtiladts‘ta]
639 4081 844 4136 liquescentis,
878 4077 1049 4128 xxxam
1077 4075 1396 4125 summanum

329 4147 535 4205 quemadmodum
562 4147 654 4209 sigonii
681 4154 750 4194 vetus
777 4145 846 4204 liber,
874 4144 1002 4206 pabeam.

329 4207 514 4257 stammam
910 4209 941 4264 ⁷.ss
957 4207 1110 4273 Srsbcsrcsa]
1123 4203 1185 4254 vsu.
1197 4211 1248 4254 sot.
1263 4203 1305 4255 98.
1324 4207 1356 4254 sd
1371 4221 1393 4254 c

362 4270 394 4322 '15
409 4273 618 4340 1mm...ata]
636 4275 737 4324 lncnsso
748 4277 844 4322 lacerto·
876 4271 916 4322 1⁷.
929 4274 945 4322 1.
957 4271 991 4322 11.

328 4335 421 4388 sanem
456 4337 544 4386 locutio
578 4353 662 4388 rursus
696 4341 801 4388 occurrit
827 4339 845 4388 l.
