3034 4916
459 159 511 219 Li
521 161 554 219 B.
576 157 614 218 X.
639 159 701 218 CA
712 159 743 218 P.
770 157 918 220 xxvlu.
1169 165 1225 219 585

163 337 228 390 tam
243 321 404 390 instruxit.
425 321 564 389 secunda
578 335 611 388 et
624 333 737 409 quarta
750 343 823 388 cum
839 323 879 388 L.
895 321 1069 387 Volumnio
1090 345 1225 409 procon-
1236 340 1266 388 u,
1278 340 1304 387 u.
1314 335 1370 386 etr.

58 419 62 424 '
165 413 233 476 sule
258 411 291 474 iu
317 409 448 476 Samnio
470 413 623 499 gerebant
648 409 776 474 bellum.
823 409 932 474 Primo
961 431 1118 474 concursu
1147 411 1226 474 adeo
1234 406 1265 452 A·
1278 404 1306 452 ⁰·
1314 399 1368 450 ²⁹⁵·

164 497 264 598 aequis
279 495 397 562 viribus
410 510 499 584 gesta
513 519 563 561 res
584 510 641 571 est,
661 507 706 574 ut,
723 497 749 560 si
764 494 937 562 adfuissent
958 496 1085 561 Etrusci
1100 507 1132 562 et
1144 497 1226 562 Um·

163 584 225 661 bn,
241 583 344 648 autin
367 583 445 662 acie,
461 595 516 648 aut
536 583 571 647 in
593 583 715 664 castris,
730 601 929 670 quocumque
955 603 988 646 se
1011 581 1225 665 inclinassent,

165 670 231 735 acci
257 667 350 734 ienda
363 668 469 735 clades
479 668 583 734 fuerit.

246 755 377 822 xvllr.
401 755 564 838 Ceterum,
586 775 780 904 quamquam
806 754 981 819 communis
1006 755 1112 821 adbuc
1136 756 1227 823 Mars

164 842 242 906 belli
257 855 333 921 erat,
349 841 485 907 necdum
505 840 674 907 discrimen
701 856 816 905 ortuna
830 840 955 918 fecerat,
975 863 1038 928 qus
1051 843 1164 908 datura
1179 844 1226 908 vi-

165 947 216 993 res
241 944 330 1008 esset,
345 928 592 1016 haudquaquam
618 927 727 992 similis
752 948 862 1014 pugna
884 927 916 990 in
942 926 1058 992 dextro
1082 929 1227 1016 laevoque

165 1036 266 1079 cornu
290 1031 366 1081 erat.
412 1015 550 1080 Romani
572 1013 658 1100 apud
678 1013 812 1079 Fabium
834 1013 985 1078 arcebant
1002 1015 1113 1104 magis,
1130 1039 1226 1102 quam

164 1099 352 1180 inferebant,
373 1123 532 1191 pugnam3
555 1100 839 1186 extrahebaturque
859 1100 894 1164 in
916 1123 1010 1186 quam
1029 1101 1164 1167 maxime
1178 1121 1225 1168 se-

165 1209 238 1252 rum
253 1187 316 1252 ‹liei
331 1200 506 1253 certamen:
527 1188 659 1274 quisita
673 1207 857 1272 persuasum
872 1203 939 1252 erat
953 1187 1037 1264 duci,
1053 1201 1085 1252 et
1100 1189 1226 1253 Samni-

165 1287 213 1338 tes
227 1287 259 1338 et
274 1273 385 1340 Gallos
405 1274 509 1359 primo
531 1275 641 1360 inpetu
665 1272 786 1338 feroces
807 1295 883 1353 esse,
899 1295 977 1360 quos
992 1274 1139 1338 sustineri
1154 1276 1226 1340 setis

164 1361 225 1436 'sit3
244 1361 389 1446 longiore
402 1361 575 1426 certamine
589 1360 703 1425 sensim
726 1358 864 1424 residere
879 1359 1069 1424 Samnitium
1086 1361 1226 1426 animost

167 1445 334 1510 Gallorum
349 1447 477 1532 quidem
492 1447 588 1512 etiam
602 1468 737 1532 corpora
754 1444 1028 1510 intolerantissima
1046 1445 1164 1510 laboris
1178 1461 1226 1512 at-

166 1551 229 1620 que
243 1547 337 1599 oestus
350 1533 486 1609 ⁸fluere;
510 1535 676 1620 primaque
689 1554 799 1598 eorum
819 1532 933 1618 proelia
946 1531 1018 1617 plus
1033 1555 1126 1619 quam
1142 1533 1226 1598 viro-

166 1639 251 1701 rum,
265 1635 424 1705 postrema
439 1621 543 1684 minus
560 1641 654 1706 quum
676 1617 864 1684 feminarum
879 1640 953 1684 esse.
999 1619 1085 1684 In‘id
1101 1633 1226 1705 tempus

166 1705 274 1806 igitur,
291 1728 355 1794 qno
369 1706 453 1772 vinci
472 1705 593 1771 solebat
606 1703 715 1783 hostis,
731 1727 825 1790 quam
840 1704 1058 1792 integerrimas
1071 1706 1152 1770 vires
1167 1707 1227 1770 mi·

167 1792 215 1856 lrti
241 1793 395 1858 servabat.
441 1792 592 1858 Ferocior
611 1791 732 1858 Decius
756 1808 788 1856 et
811 1803 906 1856 aetate
928 1804 959 1856 et
983 1794 1093 1881 vigore
1117 1793 1226 1870 animi,

167 1893 457 1966 quantumcumque
470 1879 584 1944 virium
605 1878 727 1957 babuit,
742 1878 914 1943 certamine
928 1878 1033 1962 primo
1047 1878 1168 1944 effudit.
1184 1893 1231 1958 et,

167 1965 242 2048 quia
263 1965 379 2032 lentior
400 1966 566 2032 videbatur
590 1965 743 2050 pedestris
767 1986 884 2053 pugna,
901 1965 1073 2052 equitatum
1096 1965 1128 2030 in
1145 1987 1227 2056 pug-

165 2071 241 2115 nam
256 2053 409 2117 concitat:
433 2066 465 2117 et
479 2053 556 2138 ipse,
571 2049 752 2116 fortissimae
761 2051 915 2135 juvenum
933 2065 1047 2115 turmoe
1062 2052 1227 2134 inmixtus,

168 2149 239 2201 orat
252 2158 399 2222 proceres
417 2137 602 2222 juventutis,
617 2136 651 2200 in
666 2134 790 2199 hostem
814 2148 849 2199 ut
870 2157 976 2199 secum
991 2137 1135 2223 inpetum
1150 2137 1227 2203 suci-

168 2233 243 2286 ant:
263 2222 426 2307 duplicem
440 2221 567 2290 illorum
582 2220 718 2310 gloriam
739 2218 817 2297 iore,
833 2221 859 2284 si
874 2221 915 2284 ab
929 2220 1010 2286 laevo
1024 2245 1124 2286 cornu
1140 2235 1172 2288 et
1186 2225 1228 2289 ab

168 2308 274 2396 equite
298 2308 431 2374 victoria
455 2307 597 2393 incipiat.
643 2306 699 2372 Bis
715 2319 855 2372 evenere
871 2305 1027 2372 Gallicum
1043 2309 1227 2396 equitatum.

168 2395 283 2461 iterum
298 2394 423 2480 longius
444 2407 576 2470 evectos,
594 2407 626 2459 et
646 2394 714 2479 jum
730 2393 813 2457 iuter
827 2391 931 2458 media
946 2395 1087 2480 equiturn
1102 2398 1230 2482 agmina

168 2481 319 2567 proeliurn
334 2481 461 2560 cientes,
475 2502 592 2546 novum
615 2501 734 2568 pugnae
754 2479 930 2544 conterruit
949 2501 1069 2568 genusz
1092 2482 1230 2549 ⁴essedis

168 2569 329 2655 carrisque
343 2581 525 2654 superstans
539 2578 679 2632 armatus
693 2565 791 2630 bostis
807 2565 926 2654 ingenti
946 2567 1052 2632 sonitu
1074 2589 1229 2656 equorum

170 2667 379 2740 rotarumque
407 2653 546 2735 advenit,
570 2667 601 2719 et
626 2651 768 2717 insolitos
790 2653 857 2738 ejus
885 2655 1041 2718 tumultus
1066 2653 1229 2721 Romano·

170 2763 241 2806 rum
265 2741 440 2806 conterruit
461 2760 571 2828 equos.
615 2740 665 2804 lta
683 2739 837 2802 victorem
858 2739 1032 2824 equitatum
1047 2739 1135 2806 velut
1148 2741 1229 2830 lyrn-

168 2826 315 2928 phaticus
329 2831 428 2914 pavor
442 2826 593 2912 dissipat:
616 2825 729 2890 sternit
742 2823 817 2890 inde
832 2839 958 2890 ruentes
972 2847 1068 2914 equos
1083 2827 1230 2914 virosque

170 2912 340 2999 inprovida
351 2912 439 3002 fuga.
482 2912 627 2978 Turbata
640 2911 716 2976 binc
731 2911 825 2978 etiam
841 2911 931 2998 signa
940 2913 1102 3000 legionum
1115 2938 1124 2977 ε
1147 2914 1231 2980 mul·

170 2999 258 3085 tique
279 3001 389 3084 inpetu
409 3020 567 3087 equorum
581 3023 619 3064 ae
631 2998 848 3064 vehiculorum
865 3011 1029 3083 raptorum
1043 3022 1101 3087 per
1116 3021 1231 3090 agmen

170 3084 280 3150 obtriti
301 3087 516 3174 antesignani:
538 3096 572 3150 et
586 3087 737 3166 insecuta,
759 3085 852 3150 simul
874 3086 999 3151 territos
1019 3084 1124 3154 hostes
1140 3088 1229 3165 vidit,

172 3171 296 3239 Gallica
310 3175 392 3238 acies
406 3172 529 3236 nullum
544 3173 679 3256 spatium
691 3170 868 3257 respirandi
879 3172 1115 3260 recipiendique
1129 3196 1162 3237 se
1175 3174 1232 3238 de·

169 3255 228 3325 dit.
271 3259 447 3324 vociferari
463 3257 592 3333 Decius,
605 3257 855 3342 taroftgerentr
877 3279 1003 3341 quamue
1017 3261 1140 3345 infirga
1150 3283 1232 3343 spem
1328 3309 1331 3315 .

170 3346 343 3410 haberent?
365 3345 518 3410 obsistere
528 3343 721 3420 cedentibus,
736 3363 773 3407 ac
788 3363 936 3407 revocare
949 3344 1046 3409 fusos.
1061 3345 1186 3424 deinde,
1197 3359 1232 3412 ut

172 3429 260 3496 urslla
275 3432 305 3494 vi
319 3430 480 3516 perculsos
501 3431 655 3494 sustinere
676 3441 811 3513 poterat,
827 3441 949 3516 patrem
967 3429 1006 3495 P.
1021 3430 1159 3496 Decium
1174 3453 1233 3496 no-

173 3517 257 3580 mine
267 3517 469 3602 compellans,
487 3515 573 3592 Quid
584 3517 669 3580 ultra
682 3535 793 3592 moror,
806 3515 920 3598 inquit,
923 3516 1094 3600 stabiliore
1094 3518 1203 3602 fertum
1213 3524 1231 3581 Ρ
1240 3533 1331 3584 Dauus
1341 3549 1367 3583 ιι

171 3605 276 3670 datum
289 3603 346 3669 Iroc
355 3613 460 3669 nosne
470 3602 580 3688 generi
594 3611 649 3683 est,
662 3599 718 3666 ⁵ut
731 3601 851 3666 luendis
855 3603 1004 3684 periculis
1013 3603 1147 3686 publicis
1155 3607 1231 3689 pia·
1239 3599 1348 3648 devoves.

204 3862 686 3928 8⁸,Fiuere1Lablflolvtexdetattga-
718 3867 749 3912 ad
767 3877 875 3926 pugnam
894 3877 961 3922 usus,
973 3873 1001 3914 ut
1011 3879 1042 3916 ex
1058 3869 1105 3916 boe
1122 3871 1175 3918 looo
1190 3883 1233 3932 pa·

173 3931 238 3978 tione
248 3931 358 3978 deficare.
392 3931 469 3992 Supra
480 3929 541 3976 Vll.
551 3927 592 3976 33.
603 3935 625 3978 et
636 3933 686 3992 ,rtu-
719 3937 763 3980 tet

172 3997 269 4058 trajam
279 3993 414 4041 beatudine
424 3995 495 4053 utres,
504 3995 621 4040 nummu
751 3991 789 4040 δ’
798 3991 832 4040 Ut
844 3991 935 4039 tmuu
944 3996 1057 4055 perieulis
1069 3997 1232 4061 publlcr'rpto·

205 4058 331 4107 sumtu
348 4057 478 4120 urnisque]
498 4057 614 4104 Eandem
634 4064 686 4104 crat
718 4059 769 4104 rub
788 4055 873 4118 rimus]
892 4056 926 4104 Ut
940 4059 1017 4106 simus
1036 4063 1105 4122 quasi
1118 4067 1233 4124 quedam

172 4125 277 4173 vehiculi
286 4125 324 4170 vel
341 4137 425 4170 emme
435 4135 610 4184 genitaeque
626 4137 687 4184 pug·
718 4123 834 4176 victime,
846 4121 973 4170 destinata
990 4126 1146 4174 adtuendam
1157 4129 1233 4177 deum

172 4203 230 4238 nare
247 4189 358 4237 alebam
373 4194 465 4236 veteres
476 4187 542 4235 usui
554 4193 578 4234 et
590 4187 686 4234 Britan·
718 4188 790 4244 bam,
801 4191 825 4231 et
843 4185 875 4230 ud
893 4187 1035 4248 excipienda
1049 4191 1167 4252 mutibus
1179 4207 1234 4241 uos-

172 4255 205 4301 nl.
240 4254 324 4304 Carrts
342 4253 518 4314 impedimenta
544 4253 687 4312 plerumque
720 4251 764 4298 tris
785 4249 891 4310 pertenta
909 4267 965 4316 qua
983 4254 1122 4316 reipublicae
1139 4258 1234 4320 mipen-

172 4321 336 4370 rebebsnturs
355 4331 496 4382 qsrauquam
506 4323 532 4366 et
542 4331 626 4366 uorum
635 4323 686 4366 erat
719 4317 785 4366 dent.
