3056 4928
332 179 390 246 476
725 174 834 242 ΤΙΤΙ
862 179 996 242 Llllll

173 353 310 407 alceta
335 285 554 424 llotmianum,
569 343 654 408 haud
679 343 827 429 ambigue
851 343 1023 409 sollicitari.
1068 343 1122 408 Ob
1141 345 1210 408 brec
1224 363 1322 492 quum
1343 341 1388 405 le-

171 487 256 550 Legata

171 551 299 601 &multes-

172 426 203 470 Α·
217 423 309 537 ⁰³32}
333 441 423 514 gatos
439 429 520 492 mitti
536 428 704 514 placuisset
723 431 812 516 prius
834 429 874 494 ad
891 431 1057 506 Samnites,
1073 452 1166 516 quam
1195 429 1311 494 belum
1334 429 1390 492 lie-

334 529 398 590 ret3
422 536 606 600 responsum
627 515 770 580 redditur·
784 516 824 580 ab
841 517 1037 581 Samnitibus
1053 517 1149 604 leros.
1192 515 1218 555 ⁴²
1230 515 1326 581 Ultro
1341 515 1389 577 in-

332 601 484 666 cusabant
509 601 637 688 injurias
661 599 897 667 Romanorum:
926 625 1029 689 neque
1050 625 1088 667 ea
1109 601 1327 690 neglegentius
1340 623 1396 676 ea,

332 704 404 772 quae
418 687 494 771 ipsis
508 688 728 774 objicerentur,
745 691 934 774 purgabant.
980 691 1082 753 Haud
1101 692 1164 754 ulio
1181 690 1306 772 prtblieo
1319 709 1389 750 con-

331 775 403 836 silio
413 774 684 858 auriliooejuoari
694 775 838 842 Graecam
862 797 915 840 nee
930 775 1110 838 Fundanum
1123 777 1356 839 Formianumue
1369 795 1391 836 o

232 898 236 906 »
331 881 363 922 se
375 861 564 924 sollicitatos.
587 863 700 946 quippe
722 863 845 924 minime
862 863 1014 944 poenitere
1027 883 1059 925 se
1077 864 1188 926 uirium
1207 881 1340 935 ntorum,
1362 861 1393 923 si

331 945 579 1028 bellumplaoeat.
619 950 755 1012 Ceterum
766 969 826 1010 non
835 969 924 1029 posse
932 950 1133 1024 dissimulare,
1143 967 1225 1032 aegre
1230 951 1305 1028 poti
1315 948 1392 1009 ciui·

331 1040 423 1094 tatem
438 1033 628 1104 Samnitium,
646 1036 727 1117 qnod
741 1035 908 1118 Fregellas,
923 1055 961 1096 ex
976 1034 1090 1097 Volscis
1099 1034 1394 1116 captasdirutasquc

331 1116 371 1180 ob
384 1139 426 1195 so,
440 1121 610 1183 restituerit
623 1121 781 1184 Romarm
789 1121 930 1202 populus,
944 1121 1150 1203 coloniamque
1164 1122 1197 1183 in
1208 1120 1392 1184 Samnitium

330 1225 408 1288 ogra
423 1207 601 1288 inposuerit,
617 1227 705 1290 quam
720 1207 820 1269 comni
834 1227 933 1268 eorum
951 1207 1108 1289 Fregellas
1121 1207 1286 1288 adpellant.
1308 1207 1391 1268 Eam

330 1313 362 1354 se
375 1292 583 1354 contumeliam
599 1291 812 1376 injuriamque,
829 1293 865 1354 ni
877 1292 938 1354 sibi
951 1291 1054 1366 abiis,
1071 1293 1276 1376 quisecerint,
1289 1293 1392 1354 demo·

330 1385 392 1454 tur,
408 1378 489 1459 ipsos
502 1380 585 1440 omni
605 1380 637 1442 oi
658 1379 831 1460 depulnnos
847 1399 918 1441 esse.
955 1375 1065 1452 Quum
1086 1377 1248 1440 Romanus
1271 1376 1393 1465 legatus

332 1461 372 1526 sd
388 1461 627 1548 disceptandum
644 1487 698 1528 eos
714 1465 752 1527 ad
767 1483 950 1526 communes
971 1465 1074 1526 socios
1095 1476 1188 1550 utque
1203 1463 1321 1526 amicos
1337 1485 1391 1527 vo-

331 1562 433 1614 caret:
460 1553 545 1623 Quid
562 1552 710 1632 perplexo
733 1551 878 1634 agimus?
911 1549 1023 1634 inquit.
1068 1550 1186 1614 Nostra
1208 1551 1392 1630 certamino,

330 1635 477 1710 Romani,
495 1657 555 1698 non
570 1636 661 1699 narbo
676 1637 853 1719 legatorum,
869 1656 923 1698 nee
937 1637 1087 1699 tantinum
1104 1638 1259 1720 quisquam
1275 1637 1395 1718 discep-

272 1789 276 1794 ,
331 1729 424 1798 tator,
436 1723 490 1785 red
498 1723 620 1804 campus
632 1723 816 1804 Campanus,
829 1722 862 1783 in
874 1741 932 1805 quo
942 1725 1175 1785 commanendum
1184 1732 1236 1799 est,
1250 1732 1280 1786 et
1291 1743 1391 1800 arma,

170 2151 296 2214 Palaepolis

171 2219 275 2266 absens.

331 1816 361 1870 et
385 1809 546 1871 communis
569 1809 661 1870 Mors
685 1808 758 1870 belii
784 1809 931 1870 decernet.
974 1809 1114 1872 Proinde
1142 1811 1223 1872 inter
1253 1810 1393 1891 Capuam

331 1894 558 1976 Suessulamque
577 1903 679 1956 castro
705 1895 815 1957 castris
838 1894 1045 1978 conferamus:
1077 1905 1115 1970 et,
1140 1896 1262 1959 &mnis
1278 1895 1394 1958 Roma-

333 1999 426 2044 nusne
440 1981 568 2061 imperio
585 1979 712 2043 Italiam
735 1989 832 2064 regat,
849 1981 1050 2044 decantamus.
1095 1979 1208 2068 Legati
1232 1981 1394 2044 Romana-

333 2085 403 2127 rum
420 2085 516 2151 quum
533 2087 575 2143 se,
592 2085 656 2128 non
672 2087 737 2150 quo
760 2064 857 2128 bostis
874 2079 1023 2142 vocasset,
1038 2066 1092 2130 sed
1107 2089 1171 2152 quo
1185 2067 1392 2152 imperatores

333 2152 380 2214 sui
396 2149 570 2228 duxissent,
587 2151 687 2216 ituros
703 2173 770 2214 esse
782 2154 1030 2235 respondissent3
1049 2154 1114 2238 jam
1133 2152 1296 2236 Publilius,
1310 2155 1392 2218 inter

338 2236 521 2322 Palaepolim
543 2238 775 2326 Neapolimque
796 2237 867 2302 loco
889 2253 1070 2340 opportune
1095 2252 1200 2324 capto,
1220 2237 1410 2305 diremerat.

213 2365 217 2374 ·
292 2365 294 2370 ·
332 2322 476 2388 hostibus
501 2324 681 2388 societatem
706 2323 818 2388 auxilii
846 2338 965 2401 mutu13
988 2347 1060 2410 qua,
1087 2338 1122 2390 ut
1147 2326 1282 2412 quisque
1304 2327 1391 2391 locus

333 2423 538 2494 premeretur,
554 2411 635 2474 inter
650 2431 683 2474 se
698 2410 745 2472 usi
760 2407 893 2473 fuerant.
940 2410 1051 2494 Itaque
1072 2433 1170 2498 quum
1193 2424 1225 2476 et
1246 2413 1392 2477 comitio-

333 2517 404 2561 rum
419 2497 486 2561 dies
507 2497 646 2572 instaret,
662 2511 703 2573 et,
723 2493 903 2573 Publilium,
930 2497 1134 2581 inminentem
1160 2497 1299 2562 hostium
1324 2523 1394 2564 nru-

333 2583 386 2658 ris,
403 2583 526 2647 avocari
542 2583 583 2647 ab
597 2605 652 2667 spe
677 2581 839 2666 capiendae
854 2585 885 2644 in
902 2582 968 2646 dies
985 2583 1081 2662 urbis,
1099 2585 1183 2649 baud
1200 2607 1218 2649 e
1233 2586 1394 2670 republica

332 2681 432 2748 esset3
467 2687 570 2732 aetum
601 2689 672 2732 cum
700 2667 837 2732 tribunis
862 2681 919 2744 est,
945 2668 984 2733 ud
1010 2671 1162 2756 populum
1189 2673 1320 2750 ferrent,
1347 2685 1391 2750 ut,

333 2777 429 2842 quum
459 2753 613 2820 Publilius
637 2754 728 2818 Philo
753 2753 916 2818 consulatu
943 2756 1067 2834 abisset,
1084 2779 1145 2842 pro
1169 2757 1299 2823 consule
1324 2780 1390 2824 rem

332 2855 465 2926 gereret,
487 2842 591 2926 quoad
608 2840 798 2905 debellatum
818 2861 890 2904 cum
908 2841 1032 2907 Graecis
1051 2857 1139 2907 esset.
1186 2843 1224 2907 L.
1242 2844 1395 2910 Cornelio

264 2933 271 2938 '
334 2927 423 3010 (quin
445 2947 484 2988 ne
507 2949 580 2990 eum
595 2927 720 3014 quidem
743 2927 776 2989 in
802 2926 966 2994 Samnium
976 2930 1042 3015 jam
1060 2930 1090 2993 in
1117 2951 1233 2994 rossum
1249 2932 1393 2996 revocari

322 3011 374 3076 ⁴ab
389 3012 498 3096 inpetu
522 3011 593 3080 belli
615 3011 770 3097 placebat)
791 3012 892 3077 literas
909 3017 1022 3092 missae,
1038 3028 1073 3080 ut
1087 2953 1272 3081 dictatorem
1294 3018 1389 3082 cami·

334 3099 451 3162 tiorum
475 3119 584 3162 caussa
610 3099 735 3162 diceret.
758 3099 840 3164 dixit
865 3099 913 3163 M.
930 3101 1102 3166 Claudium
1127 3101 1328 3167 Marcellum.
1352 3103 1391 3169 ab

332 3205 372 3248 en
386 3185 532 3271 magister
546 3185 686 3271 equitum
709 3186 815 3250 dictus
830 3187 886 3270 Sp.
906 3187 1094 3252 Postumius.
1141 3191 1209 3252 Nec
1223 3201 1329 3253 tamen
1352 3191 1393 3256 ab

333 3269 488 3336 dictatore
507 3272 635 3336 comitia
649 3284 721 3336 sunt
738 3272 856 3348 habita,
873 3273 958 3358 quia,
975 3275 1093 3339 vitione
1107 3287 1232 3339 creatus
1247 3291 1338 3354 esset,
1359 3278 1391 3340 in

333 3356 582 3445 disquisitionem
605 3359 699 3422 venit.
722 3359 858 3422 corisulti
880 3381 1026 3446 augures,
1046 3360 1195 3425 vitiosum
1212 3361 1312 3426 videri
1325 3363 1392 3428 dic·

332 3456 476 3521 tutorem,
493 3445 792 3529 pronunciaverunt.
838 3443 918 3508 Earn
934 3467 1000 3510 rem
1017 3446 1137 3511 tribuni
1151 3461 1330 3534 suspectam
1346 3450 1394 3513 in·

331 3530 510 3616 famemque
528 3531 728 3595 criminando
753 3531 904 3596 lecerunt.
957 3533 1040 3598 Nom
1065 3555 1160 3618 neque
1169 3535 1277 3617 sutile
1287 3535 1394 3620 fnisse

333 3618 369 3704 id
381 3619 488 3682 uitium
507 3620 600 3696 nosci,
616 3617 642 3656 ⁴³
651 3639 738 3703 quum
753 3619 857 3682 conati
870 3619 991 3683 oriens¹
1002 3629 1088 3684 nocte
1107 3618 1133 3658 ⁴⁴
1141 3621 1265 3685 silentio
1279 3623 1394 3687 diceret

769 3755 779 3789 ⁸
789 3755 876 3802 minuta
885 3756 959 3803 Gran.

365 3890 417 3938 tt·
430 3891 512 3956 Ultra]
531 3892 807 3941 Vid.nat.89.ad1.6.
877 3899 905 3940 ut
925 3899 1024 3954 apparet
1049 3907 1080 3940 er
1108 3895 1153 3941 hac
1177 3893 1293 3948 tomara,
1316 3905 1391 3954 atum

366 3955 399 4002 43
416 3955 495 4011 Quin
512 3958 592 4004 consul
611 3959 687 4004 misna
706 3957 781 4020 nano]
806 3956 845 4004 Sia
877 3959 1014 4005 Gronovius
1029 3958 1125 4006 avalia
1145 3960 1217 4019 longo
1239 3961 1321 4016 affert,
1338 3971 1393 4019 qun

333 4021 472 4066 emendavit
497 4022 643 4080 Gronovius,
664 4024 742 4082 quum
773 4023 846 4080 vulgo
878 4023 977 4082 quidem
992 4024 1017 4070 ld
1033 4026 1063 4070 de
1079 4037 1127 4084 quo
1145 4025 1184 4070 bic
1201 4024 1283 4084 agitur
1298 4023 1394 4084 proptia

332 4085 444 4129 ederetur
463 4087 549 4132 orlentc
565 4091 643 4132 natm:
667 4087 846 4134 munitatae-
879 4087 972 4148 taagits
998 4087 1085 4136 umen
1105 4089 1181 4134 ment
1196 4088 1339 4148 magistrum
1352 4098 1393 4146 pa·

333 4160 394 4194 mre.
423 4146 848 4211 Etminrisquiauaplcaturuaerat,
874 4151 929 4212 pati
947 4149 1015 4198 dlaat.
1048 4153 1161 4199 catenam
1180 4165 1257 4213 quum
1277 4151 1394 4212 sanquis·

333 4219 388 4270 past
407 4212 513 4259 mediam
535 4220 631 4260 noeoem
649 4217 771 4276 surgebat,
785 4221 847 4262 testa
879 4217 956 4262 simus
970 4218 1092 4277 regiorum
1111 4217 1180 4263 codd.
1201 4215 1288 4262 habeat
1304 4212 1394 4261 atate

333 4274 406 4322 Festa
424 4275 449 4321 in
469 4289 528 4324 roae
546 4277 650 4325 Silentia.
685 4277 847 4326 manuum
878 4283 952 4338 meu,
974 4281 1077 4342 libenter
1100 4281 1237 4340 legeremus
1263 4281 1340 4326 omens
1366 4277 1394 4322 de

332 4341 502 4400 :pausatam
515 4344 677 4402 usurpabatur
688 4357 845 4405 proserpere,
879 4349 950 4401 narn,
976 4345 1135 4393 usitatissima
1156 4346 1222 4406 apud
1240 4345 1340 4392 Latmos
1359 4343 1393 4389 la·
