3008 4908
442 155 534 215 LlB.
559 153 611 214 tv.
639 153 743 216 CAP.
766 153 838 214 Vll.
1091 159 1168 226 ,937

114 319 224 406 aliquid
247 319 397 386 seditiose
418 319 550 397 dixerut,
571 332 626 383 aut
647 317 772 395 lecerat,
794 317 925 405 ”quern
954 319 1090 384 maxime
1111 320 1312 384 tri-usne

114 406 233 485 buuicii,
257 421 291 471 et
314 427 463 492 prensare
485 405 641 484 homines,
655 420 687 468 et
701 425 890 470 concursare
911 417 980 470 toto
1001 404 1071 470 foro
1093 399 1312 471 cen-3⁰3²·

111 491 206 556 dideti
221 513 366 578 coepere:
391 505 427 558 ut
439 492 588 577 patricios
610 491 786 575 desperatio
800 491 916 576 primo,
930 492 1053 556 irritata
1066 491 1167 577 plebe,

109 579 299 663 adipiscendi
314 579 457 659 honoria,
471 578 588 643 deinde
611 577 797 666 indignatio,
812 579 837 641 si
852 601 926 644 cum
949 577 997 642 hir
1011 578 1169 678 gerendus

108 680 184 729 essct
198 665 316 743 honos,
332 667 512 734 deterreret.
540 675 701 750 postremo
714 664 816 729 coacti
827 677 933 728 temen
943 686 963 728 e
975 664 1169 748 prirnoribus

107 749 232 836 petiere,
248 773 292 816 ne
314 753 440 818 cessisse
461 751 656 836 possessione
680 750 862 835 reipublice
885 750 1077 816 viderentur.
1123 751 1167 816 E-

108 851 215 902 uentus
230 861 346 904 eorum
369 838 569 904 comitiorum
591 836 709 916 docuit,
731 835 809 900 alios
834 837 957 900 animos
982 839 1014 902 iu
1036 848 1179 924 conten-¹

107 925 189 988 tione
209 924 368 989 libertatis
389 923 622 1012 dignitatisque,
638 923 726 998 elios,
742 923 915 988 secundum
936 922 1080 1008 deposita
1100 945 1168 989 cer·

104 1013 230 1088 tamine,
250 1011 441 1095 incorrupto
458 1010 582 1096 judicio
601 1031 688 1073 esser
711 1009 855 1074 tribunos
876 1009 961 1074 enim
984 1031 1094 1074 ornnes
1112 1023 1205 1096 prs-tt.
1218 1023 1311 1072 oen.

103 1095 206 1160 tricios
228 1098 354 1160 creavit
378 1097 525 1184 populus,
548 1107 712 1160 contentus
736 1115 786 1172 eo,
810 1094 929 1180 ³⁸quod
957 1097 1036 1161 retio
1059 1088 1205 1162 habits*
1218 1089 1311 1136 Μ·

104 1181 307 1265 plebeiorum
323 1197 412 1248 esset.
457 1183 556 1248 Hunc
579 1180 762 1246 modestiam
777 1183 1023 1267 aequitatemque
1043 1196 1076 1246 et
1096 1181 1168 1248 elti-

103 1269 242 1334 tudinem
259 1269 365 1334 enimi
379 1270 432 1333 ubi
450 1269 580 1334 nuncin
597 1289 662 1331 uno
677 1268 842 1346 inveneris,
858 1289 931 1354 qnoe
945 1281 1035 1332 turn¹
1056 1267 1168 1354 populi

105 1355 238 1419 uniuersi
254 1354 343 1420 fuit?

144 1441 223 1506 Vll.
244 1441 380 1507 ”Anno
416 1440 636 1506 trecentesimo
670 1439 806 1521 decimo,
829 1463 924 1526 quern
953 1440 1030 1506 urbs
1060 1441 1166 1506 Roma

103 1527 227 1592 condite
251 1540 335 1604 erat,
351 1529 488 1614 primum
511 1524 630 1590 tribuni
654 1525 786 1590 militurn
809 1547 869 1612 pro
894 1527 1078 1594 consulibus
1101 1551 1166 1592 ma-

125 1613 131 1628 '
150 1628 269 1679 tratum
299 1615 420 1690 ineunt,
446 1616 485 1677 A.
503 1612 708 1696 Sempronius
732 1613 908 1690 Atratinus,
927 1613 966 1678 L.
982 1613 1107 1692 Atilius,
1123 1614 1203 1680 'Rs
1215 1623 1328 1686 Semno-

178 1699 274 1778 ilius;
309 1721 443 1787 quorum
470 1700 503 1762 in
528 1699 712 1786 megistrutu
742 1699 914 1764 concordia
938 1700 1026 1765 domi
1096 1723 1164 1766 cent
1173 1690 1326 1804 ffi’bffist

106 1787 193 1850 etism
216 1786 303 1852 ioris
324 1785 469 1870 praebuit.
515 1785 607 1862 Sunt,
629 1787 682 1871 qui
706 1799 837 1870 propter
860 1787 1018 1852 sd'ccturu
1039 1723 1165 1890 ἔφο-
1250 1787 1256 1804 “

105 1893 170 1936 rum
201 1871 459 1958 Volscorumque
484 1871 567 1935 bello
588 1883 620 1936 et
644 1871 829 1938 Ardeatium
856 1809 1026 1938 deiectioni
1049 1874 1165 1942 Veiens

107 1957 231 2040 bellum,
246 1961 329 2046 quia
343 1959 409 2024 duo
423 1957 565 2022 eonsules
586 1957 676 2022 obire
698 1971 745 2022 tot
767 1958 861 2024 simul
884 1959 966 2024 belle
987 1961 1165 2046 nequirent,

107 2044 251 2110 tribunos
277 2044 412 2110 militum
437 2059 499 2109 tres
522 2057 642 2108 creetur
667 2043 875 2122 dicuntsine
904 2045 1064 2112 mentione
1091 2069 1166 2133 pru-

105 2131 260 2220 raulgetoe
282 2131 360 2218 legis
382 2131 423 2196 de
445 2128 624 2194 consulibus
638 2129 781 2195 ersendis
803 2153 844 2196 ex
867 2135 970 2216 plebe,
985 2145 1018 2196 et
1030 2133 1166 2218 imperio

104 2216 330 2305 etinsignibus
351 2215 566 2283 consularibus
590 2238 673 2280 usos.
717 2215 793 2280 Non
822 2229 928 2282 tamen
954 2239 1014 2303 pro
1038 2218 1166 2286 firmato

102 2303 161 2388 jam
191 2303 288 2370 stetit
315 2305 513 2392 magistratus
538 2304 604 2388 ejus
623 2303 693 2387 jus;
723 2305 798 2389 quis
818 2304 912 2367 tertio
937 2325 1053 2382 meuse,
1069 2326 1166 2390 quem

107 2391 255 2468 inierunt,
277 2413 296 2456 a
363 2411 434 2455 rutn
456 2390 595 2465 decreto,
610 2387 744 2474 perinde
764 2411 801 2453 sc
823 2389 900 2453 vitio
920 2389 1028 2468 crecti,
1044 2388 1167 2456 honore

107 2475 226 2556 abiere;
251 2499 295 2564 qu
356 2476 396 2541 C.
408 2477 548 2552 Curtius,
564 2475 619 2561 qui
635 2474 772 2539 comitiis
785 2495 893 2539 eorum
916 2473 1095 2560 prefuerat,

108 2583 172 2628 rum
187 2575 278 2630 recte
292 2561 562 2629 ⁴⁰tabemuculum
586 2560 728 2646 cepisset.
775 2560 888 2649 Legati
910 2560 953 2626 ab
976 2561 1082 2628 Ardea
1100 2499 1166 2628 liz

517 2733 530 2776 Ι
542 2735 595 2778 tuac
604 2730 678 2778 Gran·
690 2729 759 2777 Creu.

135 2898 165 2946 st
182 2899 263 2956 Qasr
284 2895 397 2964 meins]
423 2901 516 2949 omne·
538 2901 621 2962 scripti
652 2901 836 2962 insigniebatur,
853 2901 982 2963 distinguit
1000 2914 1094 2948 aunum
1113 2902 1168 2950 initi

108 2964 187 3018 notui,
205 2971 236 3010 ut
253 2969 279 3010 et
298 2970 391 3010 veteres
409 2965 464 3012 libri
481 2979 543 3028 quos
561 2965 621 3012 sidit
652 2967 684 3012 ab
698 2979 763 3012 anno
778 2967 841 3026 gesti
856 2967 1021 3028 magistrum.
1054 2967 1169 3016 Sedetti

108 3027 227 3088 Sigonius,
242 3024 361 3089 adjiciunt
382 3029 443 3076 tuac
458 3037 515 3076 ante
537 3041 621 3076 vocem
652 3041 731 3077 annus
758 3033 927 3082 trecentesimus
948 3029 1016 3087 ulter,
1038 3031 1112 3078 debet
1132 3031 1170 3078 ln-

108 3105 177 3150 μη
213 3091 326 3139 Forum
341 3093 552 3142 usumrttaruss
569 3093 620 3155 qut-
653 3093 739 3155 elligi,
755 3103 783 3141 ur
800 3097 956 3155 prouavtmus
973 3096 999 3144 iu
1017 3101 1075 3142 nota
1085 3093 1170 3144 med

108 3154 622 3222 maltqutdredltlosrdlaemtastfi·
655 3158 767 3206 111.ae
795 3161 964 3207 trecensem
991 3161 1095 3222 prims,
1128 3162 1170 3208 recl

654 3299 679 3334 m
720 3301 732 3333 r
932 3303 947 3335 a
1160 3316 1171 3329 ·

108 3347 171 3410 Μ]
188 3347 261 3402 Quod
277 3349 367 3409 plebeil
382 3351 523 3400 tdtttinltd
539 3358 622 3412 petan-
654 3353 709 3408 virl,
727 3353 768 3400 hlc
786 3301 940 3413 aarum
956 3360 982 3400 et
997 3353 1171 3414 lummtetge-

109 3411 164 3458 duur
190 3413 365 3473 nguentum
392 3423 482 3472 essem,
505 3423 621 3478 tanquam
654 3423 713 3464 runt
731 3417 902 3480 mgistratum
919 3417 992 3478 primi
1004 3417 1094 3465 mbunl
1106 3417 1174 3466 mlli-

109 3473 207 3535 lagltimi
218 3477 350 3524 csndldni.
656 3487 728 3541 teres,
747 3483 794 3528 erit
819 3483 871 3544 ipss
899 3481 1081 3528 trecentesimus
1106 3481 1171 3528 deci·

138 3538 270 3588 Su'Asas
287 3543 443 3590 Ιηοηωηο
459 3545 622 3592 ωηο.
655 3558 719 3593 urus.
752 3546 906 3594 Serravimua
923 3553 1005 3592 temen
1020 3545 1046 3592 lu
1062 3546 1173 3606 margine

106 3605 208 3662 prim
227 3603 320 3652 tridui
340 3607 444 3655 atllitm
460 3623 508 3672 pro
524 3609 623 3658 mesli-
656 3623 750 3658 anuum
769 3624 827 3658 euru
848 3625 922 3672 quern
946 3612 999 3660 vult
1022 3609 1172 3668 Dudrrellus,

110 3665 147 3714 les
161 3669 331 3729 mmm
348 3671 441 3736 iamt]
460 3673 507 3721 illc
525 3687 623 3722 rursum
658 3673 763 3724 sltertde
774 3675 922 3723 confusionis
933 3687 1014 3722 crura

107 3731 223 3778 testum
245 3733 342 3782 numeri
374 3737 451 3784 nostrl
469 3751 485 3784 e
507 3739 623 3786 Ltnsnta
689 3741 722 3787 40
749 3739 930 3786 ratemrstsm
958 3734 1063 3800 muner]
1090 3739 1173 3786 Comi·

110 3791 153 3842 Seu
162 3797 189 3843 ln
206 3798 246 3844 lrla
261 3798 387 3846 interdurn
404 3799 488 3849 Livius
504 3803 570 3850 haud
587 3803 623 3850 ie·
657 3803 746 3852 tionum
763 3804 954 3851 centuriatorum
965 3815 1039 3852 cautu
1052 3803 1173 3850 exacutus

108 3858 245 3909 slltncnm
256 3862 309 3924 ipse
319 3863 468 3913 concilietur.
490 3868 571 3928 †lloa
582 3867 624 3915 tri·
656 3868 829 3928 imperabatur,
849 3868 962 3928 circaque
980 3879 1066 3916 omnes
1084 3869 1174 3914 armati

109 3921 182 3972 burna
193 3925 304 3978 militum
321 3928 404 3975 lulius
418 3931 517 3991 quidem
535 3933 625 3994 magis·
656 3933 702 3978 rub
725 3933 846 3994 signiam
864 3932 915 3978 suis
931 3933 1021 3992 quique
1042 3933 1168 3992 centuriis,

109 3991 195 4036 trtturn
215 4005 282 4038 anno
299 3991 358 4040 stu.
380 3994 422 4040 recl
443 4009 500 4042 sum
522 3997 624 4058 gessisse
655 3995 682 4041 in
703 4009 818 4057 campum
844 3997 962 4043 uuum
988 3997 1172 4044 conveniebant.

107 4053 386 4103 remurmuremus
404 4057 622 4120 Dudwellus,diss.
657 4059 681 4105 1·
708 4061 782 4121 igitur
808 4061 975 4122 msgtstrrtus,
997 4061 1041 4122 qui
1067 4061 1173 4110 comitiis

109 4111 140 4160 X·
154 4119 186 4164 tte
200 4119 284 4182 cyclis
299 4119 371 4168 Rom
390 4129 449 4172 rect.
465 4123 505 4172 86.
523 4123 623 4182 Parum,
657 4131 768 4184 preerat,
780 4125 972 4180 tabernaculum,
988 4126 1174 4186 tanquamdttx

109 4183 133 4222 ¹¹⁸
149 4183 221 4230 nutu
241 4185 349 4244 ridetur,
370 4187 401 4233 ad
421 4187 484 4235 trsu
506 4187 624 4250 mentem,
656 4191 787 4247 exercittu,
804 4195 872 4236 estre
892 4191 1037 4249 pumturum
1056 4191 1172 4250 capiam

109 4245 148 4298 lul
169 4259 293 4312 uuqutm
312 4250 339 4296 in
361 4253 510 4311 mnnrlllrur,
530 4261 555 4300 et
576 4255 625 4302 lilla
647 4253 687 4300 ·ln
699 4267 727 4299 eo
737 4261 820 4302 tutem
837 4254 955 4314 sariendo
967 4256 1081 4315 quiedam
1092 4255 1173 4302 suren

109 4309 287 4369 ¹¹¹1me
304 4327 410 4374 quorum
430 4319 528 4366 numine
546 4317 625 4366 annus
659 4318 708 4364 vari
725 4321 859 4380 oportebat,
871 4333 927 4378 que
938 4320 959 4366 u
970 4321 1053 4368 minsas
1062 4319 1108 4366 n'te
1120 4325 1174 4366 scta
