<?xml version="1.0" encoding="UTF-8"?>
<!DOCTYPE html PUBLIC "-//W3C//DTD XHTML 1.0 Transitional//EN"
    "http://www.w3.org/TR/xhtml1/DTD/xhtml1-transitional.dtd">
<html xmlns="http://www.w3.org/1999/xhtml" xml:lang="en" lang="en">
 <head>
  <title>
</title>
<meta http-equiv="Content-Type" content="text/html;charset=utf-8" />
  <meta name='ocr-system' content='tesseract 3.04.00' />
  <meta name='ocr-capabilities' content='ocr_page ocr_carea ocr_par ocr_line ocrx_word'/>
</head>
<body>
  <div class='ocr_page' id='page_1' title='image "./tliviipatavinih02crevgoog_0173.png"; bbox 0 0 2978 4918; ppageno 0'>
   <div class='ocr_carea' id='block_1_1' title="bbox 348 245 1040 308">
    <p class='ocr_par' dir='ltr' id='par_1_1' title="bbox 348 245 1040 308">
     <span class='ocr_line' id='line_1_1' title="bbox 348 245 1040 308; baseline 0.003 -4"><span class='ocrx_word' id='word_1_1' title='bbox 348 245 403 307; x_wconf 81' lang='lat'><strong>166</strong></span> <span class='ocrx_word' id='word_1_2' title='bbox 763 247 875 308; x_wconf 87' lang='lat' dir='ltr'>TlTl</span> <span class='ocrx_word' id='word_1_3' title='bbox 904 245 1040 306; x_wconf 82' lang='lat' dir='ltr'><strong>Ltvlt</strong></span> 
     </span>
    </p>
   </div>
   <div class='ocr_carea' id='block_1_2' title="bbox 181 407 1469 3438">
    <p class='ocr_par' dir='ltr' id='par_1_2' title="bbox 183 407 1469 498">
     <span class='ocr_line' id='line_1_2' title="bbox 183 407 1469 498; baseline -0.008 -18"><span class='ocrx_word' id='word_1_4' title='bbox 183 429 319 480; x_wconf 72' lang='lat' dir='ltr'><strong>inorsa</strong></span> <span class='ocrx_word' id='word_1_5' title='bbox 345 407 452 488; x_wconf 58' lang='lat' dir='ltr'><strong>Tum.</strong></span> <span class='ocrx_word' id='word_1_6' title='bbox 463 432 564 498; x_wconf 88' lang='lat' dir='ltr'><strong>prope</strong></span> <span class='ocrx_word' id='word_1_7' title='bbox 580 412 647 497; x_wconf 86' lang='lat' dir='ltr'><strong>jam</strong></span> <span class='ocrx_word' id='word_1_8' title='bbox 662 411 813 498; x_wconf 86' lang='lat' dir='ltr'><strong>perculsis</strong></span> <span class='ocrx_word' id='word_1_9' title='bbox 837 409 907 476; x_wconf 88' lang='lat' dir='ltr'><strong>aliis</strong></span> <span class='ocrx_word' id='word_1_10' title='bbox 931 411 1076 489; x_wconf 85' lang='lat' dir='ltr'><strong>tribunis,</strong></span> <span class='ocrx_word' id='word_1_11' title='bbox 1100 411 1141 476; x_wconf 88' lang='lat' dir='ltr'><strong>A.</strong></span> <span class='ocrx_word' id='word_1_12' title='bbox 1157 409 1320 498; x_wconf 83' lang='lat' dir='ltr'><strong>Virginius,</strong></span> <span class='ocrx_word' id='word_1_13' title='bbox 1340 428 1375 472; x_wconf 81' lang='lat' dir='ltr'><strong>ex</strong></span> <span class='ocrx_word' id='word_1_14' title='bbox 1468 481 1469 490; x_wconf 8' lang='grc' dir='ltr'>ἵ</span> 
     </span>
    </p>

    <p class='ocr_par' dir='ltr' id='par_1_3' title="bbox 183 493 1469 584">
     <span class='ocr_line' id='line_1_3' title="bbox 183 493 1469 584; baseline -0.002 -24"><span class='ocrx_word' id='word_1_15' title='bbox 183 495 330 546; x_wconf 55' lang='lat' dir='ltr'><strong>ss⁰·⁴⁵⁹··</strong></span> <span class='ocrx_word' id='word_1_16' title='bbox 344 497 486 584; x_wconf 85' lang='lat' dir='ltr'><strong>collegio·</strong></span> <span class='ocrx_word' id='word_1_17' title='bbox 501 517 592 574; x_wconf 86' lang='lat' dir='ltr'><strong>unus,</strong></span> <span class='ocrx_word' id='word_1_18' title='bbox 611 496 742 562; x_wconf 69' lang='lat' dir='ltr'><strong>Kuoni</strong></span> <span class='ocrx_word' id='word_1_19' title='bbox 764 499 875 584; x_wconf 88' lang='lat' dir='ltr'><strong>capitis</strong></span> <span class='ocrx_word' id='word_1_20' title='bbox 898 497 993 563; x_wconf 88' lang='lat' dir='ltr'><strong>diem</strong></span> <span class='ocrx_word' id='word_1_21' title='bbox 1008 499 1092 564; x_wconf 87' lang='lat' dir='ltr'><strong>dicit.</strong></span> <span class='ocrx_word' id='word_1_22' title='bbox 1118 511 1208 562; x_wconf 87' lang='lat' dir='ltr'><strong>atrox</strong></span> <span class='ocrx_word' id='word_1_23' title='bbox 1230 493 1375 580; x_wconf 82' lang='lat' dir='ltr'><strong>ingenium</strong></span> <span class='ocrx_word' id='word_1_24' title='bbox 1468 495 1469 504; x_wconf 76' lang='grc'>’</span> 
     </span>
    </p>

    <p class='ocr_par' dir='ltr' id='par_1_4' title="bbox 181 562 1394 1876">
     <span class='ocr_line' id='line_1_4' title="bbox 181 562 1378 677; baseline -0.004 -30"><span class='ocrx_word' id='word_1_25' title='bbox 181 562 277 677; x_wconf 36' lang='grc' dir='ltr'><strong>ἓξὲξ</strong></span> <span class='ocrx_word' id='word_1_26' title='bbox 343 583 530 648; x_wconf 75' lang='lat' dir='ltr'>accenderat</span> <span class='ocrx_word' id='word_1_27' title='bbox 550 605 589 648; x_wconf 89' lang='lat' dir='ltr'><strong>eo</strong></span> <span class='ocrx_word' id='word_1_28' title='bbox 609 583 693 650; x_wconf 84' lang='lat' dir='ltr'><strong>facto</strong></span> <span class='ocrx_word' id='word_1_29' title='bbox 718 585 829 673; x_wconf 84' lang='lat' dir='ltr'><strong>magia,</strong></span> <span class='ocrx_word' id='word_1_30' title='bbox 845 585 940 671; x_wconf 88' lang='lat' dir='ltr'><strong>quam</strong></span> <span class='ocrx_word' id='word_1_31' title='bbox 964 596 1195 649; x_wconf 85' lang='lat' dir='ltr'><strong>conterruerat:</strong></span> <span class='ocrx_word' id='word_1_32' title='bbox 1228 605 1265 646; x_wconf 87' lang='lat' dir='ltr'><strong>eu</strong></span> <span class='ocrx_word' id='word_1_33' title='bbox 1288 584 1378 645; x_wconf 89' lang='lat' dir='ltr'><strong>acrius</strong></span> 
     </span>
     <span class='ocr_line' id='line_1_5' title="bbox 343 667 1379 758; baseline -0.004 -26"><span class='ocrx_word' id='word_1_34' title='bbox 343 669 471 736; x_wconf 87' lang='lat' dir='ltr'><strong>obstare</strong></span> <span class='ocrx_word' id='word_1_35' title='bbox 484 669 558 756; x_wconf 73' lang='lat' dir='ltr'><strong>legi,</strong></span> <span class='ocrx_word' id='word_1_36' title='bbox 573 671 693 756; x_wconf 82' lang='lat' dir='ltr'><strong>agitare</strong></span> <span class='ocrx_word' id='word_1_37' title='bbox 714 672 851 758; x_wconf 87' lang='lat' dir='ltr'><strong>plebem,</strong></span> <span class='ocrx_word' id='word_1_38' title='bbox 869 671 1013 735; x_wconf 83' lang='lat' dir='ltr'><strong>tribunos</strong></span> <span class='ocrx_word' id='word_1_39' title='bbox 1039 671 1123 735; x_wconf 85' lang='lat' dir='ltr'><strong>velut</strong></span> <span class='ocrx_word' id='word_1_40' title='bbox 1142 672 1227 757; x_wconf 88' lang='lat' dir='ltr'><strong>justo</strong></span> <span class='ocrx_word' id='word_1_41' title='bbox 1251 667 1379 752; x_wconf 82' lang='lat' dir='ltr'><strong>persequi</strong></span> 
     </span>
     <span class='ocr_line' id='line_1_6' title="bbox 343 755 1381 845; baseline -0.005 -25"><span class='ocrx_word' id='word_1_42' title='bbox 343 755 437 820; x_wconf 88' lang='lat' dir='ltr'><strong>bello.</strong></span> <span class='ocrx_word' id='word_1_43' title='bbox 482 757 656 822; x_wconf 77' lang='lat' dir='ltr'><strong>Accusator</strong></span> <span class='ocrx_word' id='word_1_44' title='bbox 670 759 735 842; x_wconf 86' lang='lat' dir='ltr'><strong>pati</strong></span> <span class='ocrx_word' id='word_1_45' title='bbox 750 779 837 822; x_wconf 92' lang='lat' dir='ltr'><strong>reum</strong></span> <span class='ocrx_word' id='word_1_46' title='bbox 854 779 955 835; x_wconf 89' lang='lat' dir='ltr'><strong>ruere,</strong></span> <span class='ocrx_word' id='word_1_47' title='bbox 972 757 1160 845; x_wconf 72' lang='lat' dir='ltr'><strong>invidiaque</strong></span> <span class='ocrx_word' id='word_1_48' title='bbox 1180 755 1332 820; x_wconf 86' lang='lat' dir='ltr'><strong>flammam</strong></span> <span class='ocrx_word' id='word_1_49' title='bbox 1349 775 1381 816; x_wconf 86' lang='lat' dir='ltr'><strong>ac</strong></span> 
     </span>
     <span class='ocr_line' id='line_1_7' title="bbox 344 842 1379 930; baseline -0.006 -24"><span class='ocrx_word' id='word_1_50' title='bbox 344 842 508 908; x_wconf 78' lang='lat' dir='ltr'><strong>materiam</strong></span> <span class='ocrx_word' id='word_1_51' title='bbox 530 842 748 910; x_wconf 71' lang='lat' dir='ltr'><strong>⁴8criminibus</strong></span> <span class='ocrx_word' id='word_1_52' title='bbox 764 845 829 908; x_wconf 89' lang='lat' dir='ltr'><strong>stris</strong></span> <span class='ocrx_word' id='word_1_53' title='bbox 843 843 1031 930; x_wconf 85' lang='lat' dir='ltr'><strong>subgerere:</strong></span> <span class='ocrx_word' id='word_1_54' title='bbox 1055 844 1155 930; x_wconf 87' lang='lat' dir='ltr'><strong>legem</strong></span> <span class='ocrx_word' id='word_1_55' title='bbox 1179 842 1379 916; x_wconf 70' lang='lat' dir='ltr'><strong>interimam</strong></span> 
     </span>
     <span class='ocr_line' id='line_1_8' title="bbox 344 927 1383 1018; baseline -0.005 -27"><span class='ocrx_word' id='word_1_56' title='bbox 344 941 409 992; x_wconf 86' lang='lat' dir='ltr'><strong>tam</strong></span> <span class='ocrx_word' id='word_1_57' title='bbox 425 928 465 993; x_wconf 91' lang='lat' dir='ltr'><strong>ad</strong></span> <span class='ocrx_word' id='word_1_58' title='bbox 479 949 565 1014; x_wconf 86' lang='lat' dir='ltr'><strong>spem</strong></span> <span class='ocrx_word' id='word_1_59' title='bbox 582 929 770 1015; x_wconf 84' lang='lat' dir='ltr'><strong>perferendi,</strong></span> <span class='ocrx_word' id='word_1_60' title='bbox 788 951 882 1018; x_wconf 88' lang='lat' dir='ltr'><strong>quam</strong></span> <span class='ocrx_word' id='word_1_61' title='bbox 899 929 940 994; x_wconf 86' lang='lat' dir='ltr'><strong>ad</strong></span> <span class='ocrx_word' id='word_1_62' title='bbox 963 930 1172 996; x_wconf 84' lang='lat' dir='ltr'><strong>lacessendam</strong></span> <span class='ocrx_word' id='word_1_63' title='bbox 1190 927 1332 992; x_wconf 80' lang='lat' dir='ltr'><strong>Kaesonis</strong></span> <span class='ocrx_word' id='word_1_64' title='bbox 1345 941 1383 988; x_wconf 83' lang='lat' dir='ltr'><strong>te-</strong></span> 
     </span>
     <span class='ocr_line' id='line_1_9' title="bbox 345 1011 1385 1104; baseline -0.007 -24"><span class='ocrx_word' id='word_1_65' title='bbox 345 1015 533 1093; x_wconf 86' lang='lat' dir='ltr'><strong>meritatem,</strong></span> <span class='ocrx_word' id='word_1_66' title='bbox 547 1015 639 1082; x_wconf 77' lang='lat' dir='ltr'><strong>serre.</strong></span> <span class='ocrx_word' id='word_1_67' title='bbox 684 1017 735 1084; x_wconf 90' lang='lat' dir='ltr'><strong>Ibi</strong></span> <span class='ocrx_word' id='word_1_68' title='bbox 756 1017 865 1093; x_wconf 92' lang='lat' dir='ltr'><strong>multa,</strong></span> <span class='ocrx_word' id='word_1_69' title='bbox 881 1036 964 1102; x_wconf 72' lang='lat' dir='ltr'><strong>sape</strong></span> <span class='ocrx_word' id='word_1_70' title='bbox 978 1019 1019 1082; x_wconf 89' lang='lat' dir='ltr'><strong>ab</strong></span> <span class='ocrx_word' id='word_1_71' title='bbox 1035 1018 1203 1104; x_wconf 86' lang='lat' dir='ltr'><strong>juventute</strong></span> <span class='ocrx_word' id='word_1_72' title='bbox 1224 1011 1385 1078; x_wconf 86' lang='lat' dir='ltr'><strong>inconsulte</strong></span> 
     </span>
     <span class='ocr_line' id='line_1_10' title="bbox 345 1101 1387 1190; baseline -0.007 -23"><span class='ocrx_word' id='word_1_73' title='bbox 345 1101 431 1167; x_wconf 87' lang='lat' dir='ltr'><strong>dicta</strong></span> <span class='ocrx_word' id='word_1_74' title='bbox 444 1101 598 1190; x_wconf 80' lang='lat' dir='ltr'><strong>iactaque,</strong></span> <span class='ocrx_word' id='word_1_75' title='bbox 614 1104 648 1166; x_wconf 89' lang='lat' dir='ltr'><strong>in</strong></span> <span class='ocrx_word' id='word_1_76' title='bbox 663 1104 755 1168; x_wconf 89' lang='lat' dir='ltr'><strong>uniua</strong></span> <span class='ocrx_word' id='word_1_77' title='bbox 779 1103 923 1168; x_wconf 77' lang='lat' dir='ltr'><strong>Kaeaouia</strong></span> <span class='ocrx_word' id='word_1_78' title='bbox 944 1117 1123 1188; x_wconf 83' lang='lat' dir='ltr'><strong>suspectum</strong></span> <span class='ocrx_word' id='word_1_79' title='bbox 1144 1101 1287 1167; x_wconf 86' lang='lat' dir='ltr'><strong>incidunt</strong></span> <span class='ocrx_word' id='word_1_80' title='bbox 1308 1101 1387 1185; x_wconf 83' lang='lat' dir='ltr'><strong>iuge·</strong></span> 
     </span>
     <span class='ocr_line' id='line_1_11' title="bbox 346 1185 1386 1277; baseline -0.006 -25"><span class='ocrx_word' id='word_1_81' title='bbox 346 1188 454 1254; x_wconf 87' lang='lat' dir='ltr'><strong>nium:</strong></span> <span class='ocrx_word' id='word_1_82' title='bbox 486 1204 590 1254; x_wconf 85' lang='lat' dir='ltr'><strong>tamen</strong></span> <span class='ocrx_word' id='word_1_83' title='bbox 614 1189 678 1277; x_wconf 87' lang='lat' dir='ltr'><strong>legi</strong></span> <span class='ocrx_word' id='word_1_84' title='bbox 703 1191 916 1255; x_wconf 78' lang='lat' dir='ltr'><strong>resistebatur.</strong></span> <span class='ocrx_word' id='word_1_85' title='bbox 965 1189 1007 1253; x_wconf 85' lang='lat' dir='ltr'><strong>Et</strong></span> <span class='ocrx_word' id='word_1_86' title='bbox 1030 1191 1069 1254; x_wconf 82' lang='lat' dir='ltr'><strong>A.</strong></span> <span class='ocrx_word' id='word_1_87' title='bbox 1087 1189 1252 1277; x_wconf 84' lang='lat' dir='ltr'><strong>Virginius</strong></span> <span class='ocrx_word' id='word_1_88' title='bbox 1275 1185 1386 1249; x_wconf 87' lang='lat' dir='ltr'><strong>idemti-</strong></span> 
     </span>
     <span class='ocr_line' id='line_1_12' title="bbox 345 1272 1387 1362; baseline -0.006 -22"><span class='ocrx_word' id='word_1_89' title='bbox 345 1275 420 1340; x_wconf 87' lang='lat' dir='ltr'><strong>dem</strong></span> <span class='ocrx_word' id='word_1_90' title='bbox 430 1275 534 1360; x_wconf 83' lang='lat' dir='ltr'><strong>plebi:</strong></span> <span class='ocrx_word' id='word_1_91' title='bbox 558 1275 733 1362; x_wconf 73' lang='lat' dir='ltr'><strong>⁴⁹Ecquid⁸</strong></span> <span class='ocrx_word' id='word_1_92' title='bbox 746 1276 943 1360; x_wconf 81' lang='lat' dir='ltr'><strong>sentitisjom</strong></span> <span class='ocrx_word' id='word_1_93' title='bbox 952 1297 1011 1353; x_wconf 83' lang='lat' dir='ltr'><strong>uos,</strong></span> <span class='ocrx_word' id='word_1_94' title='bbox 1028 1278 1175 1353; x_wconf 80' lang='lat' dir='ltr'><strong>Quirites,</strong></span> <span class='ocrx_word' id='word_1_95' title='bbox 1191 1272 1387 1340; x_wconf 79' lang='lat' dir='ltr'><strong>Kaesunernsi·</strong></span> 
     </span>
     <span class='ocr_line' id='line_1_13' title="bbox 345 1363 1389 1448; baseline -0.007 -21"><span class='ocrx_word' id='word_1_96' title='bbox 345 1365 523 1440; x_wconf 80' lang='lat' dir='ltr'><strong>mulcinen,</strong></span> <span class='ocrx_word' id='word_1_97' title='bbox 539 1374 569 1427; x_wconf 88' lang='lat' dir='ltr'><strong>et</strong></span> <span class='ocrx_word' id='word_1_98' title='bbox 585 1363 675 1448; x_wconf 85' lang='lat' dir='ltr'><strong>legem</strong></span> <span class='ocrx_word' id='word_1_99' title='bbox 690 1385 779 1448; x_wconf 81' lang='lat' dir='ltr'><strong>quom</strong></span> <span class='ocrx_word' id='word_1_100' title='bbox 794 1365 914 1446; x_wconf 73' lang='lat' dir='ltr'><strong>amitis,</strong></span> <span class='ocrx_word' id='word_1_101' title='bbox 929 1363 1040 1426; x_wconf 78' lang='lat' dir='ltr'><strong>habere</strong></span> <span class='ocrx_word' id='word_1_102' title='bbox 1056 1383 1118 1425; x_wconf 86' lang='lat' dir='ltr'><strong>non</strong></span> <span class='ocrx_word' id='word_1_103' title='bbox 1134 1367 1251 1446; x_wconf 83' lang='lat' dir='ltr'><strong>porse?</strong></span> <span class='ocrx_word' id='word_1_104' title='bbox 1287 1363 1389 1434; x_wconf 75' lang='lat' dir='ltr'><strong>Quone·</strong></span> 
     </span>
     <span class='ocr_line' id='line_1_14' title="bbox 345 1446 1390 1534; baseline -0.008 -21"><span class='ocrx_word' id='word_1_105' title='bbox 345 1471 435 1534; x_wconf 84' lang='lat' dir='ltr'><strong>quom</strong></span> <span class='ocrx_word' id='word_1_106' title='bbox 449 1451 525 1533; x_wconf 85' lang='lat' dir='ltr'><strong>qnid</strong></span> <span class='ocrx_word' id='word_1_107' title='bbox 537 1471 592 1534; x_wconf 88' lang='lat' dir='ltr'><strong>ego</strong></span> <span class='ocrx_word' id='word_1_108' title='bbox 605 1453 698 1534; x_wconf 81' lang='lat' dir='ltr'><strong>legem</strong></span> <span class='ocrx_word' id='word_1_109' title='bbox 711 1453 841 1534; x_wconf 81' lang='lat' dir='ltr'><strong>loquor?</strong></span> <span class='ocrx_word' id='word_1_110' title='bbox 863 1449 1003 1513; x_wconf 75' lang='lat' dir='ltr'><strong>libertati</strong></span> <span class='ocrx_word' id='word_1_111' title='bbox 1023 1449 1131 1525; x_wconf 80' lang='lat' dir='ltr'><strong>obstet,</strong></span> <span class='ocrx_word' id='word_1_112' title='bbox 1147 1469 1249 1513; x_wconf 84' lang='lat' dir='ltr'><strong>omnes</strong></span> <span class='ocrx_word' id='word_1_113' title='bbox 1268 1446 1390 1529; x_wconf 77' lang='lat' dir='ltr'><strong>Torpui-</strong></span> 
     </span>
     <span class='ocr_line' id='line_1_15' title="bbox 345 1535 1394 1620; baseline -0.006 -22"><span class='ocrx_word' id='word_1_114' title='bbox 345 1538 412 1599; x_wconf 88' lang='lat' dir='ltr'><strong>nios</strong></span> <span class='ocrx_word' id='word_1_115' title='bbox 422 1535 565 1617; x_wconf 77' lang='lat' dir='ltr'><strong>superbia</strong></span> <span class='ocrx_word' id='word_1_116' title='bbox 576 1547 748 1620; x_wconf 67' lang='lat' dir='ltr'><strong>ers-reperet.</strong></span> <span class='ocrx_word' id='word_1_117' title='bbox 791 1537 988 1618; x_wconf 66' lang='lat' dir='ltr'><strong>Exspectate,</strong></span> <span class='ocrx_word' id='word_1_118' title='bbox 999 1538 1068 1599; x_wconf 80' lang='lat' dir='ltr'><strong>dum</strong></span> <span class='ocrx_word' id='word_1_119' title='bbox 1082 1537 1186 1599; x_wconf 84' lang='lat' dir='ltr'><strong>oonsnl</strong></span> <span class='ocrx_word' id='word_1_120' title='bbox 1200 1543 1256 1598; x_wconf 79' lang='lat' dir='ltr'><strong>ortt</strong></span> <span class='ocrx_word' id='word_1_121' title='bbox 1270 1536 1394 1597; x_wconf 73' lang='lat' dir='ltr'><strong>dictetur</strong></span> 
     </span>
     <span class='ocr_line' id='line_1_16' title="bbox 331 1619 1392 1706; baseline -0.005 -22"><span class='ocrx_word' id='word_1_122' title='bbox 331 1623 410 1704; x_wconf 76' lang='lat' dir='ltr'><strong>flat,</strong></span> <span class='ocrx_word' id='word_1_123' title='bbox 426 1641 511 1704; x_wconf 81' lang='lat' dir='ltr'><strong>quem</strong></span> <span class='ocrx_word' id='word_1_124' title='bbox 520 1622 679 1703; x_wconf 81' lang='lat' dir='ltr'><strong>priuatum</strong></span> <span class='ocrx_word' id='word_1_125' title='bbox 688 1621 803 1686; x_wconf 80' lang='lat' dir='ltr'><strong>uiribus</strong></span> <span class='ocrx_word' id='word_1_126' title='bbox 812 1631 842 1686; x_wconf 87' lang='lat' dir='ltr'><strong>et</strong></span> <span class='ocrx_word' id='word_1_127' title='bbox 852 1623 984 1685; x_wconf 78' lang='lat' dir='ltr'><strong>andacia</strong></span> <span class='ocrx_word' id='word_1_128' title='bbox 993 1631 1170 1706; x_wconf 84' lang='lat' dir='ltr'><strong>regnantem</strong></span> <span class='ocrx_word' id='word_1_129' title='bbox 1182 1622 1303 1685; x_wconf 80' lang='lat' dir='ltr'><strong>uidetis.</strong></span> <span class='ocrx_word' id='word_1_130' title='bbox 1334 1619 1392 1682; x_wconf 87' lang='lat' dir='ltr'><strong>Ad·</strong></span> 
     </span>
     <span class='ocr_line' id='line_1_17' title="bbox 345 1702 1394 1794; baseline -0.003 -24"><span class='ocrx_word' id='word_1_131' title='bbox 345 1706 561 1770; x_wconf 74' lang='lat' dir='ltr'><strong>sentiebantur</strong></span> <span class='ocrx_word' id='word_1_132' title='bbox 587 1707 686 1784; x_wconf 86' lang='lat' dir='ltr'><strong>multi,</strong></span> <span class='ocrx_word' id='word_1_133' title='bbox 713 1707 855 1792; x_wconf 85' lang='lat' dir='ltr'><strong>pulsatos</strong></span> <span class='ocrx_word' id='word_1_134' title='bbox 877 1729 909 1771; x_wconf 84' lang='lat' dir='ltr'><strong>se</strong></span> <span class='ocrx_word' id='word_1_135' title='bbox 930 1719 1104 1794; x_wconf 79' lang='lat' dir='ltr'><strong>querentes,</strong></span> <span class='ocrx_word' id='word_1_136' title='bbox 1120 1719 1152 1772; x_wconf 85' lang='lat' dir='ltr'><strong>et</strong></span> <span class='ocrx_word' id='word_1_137' title='bbox 1175 1707 1338 1772; x_wconf 87' lang='lat' dir='ltr'><strong>tribunum</strong></span> <span class='ocrx_word' id='word_1_138' title='bbox 1360 1702 1394 1767; x_wconf 88' lang='lat' dir='ltr'><strong>ad</strong></span> 
     </span>
     <span class='ocr_line' id='line_1_18' title="bbox 346 1791 939 1876; baseline 0.005 -20"><span class='ocrx_word' id='word_1_139' title='bbox 346 1813 413 1858; x_wconf 90' lang='lat' dir='ltr'><strong>rem</strong></span> <span class='ocrx_word' id='word_1_140' title='bbox 427 1805 484 1876; x_wconf 86' lang='lat' dir='ltr'><strong>per</strong></span> <span class='ocrx_word' id='word_1_141' title='bbox 529 1791 641 1857; x_wconf 86' lang='lat' dir='ltr'><strong>endam</strong></span> <span class='ocrx_word' id='word_1_142' title='bbox 659 1793 742 1859; x_wconf 82' lang='lat' dir='ltr'><strong>uitro</strong></span> <span class='ocrx_word' id='word_1_143' title='bbox 757 1793 939 1859; x_wconf 85' lang='lat' dir='ltr'><strong>incitabant.</strong></span> 
     </span>
    </p>

    <p class='ocr_par' dir='ltr' id='par_1_5' title="bbox 342 1878 1469 3438">
     <span class='ocr_line' id='line_1_19' title="bbox 390 1878 1396 1970; baseline -0.003 -26"><span class='ocrx_word' id='word_1_144' title='bbox 390 1879 472 1944; x_wconf 89' lang='lat' dir='ltr'>XII.</span> <span class='ocrx_word' id='word_1_145' title='bbox 517 1901 569 1944; x_wconf 89' lang='lat' dir='ltr'><strong>am</strong></span> <span class='ocrx_word' id='word_1_146' title='bbox 592 1879 700 1944; x_wconf 88' lang='lat' dir='ltr'><strong>aderat</strong></span> <span class='ocrx_word' id='word_1_147' title='bbox 714 1879 837 1966; x_wconf 86' lang='lat' dir='ltr'><strong>judicio</strong></span> <span class='ocrx_word' id='word_1_148' title='bbox 862 1880 939 1956; x_wconf 87' lang='lat' dir='ltr'><strong>dies,</strong></span> <span class='ocrx_word' id='word_1_149' title='bbox 963 1879 1199 1968; x_wconf 84' lang='lat' dir='ltr'><strong>adparebatque</strong></span> <span class='ocrx_word' id='word_1_150' title='bbox 1223 1879 1323 1970; x_wconf 83' lang='lat' dir='ltr'><strong>vulgo</strong></span> <span class='ocrx_word' id='word_1_151' title='bbox 1345 1878 1396 1941; x_wconf 88' lang='lat' dir='ltr'><strong>ho·</strong></span> 
     </span>
     <span class='ocr_line' id='line_1_20' title="bbox 344 1964 1469 2054; baseline -0.003 -25"><span class='ocrx_word' id='word_1_152' title='bbox 344 1965 445 2030; x_wconf 87' lang='lat' dir='ltr'><strong>mines</strong></span> <span class='ocrx_word' id='word_1_153' title='bbox 461 1967 491 2029; x_wconf 86' lang='lat' dir='ltr'><strong>in</strong></span> <span class='ocrx_word' id='word_1_154' title='bbox 507 1965 710 2032; x_wconf 86' lang='lat' dir='ltr'><strong>damnatione</strong></span> <span class='ocrx_word' id='word_1_155' title='bbox 726 1964 872 2030; x_wconf 79' lang='lat' dir='ltr'><strong>Kaesonis</strong></span> <span class='ocrx_word' id='word_1_156' title='bbox 889 1965 1066 2032; x_wconf 87' lang='lat' dir='ltr'><strong>libertatern</strong></span> <span class='ocrx_word' id='word_1_157' title='bbox 1091 1967 1144 2054; x_wconf 89' lang='lat' dir='ltr'><strong>agi</strong></span> <span class='ocrx_word' id='word_1_158' title='bbox 1166 1967 1309 2033; x_wconf 88' lang='lat' dir='ltr'><strong>credere.</strong></span> <span class='ocrx_word' id='word_1_159' title='bbox 1336 1981 1396 2030; x_wconf 87' lang='lat' dir='ltr'><strong>tum</strong></span> <span class='ocrx_word' id='word_1_160' title='bbox 1468 2013 1469 2020; x_wconf 48' lang='lat'><strong>.</strong></span> 
     </span>
     <span class='ocr_line' id='line_1_21' title="bbox 345 2050 1399 2138; baseline -0.002 -22"><span class='ocrx_word' id='word_1_161' title='bbox 345 2050 473 2117; x_wconf 88' lang='lat' dir='ltr'><strong>domum</strong></span> <span class='ocrx_word' id='word_1_162' title='bbox 496 2067 622 2118; x_wconf 83' lang='lat' dir='ltr'><strong>coactus</strong></span> <span class='ocrx_word' id='word_1_163' title='bbox 637 2075 708 2118; x_wconf 87' lang='lat' dir='ltr'><strong>cum</strong></span> <span class='ocrx_word' id='word_1_164' title='bbox 725 2055 824 2118; x_wconf 84' lang='lat' dir='ltr'><strong>multa</strong></span> <span class='ocrx_word' id='word_1_165' title='bbox 844 2051 1032 2137; x_wconf 79' lang='lat' dir='ltr'><strong>indignitate</strong></span> <span class='ocrx_word' id='word_1_166' title='bbox 1058 2054 1232 2136; x_wconf 86' lang='lat' dir='ltr'><strong>prensabat</strong></span> <span class='ocrx_word' id='word_1_167' title='bbox 1254 2051 1399 2138; x_wconf 74' lang='lat' dir='ltr'><strong>singulos.</strong></span> 
     </span>
     <span class='ocr_line' id='line_1_22' title="bbox 345 2138 1399 2226; baseline -0.002 -24"><span class='ocrx_word' id='word_1_168' title='bbox 345 2139 556 2226; x_wconf 86' lang='lat' dir='ltr'><strong>sequebantur</strong></span> <span class='ocrx_word' id='word_1_169' title='bbox 583 2138 757 2216; x_wconf 86' lang='lat' dir='ltr'><strong>necessarii,</strong></span> <span class='ocrx_word' id='word_1_170' title='bbox 788 2139 945 2224; x_wconf 82' lang='lat' dir='ltr'><strong>principes</strong></span> <span class='ocrx_word' id='word_1_171' title='bbox 974 2141 1115 2204; x_wconf 90' lang='lat' dir='ltr'><strong>civitatis.</strong></span> <span class='ocrx_word' id='word_1_172' title='bbox 1162 2141 1208 2205; x_wconf 88' lang='lat' dir='ltr'><strong>T.</strong></span> <span class='ocrx_word' id='word_1_173' title='bbox 1236 2141 1399 2218; x_wconf 84' lang='lat' dir='ltr'><strong>Quinctius</strong></span> 
     </span>
     <span class='ocr_line' id='line_1_23' title="bbox 346 2225 1402 2310; baseline -0.002 -20"><span class='ocrx_word' id='word_1_174' title='bbox 346 2225 554 2310; x_wconf 85' lang='lat' dir='ltr'><strong>Capitolinus,</strong></span> <span class='ocrx_word' id='word_1_175' title='bbox 571 2226 625 2310; x_wconf 89' lang='lat' dir='ltr'><strong>qui</strong></span> <span class='ocrx_word' id='word_1_176' title='bbox 641 2240 689 2290; x_wconf 87' lang='lat' dir='ltr'><strong>ter</strong></span> <span class='ocrx_word' id='word_1_177' title='bbox 703 2225 813 2290; x_wconf 86' lang='lat' dir='ltr'><strong>consul</strong></span> <span class='ocrx_word' id='word_1_178' title='bbox 827 2225 937 2302; x_wconf 81' lang='lat' dir='ltr'><strong>fuerat,</strong></span> <span class='ocrx_word' id='word_1_179' title='bbox 977 2247 1049 2290; x_wconf 91' lang='lat' dir='ltr'><strong>uum</strong></span> <span class='ocrx_word' id='word_1_180' title='bbox 1073 2226 1174 2291; x_wconf 83' lang='lat' dir='ltr'><strong>multa</strong></span> <span class='ocrx_word' id='word_1_181' title='bbox 1197 2226 1332 2293; x_wconf 83' lang='lat' dir='ltr'><strong>referret</strong></span> <span class='ocrx_word' id='word_1_182' title='bbox 1351 2247 1402 2290; x_wconf 87' lang='lat' dir='ltr'><strong>sua</strong></span> 
     </span>
     <span class='ocr_line' id='line_1_24' title="bbox 343 2249 1401 2400; baseline 0 -24"><span class='ocrx_word' id='word_1_183' title='bbox 343 2309 533 2400; x_wconf 67' lang='lat' dir='ltr'><strong>familiaque</strong></span> <span class='ocrx_word' id='word_1_184' title='bbox 558 2311 685 2390; x_wconf 85' lang='lat' dir='ltr'><strong>decora,</strong></span> <span class='ocrx_word' id='word_1_185' title='bbox 708 2311 912 2376; x_wconf 87' lang='lat' dir='ltr'><strong>adfirmabat:</strong></span> <span class='ocrx_word' id='word_1_186' title='bbox 937 2249 1044 2396; x_wconf 53' lang='lat' dir='ltr'><strong>ideque</strong></span> <span class='ocrx_word' id='word_1_187' title='bbox 1069 2315 1104 2377; x_wconf 88' lang='lat' dir='ltr'><strong>in</strong></span> <span class='ocrx_word' id='word_1_188' title='bbox 1132 2307 1290 2391; x_wconf 73' lang='lat' dir='ltr'><strong>Quinctia</strong></span> <span class='ocrx_word' id='word_1_189' title='bbox 1307 2323 1401 2400; x_wconf 83' lang='lat' dir='ltr'><strong>gente,</strong></span> 
     </span>
     <span class='ocr_line' id='line_1_25' title="bbox 343 2399 1403 2484; baseline -0.001 -22"><span class='ocrx_word' id='word_1_190' title='bbox 343 2419 439 2484; x_wconf 86' lang='lat' dir='ltr'><strong>neque</strong></span> <span class='ocrx_word' id='word_1_191' title='bbox 454 2400 488 2462; x_wconf 85' lang='lat' dir='ltr'><strong>in</strong></span> <span class='ocrx_word' id='word_1_192' title='bbox 502 2400 627 2464; x_wconf 81' lang='lat' dir='ltr'><strong>civitate</strong></span> <span class='ocrx_word' id='word_1_193' title='bbox 641 2401 784 2464; x_wconf 63' lang='lat' dir='ltr'><strong>&amp;mono</strong></span> <span class='ocrx_word' id='word_1_194' title='bbox 799 2409 917 2462; x_wconf 81' lang='lat' dir='ltr'><strong>tantem</strong></span> <span class='ocrx_word' id='word_1_195' title='bbox 932 2399 1132 2464; x_wconf 77' lang='lat' dir='ltr'><strong>indolentiam</strong></span> <span class='ocrx_word' id='word_1_196' title='bbox 1145 2411 1278 2466; x_wconf 79' lang='lat' dir='ltr'><strong>metune</strong></span> <span class='ocrx_word' id='word_1_197' title='bbox 1288 2401 1403 2466; x_wconf 80' lang='lat' dir='ltr'><strong>uirtutis</strong></span> 
     </span>
     <span class='ocr_line' id='line_1_26' title="bbox 343 2485 1406 2572; baseline -0.003 -22"><span class='ocrx_word' id='word_1_198' title='bbox 343 2507 482 2570; x_wconf 88' lang='lat' dir='ltr'><strong>nmqnorn</strong></span> <span class='ocrx_word' id='word_1_199' title='bbox 505 2487 666 2552; x_wconf 68' lang='lat' dir='ltr'><strong>exstitisse.</strong></span> <span class='ocrx_word' id='word_1_200' title='bbox 702 2485 828 2551; x_wconf 61' lang='lat' dir='ltr'><strong>”Saum</strong></span> <span class='ocrx_word' id='word_1_201' title='bbox 844 2487 978 2568; x_wconf 82' lang='lat' dir='ltr'><strong>primam</strong></span> <span class='ocrx_word' id='word_1_202' title='bbox 1001 2485 1123 2549; x_wconf 79' lang='lat' dir='ltr'><strong>militem</strong></span> <span class='ocrx_word' id='word_1_203' title='bbox 1133 2487 1257 2572; x_wconf 69' lang='lat' dir='ltr'><strong>finisse,</strong></span> <span class='ocrx_word' id='word_1_204' title='bbox 1280 2511 1312 2553; x_wconf 80' lang='lat' dir='ltr'><strong>se</strong></span> <span class='ocrx_word' id='word_1_205' title='bbox 1332 2507 1406 2568; x_wconf 71' lang='lat' dir='ltr'><strong>repe</strong></span> 
     </span>
     <span class='ocr_line' id='line_1_27' title="bbox 343 2571 1405 2656; baseline -0.002 -20"><span class='ocrx_word' id='word_1_206' title='bbox 343 2575 465 2636; x_wconf 79' lang='lat' dir='ltr'><strong>uidente</strong></span> <span class='ocrx_word' id='word_1_207' title='bbox 477 2593 627 2656; x_wconf 76' lang='lat' dir='ltr'><strong>pugnasse</strong></span> <span class='ocrx_word' id='word_1_208' title='bbox 642 2576 675 2636; x_wconf 86' lang='lat' dir='ltr'><strong>r‘n</strong></span> <span class='ocrx_word' id='word_1_209' title='bbox 690 2574 812 2636; x_wconf 83' lang='lat' dir='ltr'><strong>hostem.</strong></span> <span class='ocrx_word' id='word_1_210' title='bbox 854 2571 914 2653; x_wconf 84' lang='lat' dir='ltr'><strong>Sp.</strong></span> <span class='ocrx_word' id='word_1_211' title='bbox 927 2571 1052 2648; x_wconf 89' lang='lat' dir='ltr'><strong>Furius,</strong></span> <span class='ocrx_word' id='word_1_212' title='bbox 1067 2571 1092 2609; x_wconf 83' lang='lat'><strong>⁵¹</strong></span> <span class='ocrx_word' id='word_1_213' title='bbox 1103 2575 1226 2638; x_wconf 83' lang='lat' dir='ltr'><strong>missum</strong></span> <span class='ocrx_word' id='word_1_214' title='bbox 1240 2577 1281 2640; x_wconf 82' lang='lat' dir='ltr'><strong>ob</strong></span> <span class='ocrx_word' id='word_1_215' title='bbox 1295 2575 1405 2652; x_wconf 77' lang='lat' dir='ltr'><strong>err&#39;rrc·</strong></span> 
     </span>
     <span class='ocr_line' id='line_1_28' title="bbox 342 2656 1408 2744; baseline -0.004 -22"><span class='ocrx_word' id='word_1_216' title='bbox 342 2661 389 2722; x_wconf 86' lang='lat' dir='ltr'><strong>tio</strong></span> <span class='ocrx_word' id='word_1_217' title='bbox 405 2660 584 2744; x_wconf 80' lang='lat' dir='ltr'><strong>Capitolino</strong></span> <span class='ocrx_word' id='word_1_218' title='bbox 606 2659 667 2722; x_wconf 84' lang='lat' dir='ltr'><strong>sibi</strong></span> <span class='ocrx_word' id='word_1_219' title='bbox 681 2679 745 2721; x_wconf 86' lang='lat' dir='ltr'><strong>enm</strong></span> <span class='ocrx_word' id='word_1_220' title='bbox 761 2659 795 2720; x_wconf 86' lang='lat' dir='ltr'><strong>iu</strong></span> <span class='ocrx_word' id='word_1_221' title='bbox 808 2656 909 2720; x_wconf 84' lang='lat' dir='ltr'><strong>dnhr&#39;is</strong></span> <span class='ocrx_word' id='word_1_222' title='bbox 928 2657 992 2721; x_wconf 84' lang='lat' dir='ltr'><strong>suis</strong></span> <span class='ocrx_word' id='word_1_223' title='bbox 1011 2657 1099 2722; x_wconf 83' lang='lat' dir='ltr'><strong>rebus</strong></span> <span class='ocrx_word' id='word_1_224' title='bbox 1120 2663 1244 2727; x_wconf 86' lang='lat' dir='ltr'><strong>uenisse</strong></span> <span class='ocrx_word' id='word_1_225' title='bbox 1261 2661 1408 2728; x_wconf 74' lang='lat' dir='ltr'><strong>subsidio.</strong></span> 
     </span>
     <span class='ocr_line' id='line_1_29' title="bbox 342 2741 1409 2826; baseline 0.001 -20"><span class='ocrx_word' id='word_1_226' title='bbox 342 2746 489 2808; x_wconf 79' lang='lat' dir='ltr'><strong>neminem</strong></span> <span class='ocrx_word' id='word_1_227' title='bbox 510 2765 600 2806; x_wconf 88' lang='lat' dir='ltr'><strong>nnnrn</strong></span> <span class='ocrx_word' id='word_1_228' title='bbox 620 2765 692 2820; x_wconf 87' lang='lat' dir='ltr'><strong>esse,</strong></span> <span class='ocrx_word' id='word_1_229' title='bbox 707 2741 792 2826; x_wconf 79' lang='lat' dir='ltr'><strong>enjus</strong></span> <span class='ocrx_word' id='word_1_230' title='bbox 806 2744 904 2826; x_wconf 80' lang='lat' dir='ltr'><strong>magis</strong></span> <span class='ocrx_word' id='word_1_231' title='bbox 922 2763 1016 2826; x_wconf 85' lang='lat' dir='ltr'><strong>opero</strong></span> <span class='ocrx_word' id='word_1_232' title='bbox 1037 2755 1121 2824; x_wconf 80' lang='lat' dir='ltr'><strong>patet</strong></span> <span class='ocrx_word' id='word_1_233' title='bbox 1142 2743 1270 2813; x_wconf 72' lang='lat' dir='ltr'><strong>⁶²rernb</strong></span> <span class='ocrx_word' id='word_1_234' title='bbox 1291 2747 1409 2813; x_wconf 85' lang='lat' dir='ltr'><strong>restitn-</strong></span> 
     </span>
     <span class='ocr_line' id='line_1_30' title="bbox 343 2827 1411 2924; baseline 0.001 -31"><span class='ocrx_word' id='word_1_235' title='bbox 343 2839 416 2894; x_wconf 88' lang='lat' dir='ltr'><strong>tam.</strong></span> <span class='ocrx_word' id='word_1_236' title='bbox 463 2828 503 2892; x_wconf 88' lang='lat' dir='ltr'><strong>L.</strong></span> <span class='ocrx_word' id='word_1_237' title='bbox 520 2829 698 2904; x_wconf 83' lang='lat' dir='ltr'><strong>Lucretius,</strong></span> <span class='ocrx_word' id='word_1_238' title='bbox 719 2827 829 2891; x_wconf 86' lang='lat' dir='ltr'><strong>consul</strong></span> <span class='ocrx_word' id='word_1_239' title='bbox 851 2829 926 2892; x_wconf 89' lang='lat' dir='ltr'><strong>anni</strong></span> <span class='ocrx_word' id='word_1_240' title='bbox 948 2829 1073 2913; x_wconf 87' lang='lat' dir='ltr'><strong>prioris,</strong></span> <span class='ocrx_word' id='word_1_241' title='bbox 1089 2833 1216 2898; x_wconf 85' lang='lat' dir='ltr'><strong>recenti</strong></span> <span class='ocrx_word' id='word_1_242' title='bbox 1239 2835 1347 2924; x_wconf 80' lang='lat' dir='ltr'><strong>gloria</strong></span> <span class='ocrx_word' id='word_1_243' title='bbox 1366 2831 1411 2896; x_wconf 92' lang='lat' dir='ltr'><strong>ni-</strong></span> 
     </span>
     <span class='ocr_line' id='line_1_31' title="bbox 343 2911 1411 3005; baseline 0.009 -27"><span class='ocrx_word' id='word_1_244' title='bbox 343 2929 423 2991; x_wconf 87' lang='lat' dir='ltr'><strong>tens,</strong></span> <span class='ocrx_word' id='word_1_245' title='bbox 439 2935 512 2977; x_wconf 89' lang='lat' dir='ltr'><strong>suas</strong></span> <span class='ocrx_word' id='word_1_246' title='bbox 533 2911 641 2980; x_wconf 85' lang='lat' dir='ltr'><strong>laudes</strong></span> <span class='ocrx_word' id='word_1_247' title='bbox 663 2914 854 3000; x_wconf 81' lang='lat' dir='ltr'><strong>participare</strong></span> <span class='ocrx_word' id='word_1_248' title='bbox 868 2935 939 2978; x_wconf 90' lang='lat' dir='ltr'><strong>cum</strong></span> <span class='ocrx_word' id='word_1_249' title='bbox 959 2913 1107 2998; x_wconf 82' lang='lat' dir='ltr'><strong>Kaeaone,</strong></span> <span class='ocrx_word' id='word_1_250' title='bbox 1122 2940 1313 2988; x_wconf 88' lang='lat' dir='ltr'><strong>memorare</strong></span> <span class='ocrx_word' id='word_1_251' title='bbox 1335 2943 1411 3005; x_wconf 71' lang='lat' dir='ltr'><strong>putt-</strong></span> 
     </span>
     <span class='ocr_line' id='line_1_32' title="bbox 343 2999 1413 3087; baseline 0.004 -23"><span class='ocrx_word' id='word_1_252' title='bbox 343 3021 413 3074; x_wconf 82' lang='lat' dir='ltr'><strong>naa,</strong></span> <span class='ocrx_word' id='word_1_253' title='bbox 430 2999 545 3063; x_wconf 85' lang='lat' dir='ltr'><strong>referre</strong></span> <span class='ocrx_word' id='word_1_254' title='bbox 559 2999 687 3087; x_wconf 86' lang='lat' dir='ltr'><strong>egregia</strong></span> <span class='ocrx_word' id='word_1_255' title='bbox 708 2999 858 3078; x_wconf 83' lang='lat' dir='ltr'><strong>facinora,</strong></span> <span class='ocrx_word' id='word_1_256' title='bbox 875 3021 960 3064; x_wconf 85' lang='lat' dir='ltr'><strong>nuno</strong></span> <span class='ocrx_word' id='word_1_257' title='bbox 982 3002 1015 3065; x_wconf 91' lang='lat' dir='ltr'><strong>in</strong></span> <span class='ocrx_word' id='word_1_258' title='bbox 1033 3003 1316 3087; x_wconf 78' lang='lat' dir='ltr'><strong>expeditionibus,</strong></span> <span class='ocrx_word' id='word_1_259' title='bbox 1331 3025 1413 3072; x_wconf 91' lang='lat' dir='ltr'><strong>nuno</strong></span> 
     </span>
     <span class='ocr_line' id='line_1_33' title="bbox 345 3085 1414 3176; baseline 0.006 -27"><span class='ocrx_word' id='word_1_260' title='bbox 345 3087 377 3149; x_wconf 92' lang='lat' dir='ltr'><strong>in</strong></span> <span class='ocrx_word' id='word_1_261' title='bbox 394 3086 479 3150; x_wconf 90' lang='lat' dir='ltr'><strong>acie:</strong></span> <span class='ocrx_word' id='word_1_262' title='bbox 503 3085 635 3150; x_wconf 89' lang='lat' dir='ltr'><strong>suadere</strong></span> <span class='ocrx_word' id='word_1_263' title='bbox 656 3097 688 3149; x_wconf 91' lang='lat' dir='ltr'><strong>et</strong></span> <span class='ocrx_word' id='word_1_264' title='bbox 711 3106 851 3168; x_wconf 87' lang='lat' dir='ltr'><strong>monere,</strong></span> <span class='ocrx_word' id='word_1_265' title='bbox 867 3085 1011 3170; x_wconf 77' lang='lat' dir='ltr'><strong>juvenem</strong></span> <span class='ocrx_word' id='word_1_266' title='bbox 1033 3093 1202 3176; x_wconf 79' lang='lat' dir='ltr'><strong>egregium,</strong></span> <span class='ocrx_word' id='word_1_267' title='bbox 1235 3097 1414 3160; x_wconf 77' lang='lat' dir='ltr'><strong>instmctom</strong></span> 
     </span>
     <span class='ocr_line' id='line_1_34' title="bbox 344 3171 1415 3258; baseline 0.007 -24"><span class='ocrx_word' id='word_1_268' title='bbox 344 3181 467 3235; x_wconf 76' lang='lat' dir='ltr'><strong>notnree</strong></span> <span class='ocrx_word' id='word_1_269' title='bbox 474 3173 675 3258; x_wconf 83' lang='lat' dir='ltr'><strong>sortnneean</strong></span> <span class='ocrx_word' id='word_1_270' title='bbox 688 3171 822 3237; x_wconf 79' lang='lat' dir='ltr'><strong>omnibns</strong></span> <span class='ocrx_word' id='word_1_271' title='bbox 836 3175 931 3250; x_wconf 85' lang='lat' dir='ltr'><strong>bonis,</strong></span> <span class='ocrx_word' id='word_1_272' title='bbox 946 3173 1145 3241; x_wconf 63' lang='lat' dir='ltr'><strong>”mariarum</strong></span> <span class='ocrx_word' id='word_1_273' title='bbox 1165 3193 1358 3246; x_wconf 84' lang='lat' dir='ltr'><strong>momentum</strong></span> <span class='ocrx_word' id='word_1_274' title='bbox 1371 3199 1415 3242; x_wconf 88' lang='lat' dir='ltr'><strong>re-</strong></span> 
     </span>
     <span class='ocr_line' id='line_1_35' title="bbox 345 3257 1417 3352; baseline 0.007 -30"><span class='ocrx_word' id='word_1_275' title='bbox 345 3279 410 3322; x_wconf 86' lang='lat' dir='ltr'><strong>rnm</strong></span> <span class='ocrx_word' id='word_1_276' title='bbox 424 3257 486 3342; x_wconf 81' lang='lat' dir='ltr'><strong>ejns</strong></span> <span class='ocrx_word' id='word_1_277' title='bbox 505 3261 650 3335; x_wconf 84' lang='lat' dir='ltr'><strong>ciuitatis,</strong></span> <span class='ocrx_word' id='word_1_278' title='bbox 667 3261 700 3322; x_wconf 88' lang='lat' dir='ltr'><strong>in</strong></span> <span class='ocrx_word' id='word_1_279' title='bbox 715 3265 919 3344; x_wconf 77' lang='lat' dir='ltr'><strong>quameunque</strong></span> <span class='ocrx_word' id='word_1_280' title='bbox 942 3261 1079 3339; x_wconf 82' lang='lat' dir='ltr'><strong>uenisset,</strong></span> <span class='ocrx_word' id='word_1_281' title='bbox 1102 3285 1201 3342; x_wconf 68' lang='lat' dir='ltr'><strong>tuum,</strong></span> <span class='ocrx_word' id='word_1_282' title='bbox 1220 3290 1321 3352; x_wconf 85' lang='lat' dir='ltr'><strong>quam</strong></span> <span class='ocrx_word' id='word_1_283' title='bbox 1344 3268 1417 3331; x_wconf 84' lang='lat' dir='ltr'><strong>olie-</strong></span> 
     </span>
     <span class='ocr_line' id='line_1_36' title="bbox 346 3343 1416 3438; baseline 0.003 -29"><span class='ocrx_word' id='word_1_284' title='bbox 346 3365 425 3422; x_wconf 66' lang='lat' dir='ltr'><strong>nara</strong></span> <span class='ocrx_word' id='word_1_285' title='bbox 441 3347 567 3409; x_wconf 82' lang='lat' dir='ltr'><strong>mallent</strong></span> <span class='ocrx_word' id='word_1_286' title='bbox 580 3347 673 3410; x_wconf 83' lang='lat' dir='ltr'><strong>civem</strong></span> <span class='ocrx_word' id='word_1_287' title='bbox 692 3367 762 3410; x_wconf 85' lang='lat' dir='ltr'><strong>esse.</strong></span> <span class='ocrx_word' id='word_1_288' title='bbox 810 3343 900 3422; x_wconf 75' lang='lat' dir='ltr'><strong>Quod</strong></span> <span class='ocrx_word' id='word_1_289' title='bbox 921 3346 1064 3431; x_wconf 69' lang='lat' dir='ltr'><strong>oly‘endot</strong></span> <span class='ocrx_word' id='word_1_290' title='bbox 1086 3351 1119 3412; x_wconf 89' lang='lat' dir='ltr'><strong>in</strong></span> <span class='ocrx_word' id='word_1_291' title='bbox 1141 3373 1190 3428; x_wconf 86' lang='lat' dir='ltr'><strong>eo,</strong></span> <span class='ocrx_word' id='word_1_292' title='bbox 1207 3355 1377 3438; x_wconf 65' lang='lat' dir='ltr'><strong>sertorem</strong></span> <span class='ocrx_word' id='word_1_293' title='bbox 1390 3359 1416 3414; x_wconf 87' lang='lat' dir='ltr'><strong>et</strong></span> 
     </span>
    </p>
   </div>
   <div class='ocr_carea' id='block_1_3' title="bbox 475 3485 1289 3549">
    <p class='ocr_par' dir='ltr' id='par_1_6' title="bbox 475 3485 1289 3549">
     <span class='ocr_line' id='line_1_37' title="bbox 475 3485 1289 3549; baseline 0.01 -17"><span class='ocrx_word' id='word_1_294' title='bbox 475 3485 550 3532; x_wconf 71' lang='lat' dir='ltr'><strong>*add</strong></span> <span class='ocrx_word' id='word_1_295' title='bbox 564 3486 640 3546; x_wconf 78' lang='lat' dir='ltr'><strong>inquit</strong></span> <span class='ocrx_word' id='word_1_296' title='bbox 651 3487 725 3533; x_wconf 88' lang='lat' dir='ltr'><strong>Gron.</strong></span> <span class='ocrx_word' id='word_1_297' title='bbox 738 3487 807 3533; x_wconf 64' lang='lat' dir='ltr'><strong>Cres.</strong></span> <span class='ocrx_word' id='word_1_298' title='bbox 1005 3485 1196 3549; x_wconf 69' lang='lat' dir='ltr'><strong>brmrputttmm</strong></span> <span class='ocrx_word' id='word_1_299' title='bbox 1212 3493 1289 3540; x_wconf 73' lang='lat' dir='ltr'><strong>Eaed-</strong></span> 
     </span>
    </p>
   </div>
   <div class='ocr_carea' id='block_1_4' title="bbox 279 3633 1437 4467">
    <p class='ocr_par' dir='ltr' id='par_1_7' title="bbox 279 3633 1425 3700">
     <span class='ocr_line' id='line_1_38' title="bbox 279 3633 1425 3700; baseline 0.006 -19"><span class='ocrx_word' id='word_1_300' title='bbox 279 3656 285 3664; x_wconf 92' lang='lat'>·</span> <span class='ocrx_word' id='word_1_301' title='bbox 378 3633 586 3684; x_wconf 67' lang='lat' dir='ltr'><strong>tawnmnnm</strong></span> <span class='ocrx_word' id='word_1_302' title='bbox 599 3635 659 3700; x_wconf 69' lang='lat' dir='ltr'><strong>rub]</strong></span> <span class='ocrx_word' id='word_1_303' title='bbox 679 3636 858 3688; x_wconf 79' lang='lat' dir='ltr'><strong>Crimiuetioni·</strong></span> <span class='ocrx_word' id='word_1_304' title='bbox 890 3637 1082 3698; x_wconf 73' lang='lat' dir='ltr'><strong>Antiquissimur</strong></span> <span class='ocrx_word' id='word_1_305' title='bbox 1104 3643 1189 3684; x_wconf 80' lang='lat' dir='ltr'><strong>tamen</strong></span> <span class='ocrx_word' id='word_1_306' title='bbox 1217 3655 1234 3688; x_wconf 87' lang='lat' dir='ltr'><strong>e</strong></span> <span class='ocrx_word' id='word_1_307' title='bbox 1256 3645 1354 3691; x_wconf 73' lang='lat' dir='ltr'><strong>nostris</strong></span> <span class='ocrx_word' id='word_1_308' title='bbox 1372 3653 1425 3689; x_wconf 83' lang='lat' dir='ltr'><strong>eam</strong></span> 
     </span>
    </p>

    <p class='ocr_par' dir='ltr' id='par_1_8' title="bbox 346 3701 1425 3830">
     <span class='ocr_line' id='line_1_39' title="bbox 346 3701 1425 3769; baseline 0.001 -21"><span class='ocrx_word' id='word_1_309' title='bbox 346 3701 541 3749; x_wconf 82' lang='lat' dir='ltr'><strong>bmtrtbunnita.</strong></span> <span class='ocrx_word' id='word_1_310' title='bbox 780 3741 784 3750; x_wconf 87' lang='lat'><strong>.</strong></span> <span class='ocrx_word' id='word_1_311' title='bbox 890 3701 988 3750; x_wconf 86' lang='lat' dir='ltr'><strong>omittit.</strong></span> <span class='ocrx_word' id='word_1_312' title='bbox 1026 3703 1059 3750; x_wconf 79' lang='lat' dir='ltr'><strong>Bt</strong></span> <span class='ocrx_word' id='word_1_313' title='bbox 1079 3716 1137 3750; x_wconf 77' lang='lat' dir='ltr'><strong>saue</strong></span> <span class='ocrx_word' id='word_1_314' title='bbox 1158 3701 1208 3750; x_wconf 76' lang='lat' dir='ltr'><strong>itta</strong></span> <span class='ocrx_word' id='word_1_315' title='bbox 1230 3716 1326 3756; x_wconf 79' lang='lat' dir='ltr'><strong>onerat</strong></span> <span class='ocrx_word' id='word_1_316' title='bbox 1348 3707 1425 3769; x_wconf 86' lang='lat' dir='ltr'><strong>potius</strong></span> 
     </span>
     <span class='ocr_line' id='line_1_40' title="bbox 378 3763 1209 3830; baseline 0.005 -20"><span class='ocrx_word' id='word_1_317' title='bbox 378 3763 411 3810; x_wconf 82' lang='grc'><strong>49</strong></span> <span class='ocrx_word' id='word_1_318' title='bbox 427 3765 527 3825; x_wconf 70' lang='lat' dir='ltr'><strong>Ecquid,</strong></span> <span class='ocrx_word' id='word_1_319' title='bbox 548 3767 633 3825; x_wconf 66' lang='lat' dir='ltr'><strong>morit,</strong></span> <span class='ocrx_word' id='word_1_320' title='bbox 663 3765 764 3829; x_wconf 72' lang='lat' dir='ltr'><strong>aeneide]</strong></span> <span class='ocrx_word' id='word_1_321' title='bbox 791 3765 858 3820; x_wconf 80' lang='lat' dir='ltr'><strong>Qua·</strong></span> <span class='ocrx_word' id='word_1_322' title='bbox 889 3764 1209 3830; x_wconf 82' lang='lat' dir='ltr'><strong>orationem‚quamjnvat.</strong></span> 
     </span>
    </p>

    <p class='ocr_par' dir='ltr' id='par_1_9' title="bbox 347 3827 1427 3901">
     <span class='ocr_line' id='line_1_41' title="bbox 347 3827 1427 3901; baseline 0.006 -26"><span class='ocrx_word' id='word_1_323' title='bbox 347 3837 432 3876; x_wconf 86' lang='lat' dir='ltr'><strong>tuere</strong></span> <span class='ocrx_word' id='word_1_324' title='bbox 451 3831 538 3878; x_wconf 80' lang='lat' dir='ltr'><strong>noetrir</strong></span> <span class='ocrx_word' id='word_1_325' title='bbox 560 3831 629 3876; x_wconf 84' lang='lat' dir='ltr'><strong>codd.</strong></span> <span class='ocrx_word' id='word_1_326' title='bbox 651 3831 763 3889; x_wconf 75' lang='lat' dir='ltr'><strong>ignorant</strong></span> <span class='ocrx_word' id='word_1_327' title='bbox 780 3827 807 3877; x_wconf 77' lang='lat' dir='ltr'><strong>ei</strong></span> <span class='ocrx_word' id='word_1_328' title='bbox 822 3832 859 3876; x_wconf 84' lang='lat' dir='ltr'><strong>ia·</strong></span> <span class='ocrx_word' id='word_1_329' title='bbox 921 3829 953 3878; x_wconf 76' lang='lat'><strong>62</strong></span> <span class='ocrx_word' id='word_1_330' title='bbox 970 3831 1143 3892; x_wconf 78' lang='lat' dir='ltr'><strong>Rempndiioom</strong></span> <span class='ocrx_word' id='word_1_331' title='bbox 1177 3837 1344 3901; x_wconf 72' lang='lat' dir='ltr'><strong>mittentem]</strong></span> <span class='ocrx_word' id='word_1_332' title='bbox 1381 3837 1427 3883; x_wconf 83' lang='lat' dir='ltr'><strong>Hic</strong></span> 
     </span>
    </p>

    <p class='ocr_par' dir='ltr' id='par_1_10' title="bbox 346 3893 1432 4022">
     <span class='ocr_line' id='line_1_42' title="bbox 346 3893 1430 3958; baseline 0.009 -20"><span class='ocrx_word' id='word_1_333' title='bbox 346 3894 405 3954; x_wconf 67' lang='lat' dir='ltr'><strong>pub.</strong></span> <span class='ocrx_word' id='word_1_334' title='bbox 416 3895 481 3954; x_wconf 87' lang='lat' dir='ltr'><strong>quod</strong></span> <span class='ocrx_word' id='word_1_335' title='bbox 492 3893 593 3940; x_wconf 83' lang='lat' dir='ltr'><strong>inseruit</strong></span> <span class='ocrx_word' id='word_1_336' title='bbox 610 3894 729 3956; x_wconf 74' lang='lat' dir='ltr'><strong>Sigonius.</strong></span> <span class='ocrx_word' id='word_1_337' title='bbox 891 3895 1037 3955; x_wconf 78' lang='lat' dir='ltr'><strong>scriptitare</strong></span> <span class='ocrx_word' id='word_1_338' title='bbox 1055 3901 1172 3956; x_wconf 80' lang='lat' dir='ltr'><strong>respuunt</strong></span> <span class='ocrx_word' id='word_1_339' title='bbox 1183 3899 1328 3958; x_wconf 75' lang='lat' dir='ltr'><strong>pubiieom.</strong></span> <span class='ocrx_word' id='word_1_340' title='bbox 1345 3903 1430 3950; x_wconf 81' lang='lat' dir='ltr'><strong>Enim·</strong></span> 
     </span>
     <span class='ocr_line' id='line_1_43' title="bbox 378 3957 1432 4022; baseline 0.006 -18"><span class='ocrx_word' id='word_1_341' title='bbox 378 3957 411 4004; x_wconf 76' lang='lat'><strong>⁵0</strong></span> <span class='ocrx_word' id='word_1_342' title='bbox 427 3957 503 4003; x_wconf 75' lang='lat' dir='ltr'><strong>Sarum</strong></span> <span class='ocrx_word' id='word_1_343' title='bbox 524 3959 630 4019; x_wconf 80' lang='lat' dir='ltr'><strong>primam</strong></span> <span class='ocrx_word' id='word_1_344' title='bbox 649 3957 747 4004; x_wconf 72' lang='lat' dir='ltr'><strong>mittem</strong></span> <span class='ocrx_word' id='word_1_345' title='bbox 767 3958 858 4022; x_wconf 79' lang='lat' dir='ltr'><strong>fuisse]</strong></span> <span class='ocrx_word' id='word_1_346' title='bbox 892 3973 948 4006; x_wconf 85' lang='lat' dir='ltr'><strong>vero</strong></span> <span class='ocrx_word' id='word_1_347' title='bbox 959 3960 1017 4006; x_wconf 77' lang='lat' dir='ltr'><strong>ratis</strong></span> <span class='ocrx_word' id='word_1_348' title='bbox 1027 3960 1162 4018; x_wconf 82' lang='lat' dir='ltr'><strong>estlaudis,</strong></span> <span class='ocrx_word' id='word_1_349' title='bbox 1182 3968 1215 4008; x_wconf 87' lang='lat' dir='ltr'><strong>ut</strong></span> <span class='ocrx_word' id='word_1_350' title='bbox 1236 3967 1432 4016; x_wconf 63' lang='lat' dir='ltr'><strong>obmatGro·</strong></span> 
     </span>
    </p>

    <p class='ocr_par' dir='ltr' id='par_1_11' title="bbox 346 4021 1434 4094">
     <span class='ocr_line' id='line_1_44' title="bbox 346 4021 1434 4094; baseline 0.007 -26"><span class='ocrx_word' id='word_1_351' title='bbox 346 4021 377 4068; x_wconf 83' lang='lat' dir='ltr'><strong>Se</strong></span> <span class='ocrx_word' id='word_1_352' title='bbox 394 4022 455 4067; x_wconf 86' lang='lat' dir='ltr'><strong>duee</strong></span> <span class='ocrx_word' id='word_1_353' title='bbox 472 4023 551 4082; x_wconf 89' lang='lat' dir='ltr'><strong>prima</strong></span> <span class='ocrx_word' id='word_1_354' title='bbox 564 4023 683 4082; x_wconf 77' lang='lat' dir='ltr'><strong>stipendia</strong></span> <span class='ocrx_word' id='word_1_355' title='bbox 693 4023 793 4071; x_wconf 72' lang='lat' dir='ltr'><strong>iecisset</strong></span> <span class='ocrx_word' id='word_1_356' title='bbox 813 4025 858 4078; x_wconf 82' lang='lat' dir='ltr'><strong>vel.</strong></span> <span class='ocrx_word' id='word_1_357' title='bbox 892 4024 987 4075; x_wconf 84' lang='lat' dir='ltr'><strong>novius.</strong></span> <span class='ocrx_word' id='word_1_358' title='bbox 1009 4025 1057 4071; x_wconf 87' lang='lat' dir='ltr'><strong>diei</strong></span> <span class='ocrx_word' id='word_1_359' title='bbox 1081 4038 1140 4083; x_wconf 85' lang='lat' dir='ltr'><strong>rem,</strong></span> <span class='ocrx_word' id='word_1_360' title='bbox 1163 4025 1194 4074; x_wconf 90' lang='lat' dir='ltr'><strong>id</strong></span> <span class='ocrx_word' id='word_1_361' title='bbox 1220 4037 1274 4086; x_wconf 79' lang='lat' dir='ltr'><strong>eet,</strong></span> <span class='ocrx_word' id='word_1_362' title='bbox 1311 4045 1434 4094; x_wconf 82' lang='lat' dir='ltr'><strong>pugnam,</strong></span> 
     </span>
    </p>

    <p class='ocr_par' dir='ltr' id='par_1_12' title="bbox 346 4085 1241 4150">
     <span class='ocr_line' id='line_1_45' title="bbox 346 4085 1241 4150; baseline 0.008 -21"><span class='ocrx_word' id='word_1_363' title='bbox 346 4085 368 4129; x_wconf 84' lang='lat' dir='ltr'><strong>ai</strong></span> <span class='ocrx_word' id='word_1_364' title='bbox 384 4085 491 4145; x_wconf 75' lang='lat' dir='ltr'><strong>primam</strong></span> <span class='ocrx_word' id='word_1_365' title='bbox 510 4087 615 4134; x_wconf 79' lang='lat' dir='ltr'><strong>sumitur</strong></span> <span class='ocrx_word' id='word_1_366' title='bbox 634 4101 677 4148; x_wconf 90' lang='lat' dir='ltr'><strong>pro</strong></span> <span class='ocrx_word' id='word_1_367' title='bbox 698 4089 797 4134; x_wconf 88' lang='lat' dir='ltr'><strong>nomiae</strong></span> <span class='ocrx_word' id='word_1_368' title='bbox 818 4089 860 4134; x_wconf 83' lang='lat' dir='ltr'><strong>ad·</strong></span> <span class='ocrx_word' id='word_1_369' title='bbox 892 4087 1022 4134; x_wconf 75' lang='lat' dir='ltr'><strong>restitutam</strong></span> <span class='ocrx_word' id='word_1_370' title='bbox 1031 4087 1241 4150; x_wconf 75' lang='lat' dir='ltr'><strong>Caesonieopera.</strong></span> 
     </span>
    </p>

    <p class='ocr_par' dir='ltr' id='par_1_13' title="bbox 342 4144 1435 4224">
     <span class='ocr_line' id='line_1_46' title="bbox 342 4144 1435 4224; baseline 0.01 -29"><span class='ocrx_word' id='word_1_371' title='bbox 342 4144 443 4210; x_wconf 70' lang='lat' dir='ltr'><strong>jactito.</strong></span> <span class='ocrx_word' id='word_1_372' title='bbox 461 4151 567 4208; x_wconf 87' lang='lat' dir='ltr'><strong>primum</strong></span> <span class='ocrx_word' id='word_1_373' title='bbox 578 4152 659 4198; x_wconf 81' lang='lat' dir='ltr'><strong>locum</strong></span> <span class='ocrx_word' id='word_1_374' title='bbox 671 4151 734 4198; x_wconf 88' lang='lat' dir='ltr'><strong>inter</strong></span> <span class='ocrx_word' id='word_1_375' title='bbox 744 4164 802 4198; x_wconf 84' lang='lat' dir='ltr'><strong>suus</strong></span> <span class='ocrx_word' id='word_1_376' title='bbox 813 4153 859 4198; x_wconf 86' lang='lat' dir='ltr'><strong>rni-</strong></span> <span class='ocrx_word' id='word_1_377' title='bbox 925 4150 1121 4200; x_wconf 55' lang='lat' dir='ltr'><strong>amrinum</strong></span> <span class='ocrx_word' id='word_1_378' title='bbox 1138 4159 1314 4224; x_wconf 69' lang='lat' dir='ltr'><strong>momeatunq</strong></span> <span class='ocrx_word' id='word_1_379' title='bbox 1332 4159 1395 4216; x_wconf 79' lang='lat' dir='ltr'><strong>Qui.</strong></span> <span class='ocrx_word' id='word_1_380' title='bbox 1409 4159 1435 4206; x_wconf 84' lang='lat' dir='ltr'><strong>itt</strong></span> 
     </span>
    </p>

    <p class='ocr_par' dir='ltr' id='par_1_14' title="bbox 345 4213 1437 4352">
     <span class='ocr_line' id='line_1_47' title="bbox 345 4213 1436 4285; baseline 0.011 -27"><span class='ocrx_word' id='word_1_381' title='bbox 345 4213 401 4257; x_wconf 85' lang='lat' dir='ltr'><strong>lites</strong></span> <span class='ocrx_word' id='word_1_382' title='bbox 412 4213 501 4260; x_wconf 85' lang='lat' dir='ltr'><strong>virtute</strong></span> <span class='ocrx_word' id='word_1_383' title='bbox 511 4221 536 4261; x_wconf 86' lang='lat' dir='ltr'><strong>et</strong></span> <span class='ocrx_word' id='word_1_384' title='bbox 547 4215 616 4262; x_wconf 74' lang='lat' dir='ltr'><strong>taeda</strong></span> <span class='ocrx_word' id='word_1_385' title='bbox 628 4216 740 4262; x_wconf 70' lang='lat' dir='ltr'><strong>tenubae.</strong></span> <span class='ocrx_word' id='word_1_386' title='bbox 892 4225 1063 4278; x_wconf 82' lang='lat' dir='ltr'><strong>quameunque</strong></span> <span class='ocrx_word' id='word_1_387' title='bbox 1084 4218 1217 4268; x_wconf 80' lang='lat' dir='ltr'><strong>civitatem</strong></span> <span class='ocrx_word' id='word_1_388' title='bbox 1241 4227 1371 4280; x_wconf 78' lang='lat' dir='ltr'><strong>venisset,</strong></span> <span class='ocrx_word' id='word_1_389' title='bbox 1384 4221 1436 4285; x_wconf 78' lang='lat' dir='ltr'><strong>ejra</strong></span> 
     </span>
     <span class='ocr_line' id='line_1_48' title="bbox 378 4275 1437 4352; baseline 0.014 -30"><span class='ocrx_word' id='word_1_390' title='bbox 378 4277 408 4322; x_wconf 81' lang='lat' dir='ltr'><strong>at</strong></span> <span class='ocrx_word' id='word_1_391' title='bbox 427 4275 532 4324; x_wconf 80' lang='lat' dir='ltr'><strong>Mr&#39;rrurn</strong></span> <span class='ocrx_word' id='word_1_392' title='bbox 543 4279 653 4342; x_wconf 59' lang='lat' dir='ltr'><strong>meida]</strong></span> <span class='ocrx_word' id='word_1_393' title='bbox 672 4279 773 4326; x_wconf 81' lang='lat' dir='ltr'><strong>Plurimi</strong></span> <span class='ocrx_word' id='word_1_394' title='bbox 785 4281 861 4340; x_wconf 83' lang='lat' dir='ltr'><strong>scrip·</strong></span> <span class='ocrx_word' id='word_1_395' title='bbox 892 4279 983 4328; x_wconf 82' lang='lat' dir='ltr'><strong>viribus</strong></span> <span class='ocrx_word' id='word_1_396' title='bbox 1010 4295 1129 4343; x_wconf 78' lang='lat' dir='ltr'><strong>magnum</strong></span> <span class='ocrx_word' id='word_1_397' title='bbox 1159 4287 1283 4344; x_wconf 81' lang='lat' dir='ltr'><strong>pondua,</strong></span> <span class='ocrx_word' id='word_1_398' title='bbox 1314 4300 1437 4352; x_wconf 79' lang='lat' dir='ltr'><strong>magnam</strong></span> 
     </span>
    </p>

    <p class='ocr_par' dir='ltr' id='par_1_15' title="bbox 347 4340 1305 4408">
     <span class='ocr_line' id='line_1_49' title="bbox 347 4340 1305 4408; baseline 0.017 -22"><span class='ocrx_word' id='word_1_399' title='bbox 347 4340 375 4398; x_wconf 81' lang='lat' dir='ltr'><strong>ti,</strong></span> <span class='ocrx_word' id='word_1_400' title='bbox 397 4350 451 4388; x_wconf 82' lang='lat' dir='ltr'><strong>tum</strong></span> <span class='ocrx_word' id='word_1_401' title='bbox 468 4343 623 4401; x_wconf 70' lang='lat' dir='ltr'><strong>(immutata,</strong></span> <span class='ocrx_word' id='word_1_402' title='bbox 639 4351 693 4392; x_wconf 90' lang='lat' dir='ltr'><strong>tum</strong></span> <span class='ocrx_word' id='word_1_403' title='bbox 710 4345 795 4400; x_wconf 81' lang='lat' dir='ltr'><strong>nostri,</strong></span> <span class='ocrx_word' id='word_1_404' title='bbox 811 4359 860 4392; x_wconf 82' lang='lat' dir='ltr'><strong>um</strong></span> <span class='ocrx_word' id='word_1_405' title='bbox 891 4346 1052 4396; x_wconf 72' lang='lat' dir='ltr'><strong>amenaiomm</strong></span> <span class='ocrx_word' id='word_1_406' title='bbox 1062 4355 1125 4396; x_wconf 82' lang='lat' dir='ltr'><strong>erret</strong></span> <span class='ocrx_word' id='word_1_407' title='bbox 1135 4343 1305 4408; x_wconf 71' lang='lat' dir='ltr'><strong>adjecturus.</strong></span> 
     </span>
    </p>

    <p class='ocr_par' dir='ltr' id='par_1_16' title="bbox 348 4407 857 4467">
     <span class='ocr_line' id='line_1_50' title="bbox 348 4407 857 4467; baseline 0 -11"><span class='ocrx_word' id='word_1_408' title='bbox 348 4418 405 4456; x_wconf 76' lang='lat' dir='ltr'><strong>roes</strong></span> <span class='ocrx_word' id='word_1_409' title='bbox 423 4407 542 4454; x_wconf 81' lang='lat' dir='ltr'><strong>auctiores</strong></span> <span class='ocrx_word' id='word_1_410' title='bbox 564 4417 637 4454; x_wconf 79' lang='lat' dir='ltr'><strong>aunt:</strong></span> <span class='ocrx_word' id='word_1_411' title='bbox 658 4409 732 4467; x_wconf 81' lang='lat' dir='ltr'><strong>iprum</strong></span> <span class='ocrx_word' id='word_1_412' title='bbox 755 4410 857 4457; x_wconf 80' lang='lat' dir='ltr'><strong>mirram.</strong></span> 
     </span>
    </p>
   </div>
   <div class='ocr_carea' id='block_1_5' title="bbox 0 0 1500 4918">
    <p class='ocr_par' dir='ltr' id='par_1_17' title="bbox 0 0 1500 4918">
     <span class='ocr_line' id='line_1_51' title="bbox 0 0 1500 4918; baseline 0 0"><span class='ocrx_word' id='word_1_413' title='bbox 0 0 1500 4918; x_wconf 95' lang='lat' dir='ltr'><strong> </strong></span> 
     </span>
    </p>
   </div>
  </div>
 </body>
</html>
