<?xml version="1.0" encoding="UTF-8"?>
<!DOCTYPE html PUBLIC "-//W3C//DTD XHTML 1.0 Transitional//EN"
    "http://www.w3.org/TR/xhtml1/DTD/xhtml1-transitional.dtd">
<html xmlns="http://www.w3.org/1999/xhtml" xml:lang="en" lang="en">
 <head>
  <title>
</title>
<meta http-equiv="Content-Type" content="text/html;charset=utf-8" />
  <meta name='ocr-system' content='tesseract 3.04.00' />
  <meta name='ocr-capabilities' content='ocr_page ocr_carea ocr_par ocr_line ocrx_word'/>
</head>
<body>
  <div class='ocr_page' id='page_1' title='image "./tliviipatavinih02crevgoog_0464.png"; bbox 0 0 3056 4928; ppageno 0'>
   <div class='ocr_carea' id='block_1_1' title="bbox 457 225 1188 314">
    <p class='ocr_par' dir='ltr' id='par_1_1' title="bbox 457 225 1188 314">
     <span class='ocr_line' id='line_1_1' title="bbox 457 225 1188 314; baseline 0.01 -10"><span class='ocrx_word' id='word_1_1' title='bbox 457 243 551 304; x_wconf 80' lang='lat' dir='ltr'>ura.</span> <span class='ocrx_word' id='word_1_2' title='bbox 572 227 661 304; x_wconf 82' lang='lat' dir='ltr'>vni.</span> <span class='ocrx_word' id='word_1_3' title='bbox 686 225 789 302; x_wconf 71' lang='lat' dir='ltr'>cir.</span> <span class='ocrx_word' id='word_1_4' title='bbox 809 241 896 304; x_wconf 82' lang='lat' dir='ltr'>vni.</span> <span class='ocrx_word' id='word_1_5' title='bbox 1128 242 1188 314; x_wconf 70' lang='lat' dir='ltr'>aar</span> 
     </span>
    </p>
   </div>
   <div class='ocr_carea' id='block_1_2' title="bbox 128 401 1332 1506">
    <p class='ocr_par' dir='ltr' id='par_1_2' title="bbox 129 401 1332 662">
     <span class='ocr_line' id='line_1_2' title="bbox 129 401 1331 491; baseline 0.007 -21"><span class='ocrx_word' id='word_1_6' title='bbox 129 403 339 483; x_wconf 83' lang='lat' dir='ltr'>centuriones,</span> <span class='ocrx_word' id='word_1_7' title='bbox 352 401 552 472; x_wconf 84' lang='lat' dir='ltr'>vexillarium</span> <span class='ocrx_word' id='word_1_8' title='bbox 573 425 673 470; x_wconf 90' lang='lat' dir='ltr'>unum</span> <span class='ocrx_word' id='word_1_9' title='bbox 692 403 839 471; x_wconf 83' lang='lat' dir='ltr'>babebat.</span> <span class='ocrx_word' id='word_1_10' title='bbox 861 405 965 491; x_wconf 85' lang='lat' dir='ltr'>prims</span> <span class='ocrx_word' id='word_1_11' title='bbox 978 405 1060 472; x_wconf 83' lang='lat' dir='ltr'>scies</span> <span class='ocrx_word' id='word_1_12' title='bbox 1078 405 1225 488; x_wconf 69' lang='lat' dir='ltr'>“basta</span> <span class='ocrx_word' id='word_1_13' title='bbox 1236 413 1331 480; x_wconf 75' lang='lat' dir='ltr'>bata</span> 
     </span>
     <span class='ocr_line' id='line_1_3' title="bbox 130 489 1332 578; baseline 0.002 -24"><span class='ocrx_word' id='word_1_14' title='bbox 130 491 186 554; x_wconf 87' lang='lat' dir='ltr'>tati</span> <span class='ocrx_word' id='word_1_15' title='bbox 210 502 310 568; x_wconf 84' lang='lat' dir='ltr'>eraut,</span> <span class='ocrx_word' id='word_1_16' title='bbox 324 489 513 576; x_wconf 72' lang='lat' dir='ltr'>“manipuli</span> <span class='ocrx_word' id='word_1_17' title='bbox 536 492 725 578; x_wconf 87' lang='lat' dir='ltr'>quindecim,</span> <span class='ocrx_word' id='word_1_18' title='bbox 750 492 901 556; x_wconf 88' lang='lat' dir='ltr'>distantes</span> <span class='ocrx_word' id='word_1_19' title='bbox 923 493 1005 558; x_wconf 81' lang='lat' dir='ltr'>inter</span> <span class='ocrx_word' id='word_1_20' title='bbox 1031 513 1064 556; x_wconf 85' lang='lat' dir='ltr'>se</span> <span class='ocrx_word' id='word_1_21' title='bbox 1085 493 1187 558; x_wconf 88' lang='lat' dir='ltr'>modi·</span> <span class='ocrx_word' id='word_1_22' title='bbox 1195 497 1227 546; x_wconf 80' lang='grc' dir='ltr'>Δ·</span> <span class='ocrx_word' id='word_1_23' title='bbox 1237 497 1264 545; x_wconf 79' lang='lat'>0·</span> <span class='ocrx_word' id='word_1_24' title='bbox 1275 492 1332 544; x_wconf 68' lang='lat'>³³⁷·</span> 
     </span>
     <span class='ocr_line' id='line_1_4' title="bbox 130 576 1189 662; baseline 0.005 -22"><span class='ocrx_word' id='word_1_25' title='bbox 130 597 201 640; x_wconf 88' lang='lat' dir='ltr'>cnm</span> <span class='ocrx_word' id='word_1_26' title='bbox 227 577 382 661; x_wconf 84' lang='lat' dir='ltr'>spatium:</span> <span class='ocrx_word' id='word_1_27' title='bbox 405 576 583 662; x_wconf 84' lang='lat' dir='ltr'>manipulus</span> <span class='ocrx_word' id='word_1_28' title='bbox 605 577 687 641; x_wconf 79' lang='lat' dir='ltr'>leves</span> <span class='ocrx_word' id='word_1_29' title='bbox 707 578 834 642; x_wconf 87' lang='lat' dir='ltr'>vicenos</span> <span class='ocrx_word' id='word_1_30' title='bbox 859 577 1097 656; x_wconf 65' lang='lat' dir='ltr'>militensium</span> <span class='ocrx_word' id='word_1_31' title='bbox 1122 595 1189 645; x_wconf 86' lang='lat' dir='ltr'>tur·</span> 
     </span>
    </p>

    <p class='ocr_par' dir='ltr' id='par_1_3' title="bbox 128 663 1191 851">
     <span class='ocr_line' id='line_1_5' title="bbox 130 663 1189 751; baseline 0.005 -25"><span class='ocrx_word' id='word_1_32' title='bbox 130 663 200 726; x_wconf 92' lang='lat' dir='ltr'>bam</span> <span class='ocrx_word' id='word_1_33' title='bbox 217 675 410 728; x_wconf 80' lang='lat' dir='ltr'>scutatorum</span> <span class='ocrx_word' id='word_1_34' title='bbox 427 663 572 729; x_wconf 86' lang='lat' dir='ltr'>babebat.</span> <span class='ocrx_word' id='word_1_35' title='bbox 594 663 676 728; x_wconf 82' lang='lat' dir='ltr'>leves</span> <span class='ocrx_word' id='word_1_36' title='bbox 691 675 805 742; x_wconf 85' lang='lat' dir='ltr'>autem,</span> <span class='ocrx_word' id='word_1_37' title='bbox 822 667 875 751; x_wconf 94' lang='lat' dir='ltr'>qui</span> <span class='ocrx_word' id='word_1_38' title='bbox 894 663 922 708; x_wconf 79' lang='lat'>⁸⁷</span> <span class='ocrx_word' id='word_1_39' title='bbox 929 663 1050 730; x_wconf 86' lang='lat' dir='ltr'>basiam</span> <span class='ocrx_word' id='word_1_40' title='bbox 1066 675 1189 731; x_wconf 85' lang='lat' dir='ltr'>tuntum</span> 
     </span>
     <span class='ocr_line' id='line_1_6' title="bbox 128 747 1191 851; baseline 0.005 -39"><span class='ocrx_word' id='word_1_41' title='bbox 128 747 311 851; x_wconf 64' lang='lat' dir='ltr'>“gaesaque</span> <span class='ocrx_word' id='word_1_42' title='bbox 324 763 481 836; x_wconf 82' lang='lat' dir='ltr'>gererent,</span> <span class='ocrx_word' id='word_1_43' title='bbox 498 748 700 815; x_wconf 82' lang='lat' dir='ltr'>vocabantur.</span> <span class='ocrx_word' id='word_1_44' title='bbox 746 749 830 816; x_wconf 83' lang='lat' dir='ltr'>Haec</span> <span class='ocrx_word' id='word_1_45' title='bbox 851 751 955 836; x_wconf 90' lang='lat' dir='ltr'>prima</span> <span class='ocrx_word' id='word_1_46' title='bbox 972 751 1059 816; x_wconf 77' lang='lat' dir='ltr'>lions</span> <span class='ocrx_word' id='word_1_47' title='bbox 1073 753 1107 826; x_wconf 84' lang='lat' dir='ltr'>iu</span> <span class='ocrx_word' id='word_1_48' title='bbox 1122 754 1191 817; x_wconf 86' lang='lat' dir='ltr'>acie</span> 
     </span>
    </p>

    <p class='ocr_par' dir='ltr' id='par_1_4' title="bbox 129 835 1190 1010">
     <span class='ocr_line' id='line_1_7' title="bbox 129 835 1190 921; baseline 0.004 -23"><span class='ocrx_word' id='word_1_49' title='bbox 129 835 238 899; x_wconf 88' lang='lat' dir='ltr'>florem</span> <span class='ocrx_word' id='word_1_50' title='bbox 257 856 411 921; x_wconf 81' lang='lat' dir='ltr'>Juvenum</span> <span class='ocrx_word' id='word_1_51' title='bbox 435 835 670 920; x_wconf 84' lang='lat' dir='ltr'>pubescentium</span> <span class='ocrx_word' id='word_1_52' title='bbox 698 835 737 900; x_wconf 85' lang='lat' dir='ltr'>sd</span> <span class='ocrx_word' id='word_1_53' title='bbox 763 835 906 902; x_wconf 87' lang='lat' dir='ltr'>militiam</span> <span class='ocrx_word' id='word_1_54' title='bbox 931 837 1076 904; x_wconf 80' lang='lat' dir='ltr'>babebat</span> <span class='ocrx_word' id='word_1_55' title='bbox 1122 839 1190 906; x_wconf 86' lang='lat' dir='ltr'>Ro-</span> 
     </span>
     <span class='ocr_line' id='line_1_8' title="bbox 130 921 1189 1010; baseline 0.003 -26"><span class='ocrx_word' id='word_1_56' title='bbox 130 921 253 984; x_wconf 81' lang='lat' dir='ltr'>ltustior</span> <span class='ocrx_word' id='word_1_57' title='bbox 272 921 347 986; x_wconf 86' lang='lat' dir='ltr'>inde</span> <span class='ocrx_word' id='word_1_58' title='bbox 360 934 436 986; x_wconf 82' lang='lat' dir='ltr'>aetas</span> <span class='ocrx_word' id='word_1_59' title='bbox 454 923 584 987; x_wconf 87' lang='lat' dir='ltr'>totidem</span> <span class='ocrx_word' id='word_1_60' title='bbox 605 922 853 1008; x_wconf 82' lang='lat' dir='ltr'>manipulorum,</span> <span class='ocrx_word' id='word_1_61' title='bbox 865 923 1015 1010; x_wconf 69' lang='lat' dir='ltr'>”quibus</span> <span class='ocrx_word' id='word_1_62' title='bbox 1038 925 1189 1010; x_wconf 79' lang='lat' dir='ltr'>principi·</span> 
     </span>
    </p>

    <p class='ocr_par' dir='ltr' id='par_1_5' title="bbox 129 1006 1194 1271">
     <span class='ocr_line' id='line_1_9' title="bbox 129 1006 1192 1098; baseline 0.005 -28"><span class='ocrx_word' id='word_1_63' title='bbox 129 1006 189 1070; x_wconf 83' lang='lat' dir='ltr'>bus</span> <span class='ocrx_word' id='word_1_64' title='bbox 211 1020 258 1072; x_wconf 86' lang='lat' dir='ltr'>est</span> <span class='ocrx_word' id='word_1_65' title='bbox 279 1029 405 1084; x_wconf 82' lang='lat' dir='ltr'>nornen,</span> <span class='ocrx_word' id='word_1_66' title='bbox 424 1008 481 1072; x_wconf 93' lang='lat' dir='ltr'>bos</span> <span class='ocrx_word' id='word_1_67' title='bbox 503 1008 723 1094; x_wconf 72' lang='lat' dir='ltr'>sequebantur,</span> <span class='ocrx_word' id='word_1_68' title='bbox 740 1010 854 1073; x_wconf 82' lang='lat' dir='ltr'>scutati</span> <span class='ocrx_word' id='word_1_69' title='bbox 876 1031 995 1087; x_wconf 85' lang='lat' dir='ltr'>omnes,</span> <span class='ocrx_word' id='word_1_70' title='bbox 1015 1011 1192 1098; x_wconf 82' lang='lat' dir='ltr'>insignibus</span> 
     </span>
     <span class='ocr_line' id='line_1_10' title="bbox 132 1093 1194 1180; baseline 0.005 -24"><span class='ocrx_word' id='word_1_71' title='bbox 132 1093 270 1156; x_wconf 83' lang='lat' dir='ltr'>maxime</span> <span class='ocrx_word' id='word_1_72' title='bbox 294 1095 398 1158; x_wconf 86' lang='lat' dir='ltr'>armis.</span> <span class='ocrx_word' id='word_1_73' title='bbox 423 1095 483 1159; x_wconf 89' lang='lat' dir='ltr'>boc</span> <span class='ocrx_word' id='word_1_74' title='bbox 503 1095 685 1180; x_wconf 67' lang='lat' dir='ltr'>”trigints&#39;</span> <span class='ocrx_word' id='word_1_75' title='bbox 699 1093 935 1178; x_wconf 80' lang='lat' dir='ltr'>manipulorum</span> <span class='ocrx_word' id='word_1_76' title='bbox 960 1117 1073 1180; x_wconf 81' lang='lat' dir='ltr'>agmen</span> <span class='ocrx_word' id='word_1_77' title='bbox 1098 1096 1194 1161; x_wconf 58' lang='grc' dir='ltr'><strong>*14η-</strong></span> 
     </span>
     <span class='ocr_line' id='line_1_11' title="bbox 130 1179 1190 1271; baseline 0.003 -29"><span class='ocrx_word' id='word_1_78' title='bbox 130 1179 284 1264; x_wconf 87' lang='lat' dir='ltr'>tepilanos</span> <span class='ocrx_word' id='word_1_79' title='bbox 307 1179 515 1264; x_wconf 85' lang='lat' dir='ltr'>adpellabant‚</span> <span class='ocrx_word' id='word_1_80' title='bbox 532 1181 606 1267; x_wconf 92' lang='lat' dir='ltr'>quia</span> <span class='ocrx_word' id='word_1_81' title='bbox 627 1181 721 1244; x_wconf 70' lang='lat' dir='ltr'>⁴&#39;sub</span> <span class='ocrx_word' id='word_1_82' title='bbox 743 1182 769 1244; x_wconf 88' lang='lat' dir='ltr'>si</span> <span class='ocrx_word' id='word_1_83' title='bbox 816 1181 842 1244; x_wconf 91' lang='lat' dir='ltr'>is</span> <span class='ocrx_word' id='word_1_84' title='bbox 860 1182 927 1268; x_wconf 89' lang='lat' dir='ltr'>jam</span> <span class='ocrx_word' id='word_1_85' title='bbox 950 1181 1003 1245; x_wconf 92' lang='lat' dir='ltr'>alii</span> <span class='ocrx_word' id='word_1_86' title='bbox 1023 1181 1190 1271; x_wconf 72' lang='lat' dir='ltr'>“quinde-</span> 
     </span>
    </p>

    <p class='ocr_par' dir='ltr' id='par_1_6' title="bbox 131 1264 1190 1354">
     <span class='ocr_line' id='line_1_12' title="bbox 131 1264 1190 1354; baseline 0.004 -25"><span class='ocrx_word' id='word_1_87' title='bbox 131 1265 193 1329; x_wconf 86' lang='lat' dir='ltr'>cim</span> <span class='ocrx_word' id='word_1_88' title='bbox 217 1264 381 1329; x_wconf 70' lang='lat' dir='ltr'>⁴*ordines</span> <span class='ocrx_word' id='word_1_89' title='bbox 411 1265 609 1332; x_wconf 80' lang='lat' dir='ltr'>locabantur:</span> <span class='ocrx_word' id='word_1_90' title='bbox 631 1266 705 1330; x_wconf 65' lang='lat' dir='ltr'>⁴‘eu</span> <span class='ocrx_word' id='word_1_91' title='bbox 730 1268 785 1353; x_wconf 95' lang='lat' dir='ltr'>qui</span> <span class='ocrx_word' id='word_1_92' title='bbox 809 1289 845 1330; x_wconf 90' lang='lat' dir='ltr'>us</span> <span class='ocrx_word' id='word_1_93' title='bbox 870 1265 950 1330; x_wconf 85' lang='lat' dir='ltr'>oudo</span> <span class='ocrx_word' id='word_1_94' title='bbox 974 1269 1190 1354; x_wconf 90' lang='lat' dir='ltr'>unusquisque</span> 
     </span>
    </p>

    <p class='ocr_par' dir='ltr' id='par_1_7' title="bbox 130 1350 1193 1438">
     <span class='ocr_line' id='line_1_13' title="bbox 130 1350 1193 1438; baseline 0.002 -24"><span class='ocrx_word' id='word_1_95' title='bbox 130 1365 194 1414; x_wconf 86' lang='lat' dir='ltr'>tres</span> <span class='ocrx_word' id='word_1_96' title='bbox 216 1363 321 1436; x_wconf 86' lang='lat' dir='ltr'>partes</span> <span class='ocrx_word' id='word_1_97' title='bbox 342 1350 488 1416; x_wconf 81' lang='lat' dir='ltr'>habebat.</span> <span class='ocrx_word' id='word_1_98' title='bbox 511 1373 618 1416; x_wconf 84' lang='lat' dir='ltr'>earum</span> <span class='ocrx_word' id='word_1_99' title='bbox 640 1374 895 1438; x_wconf 84' lang='lat' dir='ltr'>unamquamque</span> <span class='ocrx_word' id='word_1_100' title='bbox 916 1351 1086 1436; x_wconf 75' lang='lat' dir='ltr'>¹⁶primum</span> <span class='ocrx_word' id='word_1_101' title='bbox 1107 1353 1193 1438; x_wconf 72' lang='lat' dir='ltr'>*lpi-</span> 
     </span>
    </p>

    <p class='ocr_par' dir='ltr' id='par_1_8' title="bbox 130 1426 1293 1506">
     <span class='ocr_line' id='line_1_14' title="bbox 130 1426 1293 1506; baseline 0.005 -6"><span class='ocrx_word' id='word_1_102' title='bbox 130 1436 197 1502; x_wconf 90' lang='lat' dir='ltr'>lum</span> <span class='ocrx_word' id='word_1_103' title='bbox 226 1437 391 1502; x_wconf 83' lang='lat' dir='ltr'>vocabant.</span> <span class='ocrx_word' id='word_1_104' title='bbox 435 1426 589 1503; x_wconf 64' lang='lat' dir='ltr'>inTribus</span> <span class='ocrx_word' id='word_1_105' title='bbox 617 1461 656 1502; x_wconf 84' lang='lat' dir='ltr'>ex</span> <span class='ocrx_word' id='word_1_106' title='bbox 686 1437 808 1503; x_wconf 82' lang='lat' dir='ltr'>vexillis</span> <span class='ocrx_word' id='word_1_107' title='bbox 836 1437 1010 1504; x_wconf 82' lang='lat' dir='ltr'>constabat.</span> <span class='ocrx_word' id='word_1_108' title='bbox 1041 1437 1190 1506; x_wconf 82' lang='lat' dir='ltr'>vexillum</span> <span class='ocrx_word' id='word_1_109' title='bbox 1292 1435 1293 1444; x_wconf 40' lang='lat'>¹</span> 
     </span>
    </p>
   </div>
   <div class='ocr_carea' id='block_1_3' title="bbox 570 1610 754 1674">
    <p class='ocr_par' dir='ltr' id='par_1_9' title="bbox 570 1610 754 1674">
     <span class='ocr_line' id='line_1_15' title="bbox 570 1610 754 1674; baseline -0.005 -15"><span class='ocrx_word' id='word_1_110' title='bbox 570 1610 754 1674; x_wconf 64' lang='lat' dir='ltr'>&#39;sumtum</span> 
     </span>
    </p>
   </div>
   <div class='ocr_carea' id='block_1_4' title="bbox 28 1766 1207 4471">
    <p class='ocr_par' dir='ltr' id='par_1_10' title="bbox 28 1766 1207 4471">
     <span class='ocr_line' id='line_1_16' title="bbox 131 1766 1193 1840; baseline 0.006 -19"><span class='ocrx_word' id='word_1_111' title='bbox 131 1780 183 1822; x_wconf 85' lang='lat' dir='ltr'>nst.</span> <span class='ocrx_word' id='word_1_112' title='bbox 214 1775 270 1822; x_wconf 80' lang='lat' dir='ltr'>iloc</span> <span class='ocrx_word' id='word_1_113' title='bbox 280 1787 359 1824; x_wconf 87' lang='lat' dir='ltr'>unum</span> <span class='ocrx_word' id='word_1_114' title='bbox 369 1775 498 1838; x_wconf 77' lang='lat' dir='ltr'>discrepat,</span> <span class='ocrx_word' id='word_1_115' title='bbox 507 1766 574 1837; x_wconf 80' lang='lat' dir='ltr'>quad</span> <span class='ocrx_word' id='word_1_116' title='bbox 582 1779 648 1838; x_wconf 81' lang='lat' dir='ltr'>apsrd</span> <span class='ocrx_word' id='word_1_117' title='bbox 680 1780 777 1834; x_wconf 81' lang='lat' dir='ltr'>bantur,</span> <span class='ocrx_word' id='word_1_118' title='bbox 785 1783 810 1826; x_wconf 86' lang='lat' dir='ltr'>et</span> <span class='ocrx_word' id='word_1_119' title='bbox 820 1789 904 1826; x_wconf 70' lang='lat' dir='ltr'>amm</span> <span class='ocrx_word' id='word_1_120' title='bbox 914 1777 1021 1840; x_wconf 81' lang='lat' dir='ltr'>partium</span> <span class='ocrx_word' id='word_1_121' title='bbox 1031 1789 1193 1838; x_wconf 71' lang='lat' dir='ltr'>unsnupm·</span> 
     </span>
     <span class='ocr_line' id='line_1_17' title="bbox 132 1841 1194 1904; baseline -0.001 -15"><span class='ocrx_word' id='word_1_122' title='bbox 132 1841 309 1889; x_wconf 81' lang='lat' dir='ltr'>euntordoest</span> <span class='ocrx_word' id='word_1_123' title='bbox 321 1841 469 1902; x_wconf 71' lang='lat' dir='ltr'>sexagenum</span> <span class='ocrx_word' id='word_1_124' title='bbox 481 1843 648 1898; x_wconf 84' lang='lat' dir='ltr'>militum.bia</span> <span class='ocrx_word' id='word_1_125' title='bbox 679 1857 727 1904; x_wconf 89' lang='lat' dir='ltr'>qus</span> <span class='ocrx_word' id='word_1_126' title='bbox 748 1845 852 1904; x_wconf 78' lang='lat' dir='ltr'>primani</span> <span class='ocrx_word' id='word_1_127' title='bbox 872 1844 952 1890; x_wconf 85' lang='lat' dir='ltr'>Pilum</span> <span class='ocrx_word' id='word_1_128' title='bbox 972 1844 1096 1890; x_wconf 77' lang='lat' dir='ltr'>tombam.</span> <span class='ocrx_word' id='word_1_129' title='bbox 1129 1842 1194 1896; x_wconf 73' lang='lat' dir='ltr'>Quis</span> 
     </span>
     <span class='ocr_line' id='line_1_18' title="bbox 133 1903 1193 1968; baseline 0.002 -19"><span class='ocrx_word' id='word_1_130' title='bbox 133 1915 282 1966; x_wconf 72' lang='lat' dir='ltr'>megenum</span> <span class='ocrx_word' id='word_1_131' title='bbox 307 1911 333 1952; x_wconf 87' lang='lat' dir='ltr'>et</span> <span class='ocrx_word' id='word_1_132' title='bbox 357 1905 469 1954; x_wconf 89' lang='lat' dir='ltr'>duorum.</span> <span class='ocrx_word' id='word_1_133' title='bbox 510 1905 556 1954; x_wconf 88' lang='lat' dir='ltr'>Sed</span> <span class='ocrx_word' id='word_1_134' title='bbox 583 1907 648 1954; x_wconf 86' lang='lat' dir='ltr'>bunc</span> <span class='ocrx_word' id='word_1_135' title='bbox 680 1907 754 1968; x_wconf 80' lang='lat' dir='ltr'>igitur</span> <span class='ocrx_word' id='word_1_136' title='bbox 772 1913 829 1954; x_wconf 87' lang='lat' dir='ltr'>ante</span> <span class='ocrx_word' id='word_1_137' title='bbox 846 1905 926 1954; x_wconf 86' lang='lat' dir='ltr'>Pilum</span> <span class='ocrx_word' id='word_1_138' title='bbox 944 1907 1016 1968; x_wconf 82' lang='lat' dir='ltr'>positi</span> <span class='ocrx_word' id='word_1_139' title='bbox 1034 1903 1193 1967; x_wconf 64' lang='lat' dir='ltr'>titiumqu-</span> 
     </span>
     <span class='ocr_line' id='line_1_19' title="bbox 133 1969 808 2020; baseline 0.01 -8"><span class='ocrx_word' id='word_1_140' title='bbox 133 1980 265 2016; x_wconf 83' lang='lat' dir='ltr'>numerum</span> <span class='ocrx_word' id='word_1_141' title='bbox 284 1969 382 2018; x_wconf 79' lang='lat' dir='ltr'>firmum</span> <span class='ocrx_word' id='word_1_142' title='bbox 401 1983 453 2016; x_wconf 83' lang='lat' dir='ltr'>esse</span> <span class='ocrx_word' id='word_1_143' title='bbox 471 1977 496 2016; x_wconf 84' lang='lat' dir='ltr'>st</span> <span class='ocrx_word' id='word_1_144' title='bbox 516 1985 599 2018; x_wconf 80' lang='lat' dir='ltr'>aarum</span> <span class='ocrx_word' id='word_1_145' title='bbox 618 1983 648 2017; x_wconf 80' lang='lat' dir='ltr'>ex</span> <span class='ocrx_word' id='word_1_146' title='bbox 680 1972 729 2018; x_wconf 86' lang='lat' dir='ltr'>lani</span> <span class='ocrx_word' id='word_1_147' title='bbox 740 1972 808 2020; x_wconf 85' lang='lat' dir='ltr'>dicti.</span> 
     </span>
     <span class='ocr_line' id='line_1_20' title="bbox 132 2033 1197 2100; baseline 0.005 -21"><span class='ocrx_word' id='word_1_148' title='bbox 132 2045 162 2086; x_wconf 81' lang='lat' dir='ltr'>oa</span> <span class='ocrx_word' id='word_1_149' title='bbox 173 2039 249 2092; x_wconf 78' lang='lat' dir='ltr'>patet.</span> <span class='ocrx_word' id='word_1_150' title='bbox 260 2035 326 2094; x_wconf 88' lang='lat' dir='ltr'>quod</span> <span class='ocrx_word' id='word_1_151' title='bbox 341 2033 406 2081; x_wconf 82' lang='lat' dir='ltr'>inira</span> <span class='ocrx_word' id='word_1_152' title='bbox 419 2035 446 2080; x_wconf 90' lang='lat' dir='ltr'>in</span> <span class='ocrx_word' id='word_1_153' title='bbox 457 2036 533 2082; x_wconf 87' lang='lat' dir='ltr'>tribus</span> <span class='ocrx_word' id='word_1_154' title='bbox 544 2035 648 2089; x_wconf 79' lang='lat' dir='ltr'>vexillis,</span> <span class='ocrx_word' id='word_1_155' title='bbox 712 2035 744 2084; x_wconf 79' lang='lat' dir='ltr'>ts</span> <span class='ocrx_word' id='word_1_156' title='bbox 760 2037 808 2084; x_wconf 75' lang='lat' dir='ltr'>Sub</span> <span class='ocrx_word' id='word_1_157' title='bbox 832 2035 921 2100; x_wconf 70' lang='lat' dir='ltr'>nigab]</span> <span class='ocrx_word' id='word_1_158' title='bbox 952 2037 1045 2096; x_wconf 63' lang='lat' dir='ltr'>&amp;rique</span> <span class='ocrx_word' id='word_1_159' title='bbox 1068 2035 1197 2097; x_wconf 81' lang='lat' dir='ltr'>msnlprslo</span> 
     </span>
     <span class='ocr_line' id='line_1_21' title="bbox 133 2096 1195 2162; baseline 0.006 -20"><span class='ocrx_word' id='word_1_160' title='bbox 133 2096 185 2143; x_wconf 82' lang='lat' dir='ltr'>sive</span> <span class='ocrx_word' id='word_1_161' title='bbox 203 2097 338 2152; x_wconf 82' lang='lat' dir='ltr'>ordinibus,</span> <span class='ocrx_word' id='word_1_162' title='bbox 360 2105 459 2146; x_wconf 85' lang='lat' dir='ltr'>centum</span> <span class='ocrx_word' id='word_1_163' title='bbox 480 2106 506 2146; x_wconf 89' lang='lat' dir='ltr'>et</span> <span class='ocrx_word' id='word_1_164' title='bbox 527 2099 650 2162; x_wconf 74' lang='lat' dir='ltr'>octoginta</span> <span class='ocrx_word' id='word_1_165' title='bbox 680 2101 892 2162; x_wconf 69' lang='lat' dir='ltr'>suserantsigns.</span> <span class='ocrx_word' id='word_1_166' title='bbox 923 2101 969 2150; x_wconf 82' lang='lat' dir='ltr'>Sed</span> <span class='ocrx_word' id='word_1_167' title='bbox 983 2101 1195 2160; x_wconf 71' lang='lat' dir='ltr'>sapesigsnsim·</span> 
     </span>
     <span class='ocr_line' id='line_1_22' title="bbox 133 2159 1196 2226; baseline 0.003 -20"><span class='ocrx_word' id='word_1_168' title='bbox 133 2173 176 2206; x_wconf 84' lang='lat' dir='ltr'>sex</span> <span class='ocrx_word' id='word_1_169' title='bbox 187 2159 299 2208; x_wconf 88' lang='lat' dir='ltr'>homines</span> <span class='ocrx_word' id='word_1_170' title='bbox 310 2169 475 2208; x_wconf 86' lang='lat' dir='ltr'>numerantur.</span> <span class='ocrx_word' id='word_1_171' title='bbox 683 2164 775 2226; x_wconf 83' lang='lat' dir='ltr'>pliciter</span> <span class='ocrx_word' id='word_1_172' title='bbox 796 2165 852 2224; x_wconf 91' lang='lat' dir='ltr'>poni</span> <span class='ocrx_word' id='word_1_173' title='bbox 871 2165 984 2212; x_wconf 86' lang='lat' dir='ltr'>videntur</span> <span class='ocrx_word' id='word_1_174' title='bbox 1004 2177 1048 2224; x_wconf 90' lang='lat' dir='ltr'>pro</span> <span class='ocrx_word' id='word_1_175' title='bbox 1067 2163 1196 2224; x_wconf 73' lang='lat' dir='ltr'>precipuis</span> 
     </span>
     <span class='ocr_line' id='line_1_23' title="bbox 166 2221 1197 2289; baseline 0.002 -18"><span class='ocrx_word' id='word_1_176' title='bbox 166 2223 200 2271; x_wconf 77' lang='grc'>85</span> <span class='ocrx_word' id='word_1_177' title='bbox 214 2221 326 2287; x_wconf 74' lang='lat' dir='ltr'>Hastati]</span> <span class='ocrx_word' id='word_1_178' title='bbox 359 2227 408 2273; x_wconf 83' lang='lat' dir='ltr'>lios</span> <span class='ocrx_word' id='word_1_179' title='bbox 426 2225 651 2275; x_wconf 81' lang='lat' dir='ltr'>Varrol.1V.de</span> <span class='ocrx_word' id='word_1_180' title='bbox 680 2227 783 2288; x_wconf 77' lang='lat' dir='ltr'>legionis</span> <span class='ocrx_word' id='word_1_181' title='bbox 802 2229 951 2289; x_wconf 64' lang='lat' dir='ltr'>ripamque</span> <span class='ocrx_word' id='word_1_182' title='bbox 968 2227 1066 2289; x_wconf 86' lang='lat' dir='ltr'>quidem</span> <span class='ocrx_word' id='word_1_183' title='bbox 1083 2227 1197 2274; x_wconf 87' lang='lat' dir='ltr'>videntur</span> 
     </span>
     <span class='ocr_line' id='line_1_24' title="bbox 134 2287 1195 2352; baseline 0.002 -18"><span class='ocrx_word' id='word_1_184' title='bbox 134 2287 232 2350; x_wconf 72' lang='lat' dir='ltr'>Lingru</span> <span class='ocrx_word' id='word_1_185' title='bbox 249 2289 303 2340; x_wconf 81' lang='lat' dir='ltr'>Lai.</span> <span class='ocrx_word' id='word_1_186' title='bbox 320 2292 373 2338; x_wconf 81' lang='lat' dir='ltr'>vuit</span> <span class='ocrx_word' id='word_1_187' title='bbox 391 2291 423 2337; x_wconf 89' lang='lat' dir='ltr'>ab</span> <span class='ocrx_word' id='word_1_188' title='bbox 441 2304 470 2338; x_wconf 89' lang='lat' dir='ltr'>eo</span> <span class='ocrx_word' id='word_1_189' title='bbox 486 2292 572 2350; x_wconf 73' lang='lat' dir='ltr'>daos,</span> <span class='ocrx_word' id='word_1_190' title='bbox 585 2292 650 2351; x_wconf 90' lang='lat' dir='ltr'>quod</span> <span class='ocrx_word' id='word_1_191' title='bbox 682 2291 755 2338; x_wconf 88' lang='lat' dir='ltr'>luisse</span> <span class='ocrx_word' id='word_1_192' title='bbox 775 2294 839 2352; x_wconf 83' lang='lat' dir='ltr'>apud</span> <span class='ocrx_word' id='word_1_193' title='bbox 857 2291 972 2341; x_wconf 70' lang='lat' dir='ltr'>&#39;irisrioa</span> <span class='ocrx_word' id='word_1_194' title='bbox 1005 2290 1100 2350; x_wconf 75' lang='lat' dir='ltr'>Aquita</span> <span class='ocrx_word' id='word_1_195' title='bbox 1121 2298 1195 2345; x_wconf 83' lang='lat' dir='ltr'>certe,</span> 
     </span>
     <span class='ocr_line' id='line_1_25' title="bbox 129 2353 1196 2416; baseline 0 -17"><span class='ocrx_word' id='word_1_196' title='bbox 129 2353 458 2415; x_wconf 72' lang='lat' dir='ltr'>prissi‚sivepotiusprimo</span> <span class='ocrx_word' id='word_1_197' title='bbox 472 2354 544 2404; x_wconf 71' lang='lat' dir='ltr'>itastis</span> <span class='ocrx_word' id='word_1_198' title='bbox 557 2369 649 2416; x_wconf 76' lang='lat' dir='ltr'>pugna·</span> <span class='ocrx_word' id='word_1_199' title='bbox 682 2357 746 2416; x_wconf 87' lang='lat' dir='ltr'>quod</span> <span class='ocrx_word' id='word_1_200' title='bbox 771 2367 901 2404; x_wconf 85' lang='lat' dir='ltr'>commune</span> <span class='ocrx_word' id='word_1_201' title='bbox 921 2363 975 2404; x_wconf 80' lang='lat' dir='ltr'>erat</span> <span class='ocrx_word' id='word_1_202' title='bbox 994 2354 1071 2402; x_wconf 87' lang='lat' dir='ltr'>totius</span> <span class='ocrx_word' id='word_1_203' title='bbox 1095 2355 1196 2414; x_wconf 74' lang='lat' dir='ltr'>legionis</span> 
     </span>
     <span class='ocr_line' id='line_1_26' title="bbox 134 2415 1197 2481; baseline 0.001 -19"><span class='ocrx_word' id='word_1_204' title='bbox 134 2415 196 2464; x_wconf 75' lang='lat' dir='ltr'>issu</span> <span class='ocrx_word' id='word_1_205' title='bbox 232 2417 317 2464; x_wconf 76' lang='lat' dir='ltr'>Hastis</span> <span class='ocrx_word' id='word_1_206' title='bbox 328 2427 409 2466; x_wconf 85' lang='lat' dir='ltr'>autam</span> <span class='ocrx_word' id='word_1_207' title='bbox 424 2420 474 2466; x_wconf 82' lang='lat' dir='ltr'>illae</span> <span class='ocrx_word' id='word_1_208' title='bbox 488 2419 650 2480; x_wconf 74' lang='lat' dir='ltr'>intelligendae</span> <span class='ocrx_word' id='word_1_209' title='bbox 682 2421 788 2481; x_wconf 66' lang='lat' dir='ltr'>signum,</span> <span class='ocrx_word' id='word_1_210' title='bbox 802 2419 945 2480; x_wconf 69' lang='lat' dir='ltr'>prepositus</span> <span class='ocrx_word' id='word_1_211' title='bbox 962 2429 1014 2468; x_wconf 84' lang='lat' dir='ltr'>erat</span> <span class='ocrx_word' id='word_1_212' title='bbox 1023 2416 1133 2464; x_wconf 81' lang='lat' dir='ltr'>centurio</span> <span class='ocrx_word' id='word_1_213' title='bbox 1147 2419 1197 2478; x_wconf 86' lang='lat' dir='ltr'>pri·</span> 
     </span>
     <span class='ocr_line' id='line_1_27' title="bbox 134 2477 1198 2545; baseline 0.004 -19"><span class='ocrx_word' id='word_1_214' title='bbox 134 2486 193 2527; x_wconf 83' lang='lat' dir='ltr'>suut</span> <span class='ocrx_word' id='word_1_215' title='bbox 214 2483 291 2528; x_wconf 76' lang='lat' dir='ltr'>nuta</span> <span class='ocrx_word' id='word_1_216' title='bbox 310 2477 470 2544; x_wconf 65' lang='lat' dir='ltr'>jaculatoris,</span> <span class='ocrx_word' id='word_1_217' title='bbox 491 2499 547 2545; x_wconf 78' lang='lat' dir='ltr'>quse</span> <span class='ocrx_word' id='word_1_218' title='bbox 568 2491 650 2544; x_wconf 84' lang='lat' dir='ltr'>postea</span> <span class='ocrx_word' id='word_1_219' title='bbox 682 2485 770 2543; x_wconf 87' lang='lat' dir='ltr'>mipili‚</span> <span class='ocrx_word' id='word_1_220' title='bbox 782 2484 951 2530; x_wconf 86' lang='lat' dir='ltr'>slveeenturio</span> <span class='ocrx_word' id='word_1_221' title='bbox 965 2481 1198 2545; x_wconf 71' lang='lat' dir='ltr'>prmiirnriomm</span> 
     </span>
     <span class='ocr_line' id='line_1_28' title="bbox 134 2546 782 2605; baseline 0.005 -13"><span class='ocrx_word' id='word_1_222' title='bbox 134 2546 200 2605; x_wconf 86' lang='lat' dir='ltr'>apud</span> <span class='ocrx_word' id='word_1_223' title='bbox 224 2546 303 2593; x_wconf 85' lang='lat' dir='ltr'>levem</span> <span class='ocrx_word' id='word_1_224' title='bbox 327 2554 423 2594; x_wconf 85' lang='lat' dir='ltr'>tantum</span> <span class='ocrx_word' id='word_1_225' title='bbox 444 2557 592 2596; x_wconf 82' lang='lat' dir='ltr'>armaturam</span> <span class='ocrx_word' id='word_1_226' title='bbox 614 2561 652 2594; x_wconf 86' lang='lat' dir='ltr'>re·</span> <span class='ocrx_word' id='word_1_227' title='bbox 682 2549 782 2596; x_wconf 83' lang='lat' dir='ltr'>ordinis.</span> 
     </span>
     <span class='ocr_line' id='line_1_29' title="bbox 135 2608 1008 2674; baseline -0.002 -18"><span class='ocrx_word' id='word_1_228' title='bbox 135 2615 287 2656; x_wconf 84' lang='lat' dir='ltr'>manserunt.</span> <span class='ocrx_word' id='word_1_229' title='bbox 323 2611 420 2658; x_wconf 81' lang='lat' dir='ltr'>Hastati</span> <span class='ocrx_word' id='word_1_230' title='bbox 442 2613 507 2658; x_wconf 88' lang='lat' dir='ltr'>enim</span> <span class='ocrx_word' id='word_1_231' title='bbox 532 2613 577 2660; x_wconf 89' lang='lat' dir='ltr'>hoc</span> <span class='ocrx_word' id='word_1_232' title='bbox 597 2608 650 2674; x_wconf 84' lang='lat' dir='ltr'>jam</span> <span class='ocrx_word' id='word_1_233' title='bbox 715 2610 748 2658; x_wconf 61' lang='grc' dir='ltr'>Β</span> <span class='ocrx_word' id='word_1_234' title='bbox 763 2609 861 2674; x_wconf 75' lang='lat' dir='ltr'>Decem]</span> <span class='ocrx_word' id='word_1_235' title='bbox 879 2611 1008 2670; x_wconf 85' lang='lat' dir='ltr'>Manipuli.</span> 
     </span>
     <span class='ocr_line' id='line_1_30' title="bbox 136 2673 1198 2740; baseline -0.003 -17"><span class='ocrx_word' id='word_1_236' title='bbox 136 2680 255 2734; x_wconf 75' lang='lat' dir='ltr'>tempore,</span> <span class='ocrx_word' id='word_1_237' title='bbox 277 2677 307 2723; x_wconf 87' lang='lat' dir='ltr'>ds</span> <span class='ocrx_word' id='word_1_238' title='bbox 329 2689 378 2736; x_wconf 90' lang='lat' dir='ltr'>quo</span> <span class='ocrx_word' id='word_1_239' title='bbox 399 2675 484 2724; x_wconf 83' lang='lat' dir='ltr'>Livius</span> <span class='ocrx_word' id='word_1_240' title='bbox 505 2691 569 2724; x_wconf 89' lang='lat' dir='ltr'>nunc</span> <span class='ocrx_word' id='word_1_241' title='bbox 590 2678 650 2738; x_wconf 77' lang='lat' dir='ltr'>agit,</span> <span class='ocrx_word' id='word_1_242' title='bbox 716 2675 748 2722; x_wconf 86' lang='grc'>44</span> <span class='ocrx_word' id='word_1_243' title='bbox 765 2675 864 2740; x_wconf 80' lang='lat' dir='ltr'>Ordine]</span> <span class='ocrx_word' id='word_1_244' title='bbox 882 2676 921 2722; x_wconf 83' lang='lat' dir='ltr'>Sic</span> <span class='ocrx_word' id='word_1_245' title='bbox 936 2673 1042 2734; x_wconf 85' lang='lat' dir='ltr'>Lipsius.</span> <span class='ocrx_word' id='word_1_246' title='bbox 1052 2680 1128 2734; x_wconf 85' lang='lat' dir='ltr'>quum</span> <span class='ocrx_word' id='word_1_247' title='bbox 1144 2673 1198 2720; x_wconf 82' lang='lat' dir='ltr'>vul·</span> 
     </span>
     <span class='ocr_line' id='line_1_31' title="bbox 136 2737 1198 2802; baseline 0 -16"><span class='ocrx_word' id='word_1_248' title='bbox 136 2737 193 2786; x_wconf 83' lang='lat' dir='ltr'>lieet</span> <span class='ocrx_word' id='word_1_249' title='bbox 211 2740 340 2800; x_wconf 90' lang='lat' dir='ltr'>antiquum</span> <span class='ocrx_word' id='word_1_250' title='bbox 355 2741 490 2787; x_wconf 87' lang='lat' dir='ltr'>obtinerent</span> <span class='ocrx_word' id='word_1_251' title='bbox 505 2753 604 2801; x_wconf 88' lang='lat' dir='ltr'>nornen,</span> <span class='ocrx_word' id='word_1_252' title='bbox 617 2741 652 2787; x_wconf 85' lang='lat' dir='ltr'>vi·</span> <span class='ocrx_word' id='word_1_253' title='bbox 683 2753 715 2801; x_wconf 79' lang='lat' dir='ltr'>go</span> <span class='ocrx_word' id='word_1_254' title='bbox 736 2739 831 2802; x_wconf 77' lang='lat' dir='ltr'>legatur</span> <span class='ocrx_word' id='word_1_255' title='bbox 851 2739 948 2786; x_wconf 75' lang='lat' dir='ltr'>ordines.</span> <span class='ocrx_word' id='word_1_256' title='bbox 981 2737 1072 2786; x_wconf 81' lang='lat' dir='ltr'>Mettus</span> <span class='ocrx_word' id='word_1_257' title='bbox 1097 2737 1198 2786; x_wconf 80' lang='lat' dir='ltr'>iorusss</span> 
     </span>
     <span class='ocr_line' id='line_1_32' title="bbox 136 2801 1201 2868; baseline 0.004 -20"><span class='ocrx_word' id='word_1_258' title='bbox 136 2803 226 2850; x_wconf 87' lang='lat' dir='ltr'>dantur</span> <span class='ocrx_word' id='word_1_259' title='bbox 236 2809 319 2852; x_wconf 84' lang='lat' dir='ltr'>tamea</span> <span class='ocrx_word' id='word_1_260' title='bbox 330 2817 377 2850; x_wconf 91' lang='lat' dir='ltr'>non</span> <span class='ocrx_word' id='word_1_261' title='bbox 386 2801 439 2867; x_wconf 89' lang='lat' dir='ltr'>jam</span> <span class='ocrx_word' id='word_1_262' title='bbox 451 2805 536 2864; x_wconf 86' lang='lat' dir='ltr'>hastis,</span> <span class='ocrx_word' id='word_1_263' title='bbox 548 2807 588 2852; x_wconf 86' lang='lat' dir='ltr'>sed</span> <span class='ocrx_word' id='word_1_264' title='bbox 599 2807 652 2868; x_wconf 78' lang='lat' dir='ltr'>gia·</span> <span class='ocrx_word' id='word_1_265' title='bbox 684 2818 732 2851; x_wconf 82' lang='lat' dir='ltr'>vox</span> <span class='ocrx_word' id='word_1_266' title='bbox 741 2805 832 2851; x_wconf 77' lang='lat' dir='ltr'>ordinas</span> <span class='ocrx_word' id='word_1_267' title='bbox 842 2805 941 2850; x_wconf 86' lang='lat' dir='ltr'>omuino</span> <span class='ocrx_word' id='word_1_268' title='bbox 957 2803 1085 2860; x_wconf 85' lang='lat' dir='ltr'>deleretur,</span> <span class='ocrx_word' id='word_1_269' title='bbox 1097 2804 1163 2863; x_wconf 92' lang='lat' dir='ltr'>quod</span> <span class='ocrx_word' id='word_1_270' title='bbox 1173 2809 1201 2852; x_wconf 74' lang='lat' dir='ltr'>et</span> 
     </span>
     <span class='ocr_line' id='line_1_33' title="bbox 28 2867 941 2930; baseline 0.001 -18"><span class='ocrx_word' id='word_1_271' title='bbox 28 2923 33 2930; x_wconf 36' lang='grc' dir='ltr'>Ι</span> <span class='ocrx_word' id='word_1_272' title='bbox 137 2867 184 2912; x_wconf 93' lang='lat' dir='ltr'>dlis</span> <span class='ocrx_word' id='word_1_273' title='bbox 203 2873 229 2913; x_wconf 88' lang='lat' dir='ltr'>et</span> <span class='ocrx_word' id='word_1_274' title='bbox 249 2867 305 2928; x_wconf 85' lang='lat' dir='ltr'>pilis</span> <span class='ocrx_word' id='word_1_275' title='bbox 326 2881 461 2929; x_wconf 76' lang='lat' dir='ltr'>pugnasses</span> <span class='ocrx_word' id='word_1_276' title='bbox 482 2882 510 2915; x_wconf 91' lang='lat' dir='ltr'>ac</span> <span class='ocrx_word' id='word_1_277' title='bbox 532 2871 596 2916; x_wconf 86' lang='lat' dir='ltr'>leves</span> <span class='ocrx_word' id='word_1_278' title='bbox 616 2869 653 2914; x_wconf 91' lang='lat' dir='ltr'>ilii</span> <span class='ocrx_word' id='word_1_279' title='bbox 684 2867 735 2930; x_wconf 87' lang='lat' dir='ltr'>ipsa</span> <span class='ocrx_word' id='word_1_280' title='bbox 744 2867 840 2928; x_wconf 87' lang='lat' dir='ltr'>Lipsius</span> <span class='ocrx_word' id='word_1_281' title='bbox 851 2875 941 2914; x_wconf 84' lang='lat' dir='ltr'>monet.</span> 
     </span>
     <span class='ocr_line' id='line_1_34' title="bbox 139 2929 1199 2995; baseline 0.003 -18"><span class='ocrx_word' id='word_1_282' title='bbox 139 2930 217 2978; x_wconf 78' lang='lat' dir='ltr'>sicem</span> <span class='ocrx_word' id='word_1_283' title='bbox 238 2932 338 2990; x_wconf 87' lang='lat' dir='ltr'>milites,</span> <span class='ocrx_word' id='word_1_284' title='bbox 360 2934 402 2993; x_wconf 91' lang='lat' dir='ltr'>qui</span> <span class='ocrx_word' id='word_1_285' title='bbox 424 2932 554 2994; x_wconf 85' lang='lat' dir='ltr'>uuicuique</span> <span class='ocrx_word' id='word_1_286' title='bbox 575 2932 654 2980; x_wconf 88' lang='lat' dir='ltr'>mani·</span> <span class='ocrx_word' id='word_1_287' title='bbox 717 2932 749 2980; x_wconf 79' lang='lat' dir='ltr'>ts</span> <span class='ocrx_word' id='word_1_288' title='bbox 764 2933 806 2980; x_wconf 82' lang='lat' dir='ltr'>Er</span> <span class='ocrx_word' id='word_1_289' title='bbox 822 2933 902 2995; x_wconf 81' lang='lat' dir='ltr'>quibas</span> <span class='ocrx_word' id='word_1_290' title='bbox 918 2929 1084 2994; x_wconf 70' lang='lat' dir='ltr'>neumisque]</span> <span class='ocrx_word' id='word_1_291' title='bbox 1118 2931 1199 2980; x_wconf 86' lang='lat' dir='ltr'>lilani-</span> 
     </span>
     <span class='ocr_line' id='line_1_35' title="bbox 138 2993 765 3059; baseline 0.003 -17"><span class='ocrx_word' id='word_1_292' title='bbox 138 2993 198 3054; x_wconf 86' lang='lat' dir='ltr'>pnio</span> <span class='ocrx_word' id='word_1_293' title='bbox 214 2996 373 3044; x_wconf 77' lang='lat' dir='ltr'>naasiomm</span> <span class='ocrx_word' id='word_1_294' title='bbox 393 2997 491 3044; x_wconf 85' lang='lat' dir='ltr'>admisti</span> <span class='ocrx_word' id='word_1_295' title='bbox 508 3004 587 3057; x_wconf 85' lang='lat' dir='ltr'>erant,</span> <span class='ocrx_word' id='word_1_296' title='bbox 599 2999 653 3044; x_wconf 84' lang='lat' dir='ltr'>iras·</span> <span class='ocrx_word' id='word_1_297' title='bbox 684 2998 765 3059; x_wconf 84' lang='lat' dir='ltr'>putus.</span> 
     </span>
     <span class='ocr_line' id='line_1_36' title="bbox 138 3057 1199 3124; baseline 0.002 -18"><span class='ocrx_word' id='word_1_298' title='bbox 138 3065 190 3117; x_wconf 71' lang='lat' dir='ltr'>tam</span> <span class='ocrx_word' id='word_1_299' title='bbox 207 3065 304 3106; x_wconf 72' lang='lat' dir='ltr'>unium</span> <span class='ocrx_word' id='word_1_300' title='bbox 321 3073 433 3122; x_wconf 67' lang='lat' dir='ltr'>gesaque</span> <span class='ocrx_word' id='word_1_301' title='bbox 450 3067 569 3121; x_wconf 70' lang='lat' dir='ltr'>gmmtes,</span> <span class='ocrx_word' id='word_1_302' title='bbox 579 3062 653 3108; x_wconf 81' lang='lat' dir='ltr'>irrisae</span> <span class='ocrx_word' id='word_1_303' title='bbox 716 3061 748 3109; x_wconf 84' lang='grc'>46</span> <span class='ocrx_word' id='word_1_304' title='bbox 764 3057 888 3124; x_wconf 77' lang='lat' dir='ltr'>Primam]</span> <span class='ocrx_word' id='word_1_305' title='bbox 911 3057 1022 3107; x_wconf 83' lang='lat' dir='ltr'>lltrlbus</span> <span class='ocrx_word' id='word_1_306' title='bbox 1032 3061 1080 3108; x_wconf 88' lang='lat' dir='ltr'>illis</span> <span class='ocrx_word' id='word_1_307' title='bbox 1091 3061 1199 3124; x_wconf 82' lang='lat' dir='ltr'>partibus</span> 
     </span>
     <span class='ocr_line' id='line_1_37' title="bbox 37 3121 1200 3188; baseline 0.004 -21"><span class='ocrx_word' id='word_1_308' title='bbox 37 3137 42 3147; x_wconf 94' lang='lat'>·</span> <span class='ocrx_word' id='word_1_309' title='bbox 139 3124 256 3172; x_wconf 80' lang='lat' dir='ltr'>videntur</span> <span class='ocrx_word' id='word_1_310' title='bbox 280 3125 386 3185; x_wconf 74' lang='lat' dir='ltr'>reliquia</span> <span class='ocrx_word' id='word_1_311' title='bbox 408 3131 517 3173; x_wconf 85' lang='lat' dir='ltr'>veterum</span> <span class='ocrx_word' id='word_1_312' title='bbox 541 3127 655 3174; x_wconf 81' lang='lat' dir='ltr'>lissiato·</span> <span class='ocrx_word' id='word_1_313' title='bbox 685 3121 802 3188; x_wconf 87' lang='lat' dir='ltr'>cujusque</span> <span class='ocrx_word' id='word_1_314' title='bbox 820 3125 939 3186; x_wconf 84' lang='lat' dir='ltr'>manipuli</span> <span class='ocrx_word' id='word_1_315' title='bbox 958 3125 1063 3184; x_wconf 86' lang='lat' dir='ltr'>primam</span> <span class='ocrx_word' id='word_1_316' title='bbox 1081 3127 1200 3172; x_wconf 81' lang='lat' dir='ltr'>uocabant</span> 
     </span>
     <span class='ocr_line' id='line_1_38' title="bbox 139 3188 1200 3250; baseline 0.004 -17"><span class='ocrx_word' id='word_1_317' title='bbox 139 3199 203 3234; x_wconf 83' lang='lat' dir='ltr'>nrm.</span> <span class='ocrx_word' id='word_1_318' title='bbox 224 3188 322 3249; x_wconf 79' lang='lat' dir='ltr'>&#39;Polyb</span> <span class='ocrx_word' id='word_1_319' title='bbox 339 3190 356 3237; x_wconf 90' lang='lat'>1.</span> <span class='ocrx_word' id='word_1_320' title='bbox 373 3189 419 3236; x_wconf 83' lang='lat' dir='ltr'>vt.</span> <span class='ocrx_word' id='word_1_321' title='bbox 437 3189 525 3236; x_wconf 89' lang='lat' dir='ltr'>diserte</span> <span class='ocrx_word' id='word_1_322' title='bbox 544 3191 654 3238; x_wconf 80' lang='lat' dir='ltr'>attribuit</span> <span class='ocrx_word' id='word_1_323' title='bbox 685 3190 772 3238; x_wconf 86' lang='lat' dir='ltr'>Pilum.</span> <span class='ocrx_word' id='word_1_324' title='bbox 806 3191 918 3238; x_wconf 77' lang='lat' dir='ltr'>Absurds</span> <span class='ocrx_word' id='word_1_325' title='bbox 938 3195 975 3236; x_wconf 86' lang='lat' dir='ltr'>est</span> <span class='ocrx_word' id='word_1_326' title='bbox 992 3191 1092 3250; x_wconf 74' lang='lat' dir='ltr'>vulgata</span> <span class='ocrx_word' id='word_1_327' title='bbox 1110 3189 1200 3237; x_wconf 84' lang='lat' dir='ltr'>lectio:</span> 
     </span>
     <span class='ocr_line' id='line_1_39' title="bbox 140 3251 1201 3314; baseline 0.002 -16"><span class='ocrx_word' id='word_1_328' title='bbox 140 3251 465 3314; x_wconf 76' lang='lat' dir='ltr'>Huiatlsoevlsulgravem</span> <span class='ocrx_word' id='word_1_329' title='bbox 476 3261 631 3300; x_wconf 84' lang='lat' dir='ltr'>armaturam.</span> <span class='ocrx_word' id='word_1_330' title='bbox 685 3267 766 3300; x_wconf 75' lang='lat' dir='ltr'>aarum</span> <span class='ocrx_word' id='word_1_331' title='bbox 791 3265 975 3314; x_wconf 77' lang='lat' dir='ltr'>unamquamque</span> <span class='ocrx_word' id='word_1_332' title='bbox 996 3255 1100 3314; x_wconf 77' lang='lat' dir='ltr'>prinum</span> <span class='ocrx_word' id='word_1_333' title='bbox 1123 3255 1201 3314; x_wconf 83' lang='lat' dir='ltr'>piirms</span> 
     </span>
     <span class='ocr_line' id='line_1_40' title="bbox 171 3315 1200 3380; baseline 0 -16"><span class='ocrx_word' id='word_1_334' title='bbox 171 3315 205 3364; x_wconf 82' lang='lat' dir='ltr'>iio</span> <span class='ocrx_word' id='word_1_335' title='bbox 221 3316 348 3378; x_wconf 73' lang='lat' dir='ltr'>Mmipuis&#39;</span> <span class='ocrx_word' id='word_1_336' title='bbox 368 3317 454 3380; x_wconf 81' lang='lat' dir='ltr'>docem]</span> <span class='ocrx_word' id='word_1_337' title='bbox 480 3318 535 3364; x_wconf 82' lang='lat' dir='ltr'>Non</span> <span class='ocrx_word' id='word_1_338' title='bbox 561 3317 655 3380; x_wconf 78' lang='lat' dir='ltr'>qainde-</span> <span class='ocrx_word' id='word_1_339' title='bbox 686 3319 803 3364; x_wconf 61' lang='lat' dir='ltr'>metuent.</span> <span class='ocrx_word' id='word_1_340' title='bbox 833 3316 898 3372; x_wconf 82' lang='lat' dir='ltr'>Quid</span> <span class='ocrx_word' id='word_1_341' title='bbox 915 3317 981 3363; x_wconf 86' lang='lat' dir='ltr'>enirn</span> <span class='ocrx_word' id='word_1_342' title='bbox 1001 3318 1108 3372; x_wconf 83' lang='lat' dir='ltr'>stultius,</span> <span class='ocrx_word' id='word_1_343' title='bbox 1125 3329 1200 3378; x_wconf 82' lang='lat' dir='ltr'>quam</span> 
     </span>
     <span class='ocr_line' id='line_1_41' title="bbox 139 3381 1093 3444; baseline 0.001 -18"><span class='ocrx_word' id='word_1_344' title='bbox 139 3381 201 3426; x_wconf 80' lang='lat' dir='ltr'>clmr</span> <span class='ocrx_word' id='word_1_345' title='bbox 218 3388 246 3427; x_wconf 87' lang='lat' dir='ltr'>ut</span> <span class='ocrx_word' id='word_1_346' title='bbox 264 3381 313 3428; x_wconf 86' lang='lat' dir='ltr'>sint</span> <span class='ocrx_word' id='word_1_347' title='bbox 330 3382 355 3428; x_wconf 93' lang='lat' dir='ltr'>ln</span> <span class='ocrx_word' id='word_1_348' title='bbox 374 3387 425 3428; x_wconf 83' lang='lat' dir='ltr'>tots</span> <span class='ocrx_word' id='word_1_349' title='bbox 444 3383 537 3444; x_wconf 78' lang='lat' dir='ltr'>legione</span> <span class='ocrx_word' id='word_1_350' title='bbox 556 3383 655 3441; x_wconf 76' lang='lat' dir='ltr'>triginta</span> <span class='ocrx_word' id='word_1_351' title='bbox 686 3383 794 3444; x_wconf 74' lang='lat' dir='ltr'>singulas</span> <span class='ocrx_word' id='word_1_352' title='bbox 805 3389 884 3442; x_wconf 86' lang='lat' dir='ltr'>partes</span> <span class='ocrx_word' id='word_1_353' title='bbox 893 3382 984 3442; x_wconf 81' lang='lat' dir='ltr'>primas</span> <span class='ocrx_word' id='word_1_354' title='bbox 994 3381 1093 3428; x_wconf 76' lang='lat' dir='ltr'>decret</span> 
     </span>
     <span class='ocr_line' id='line_1_42' title="bbox 140 3443 1203 3570; baseline 0 -16"><span class='ocrx_word' id='word_1_355' title='bbox 140 3445 654 3557; x_wconf 68' lang='lat' dir='ltr'>sutu¹·..⁵i.i¹inut.tiii</span> <span class='ocrx_word' id='word_1_356' title='bbox 688 3443 867 3570; x_wconf 52' lang='lat' dir='ltr'>mittit</span> <span class='ocrx_word' id='word_1_357' title='bbox 895 3445 1203 3556; x_wconf 47' lang='lat' dir='ltr'>immnuta</span> 
     </span>
     <span class='ocr_line' id='line_1_43' title="bbox 141 3572 1203 3635; baseline -0.002 -15"><span class='ocrx_word' id='word_1_358' title='bbox 141 3573 176 3620; x_wconf 80' lang='lat' dir='ltr'>alc</span> <span class='ocrx_word' id='word_1_359' title='bbox 186 3573 270 3635; x_wconf 76' lang='lat' dir='ltr'>Polyb.</span> <span class='ocrx_word' id='word_1_360' title='bbox 282 3575 299 3620; x_wconf 92' lang='lat' dir='ltr'>i.</span> <span class='ocrx_word' id='word_1_361' title='bbox 312 3573 357 3620; x_wconf 86' lang='lat' dir='ltr'>vt.</span> <span class='ocrx_word' id='word_1_362' title='bbox 688 3573 785 3621; x_wconf 75' lang='lat' dir='ltr'>Pitanos</span> <span class='ocrx_word' id='word_1_363' title='bbox 802 3585 851 3624; x_wconf 84' lang='lat' dir='ltr'>eos.</span> <span class='ocrx_word' id='word_1_364' title='bbox 867 3581 891 3619; x_wconf 90' lang='lat' dir='ltr'>et</span> <span class='ocrx_word' id='word_1_365' title='bbox 911 3577 990 3619; x_wconf 85' lang='lat' dir='ltr'>totum</span> <span class='ocrx_word' id='word_1_366' title='bbox 1008 3572 1079 3618; x_wconf 85' lang='lat' dir='ltr'>illum</span> <span class='ocrx_word' id='word_1_367' title='bbox 1093 3573 1203 3618; x_wconf 85' lang='lat' dir='ltr'>ordinem</span> 
     </span>
     <span class='ocr_line' id='line_1_44' title="bbox 173 3635 1203 3704; baseline -0.004 -19"><span class='ocrx_word' id='word_1_368' title='bbox 173 3638 206 3687; x_wconf 80' lang='grc'>37</span> <span class='ocrx_word' id='word_1_369' title='bbox 222 3639 337 3704; x_wconf 76' lang='lat' dir='ltr'>Hastam]</span> <span class='ocrx_word' id='word_1_370' title='bbox 353 3639 533 3686; x_wconf 76' lang='lat' dir='ltr'>iaculatoriam.</span> <span class='ocrx_word' id='word_1_371' title='bbox 688 3637 772 3684; x_wconf 80' lang='lat' dir='ltr'>Pilum</span> <span class='ocrx_word' id='word_1_372' title='bbox 786 3635 945 3698; x_wconf 78' lang='lat' dir='ltr'>appellabant.</span> <span class='ocrx_word' id='word_1_373' title='bbox 978 3635 1064 3682; x_wconf 82' lang='lat' dir='ltr'>Postea</span> <span class='ocrx_word' id='word_1_374' title='bbox 1078 3636 1128 3696; x_wconf 88' lang='lat' dir='ltr'>pilo</span> <span class='ocrx_word' id='word_1_375' title='bbox 1140 3635 1203 3682; x_wconf 85' lang='lat' dir='ltr'>llas·</span> 
     </span>
     <span class='ocr_line' id='line_1_45' title="bbox 174 3697 1203 3766; baseline -0.004 -16"><span class='ocrx_word' id='word_1_376' title='bbox 174 3701 207 3750; x_wconf 82' lang='grc'>38</span> <span class='ocrx_word' id='word_1_377' title='bbox 225 3701 306 3766; x_wconf 72' lang='lat' dir='ltr'>Girsu]</span> <span class='ocrx_word' id='word_1_378' title='bbox 340 3703 604 3762; x_wconf 77' lang='lat' dir='ltr'>Goesam,siveGemm</span> <span class='ocrx_word' id='word_1_379' title='bbox 621 3709 657 3750; x_wconf 87' lang='lat' dir='ltr'>te·</span> <span class='ocrx_word' id='word_1_380' title='bbox 688 3702 733 3748; x_wconf 86' lang='lat' dir='ltr'>tati</span> <span class='ocrx_word' id='word_1_381' title='bbox 744 3709 768 3748; x_wconf 91' lang='lat' dir='ltr'>et</span> <span class='ocrx_word' id='word_1_382' title='bbox 780 3699 903 3760; x_wconf 86' lang='lat' dir='ltr'>Principes</span> <span class='ocrx_word' id='word_1_383' title='bbox 914 3700 968 3748; x_wconf 80' lang='lat' dir='ltr'>usis</span> <span class='ocrx_word' id='word_1_384' title='bbox 987 3697 1074 3746; x_wconf 74' lang='lat' dir='ltr'>&#39;l&#39;riarii</span> <span class='ocrx_word' id='word_1_385' title='bbox 1086 3713 1142 3746; x_wconf 82' lang='lat' dir='ltr'>vero</span> <span class='ocrx_word' id='word_1_386' title='bbox 1159 3712 1203 3758; x_wconf 87' lang='lat' dir='ltr'>pro</span> 
     </span>
     <span class='ocr_line' id='line_1_46' title="bbox 141 3761 1203 3828; baseline -0.002 -16"><span class='ocrx_word' id='word_1_387' title='bbox 141 3765 195 3812; x_wconf 88' lang='lat' dir='ltr'>lum</span> <span class='ocrx_word' id='word_1_388' title='bbox 206 3765 328 3815; x_wconf 83' lang='lat' dir='ltr'>Gallicum</span> <span class='ocrx_word' id='word_1_389' title='bbox 339 3775 392 3814; x_wconf 87' lang='lat' dir='ltr'>erat</span> <span class='ocrx_word' id='word_1_390' title='bbox 403 3774 483 3814; x_wconf 88' lang='lat' dir='ltr'>totum</span> <span class='ocrx_word' id='word_1_391' title='bbox 495 3780 508 3813; x_wconf 90' lang='lat' dir='ltr'>e</span> <span class='ocrx_word' id='word_1_392' title='bbox 519 3769 589 3814; x_wconf 86' lang='lat' dir='ltr'>ierro.</span> <span class='ocrx_word' id='word_1_393' title='bbox 603 3767 655 3814; x_wconf 82' lang='lat' dir='ltr'>lid.</span> <span class='ocrx_word' id='word_1_394' title='bbox 688 3767 743 3828; x_wconf 88' lang='lat' dir='ltr'>pilis</span> <span class='ocrx_word' id='word_1_395' title='bbox 754 3771 935 3822; x_wconf 82' lang='lat' dir='ltr'>assumpserunt</span> <span class='ocrx_word' id='word_1_396' title='bbox 946 3765 1035 3810; x_wconf 81' lang='lat' dir='ltr'>basias.</span> <span class='ocrx_word' id='word_1_397' title='bbox 1051 3761 1106 3810; x_wconf 79' lang='lat' dir='ltr'>vta</span> <span class='ocrx_word' id='word_1_398' title='bbox 1119 3761 1203 3823; x_wconf 84' lang='lat' dir='ltr'>Polyb.</span> 
     </span>
     <span class='ocr_line' id='line_1_47' title="bbox 142 3828 1202 3889; baseline -0.006 -11"><span class='ocrx_word' id='word_1_399' title='bbox 142 3831 213 3878; x_wconf 81' lang='lat' dir='ltr'>Voss.</span> <span class='ocrx_word' id='word_1_400' title='bbox 224 3833 255 3877; x_wconf 90' lang='lat' dir='ltr'>de</span> <span class='ocrx_word' id='word_1_401' title='bbox 266 3831 337 3877; x_wconf 87' lang='lat' dir='ltr'>Vitiis</span> <span class='ocrx_word' id='word_1_402' title='bbox 349 3832 480 3889; x_wconf 87' lang='lat' dir='ltr'>Sermonis,</span> <span class='ocrx_word' id='word_1_403' title='bbox 492 3833 509 3879; x_wconf 95' lang='lat' dir='ltr'>l.</span> <span class='ocrx_word' id='word_1_404' title='bbox 520 3832 540 3878; x_wconf 94' lang='lat'>1.</span> <span class='ocrx_word' id='word_1_405' title='bbox 550 3844 571 3878; x_wconf 82' lang='lat' dir='ltr'>c.</span> <span class='ocrx_word' id='word_1_406' title='bbox 583 3829 605 3877; x_wconf 81' lang='lat'>2.</span> <span class='ocrx_word' id='word_1_407' title='bbox 688 3829 759 3877; x_wconf 89' lang='lat' dir='ltr'>t.v1.</span> <span class='ocrx_word' id='word_1_408' title='bbox 794 3831 866 3875; x_wconf 86' lang='lat' dir='ltr'>Porto</span> <span class='ocrx_word' id='word_1_409' title='bbox 887 3829 930 3889; x_wconf 90' lang='lat' dir='ltr'>pili</span> <span class='ocrx_word' id='word_1_410' title='bbox 949 3828 1036 3874; x_wconf 81' lang='lat' dir='ltr'>basilla</span> <span class='ocrx_word' id='word_1_411' title='bbox 1057 3831 1109 3874; x_wconf 75' lang='lat' dir='ltr'>erat</span> <span class='ocrx_word' id='word_1_412' title='bbox 1128 3828 1202 3873; x_wconf 75' lang='lat' dir='ltr'>bium</span> 
     </span>
     <span class='ocr_line' id='line_1_48' title="bbox 175 3891 1203 3959; baseline -0.006 -17"><span class='ocrx_word' id='word_1_413' title='bbox 175 3895 207 3942; x_wconf 79' lang='grc'>89</span> <span class='ocrx_word' id='word_1_414' title='bbox 226 3894 313 3950; x_wconf 76' lang='lat' dir='ltr'>Quibus</span> <span class='ocrx_word' id='word_1_415' title='bbox 334 3896 486 3956; x_wconf 76' lang='lat' dir='ltr'>Principibus</span> <span class='ocrx_word' id='word_1_416' title='bbox 506 3901 540 3942; x_wconf 85' lang='lat' dir='ltr'>est</span> <span class='ocrx_word' id='word_1_417' title='bbox 562 3896 655 3959; x_wconf 80' lang='lat' dir='ltr'>nomes]</span> <span class='ocrx_word' id='word_1_418' title='bbox 687 3897 842 3942; x_wconf 82' lang='lat' dir='ltr'>cubitorumr</span> <span class='ocrx_word' id='word_1_419' title='bbox 860 3893 952 3939; x_wconf 77' lang='lat' dir='ltr'>serrum</span> <span class='ocrx_word' id='word_1_420' title='bbox 971 3891 1068 3938; x_wconf 84' lang='lat' dir='ltr'>extabat</span> <span class='ocrx_word' id='word_1_421' title='bbox 1088 3891 1118 3938; x_wconf 87' lang='lat' dir='ltr'>sd</span> <span class='ocrx_word' id='word_1_422' title='bbox 1137 3891 1203 3937; x_wconf 88' lang='lat' dir='ltr'>cubi·</span> 
     </span>
     <span class='ocr_line' id='line_1_49' title="bbox 143 3952 1206 4021; baseline -0.008 -14"><span class='ocrx_word' id='word_1_423' title='bbox 143 3959 313 4008; x_wconf 75' lang='lat' dir='ltr'>ninimirum</span> <span class='ocrx_word' id='word_1_424' title='bbox 325 3961 505 4007; x_wconf 88' lang='lat' dir='ltr'>videnturoiinr</span> <span class='ocrx_word' id='word_1_425' title='bbox 522 3959 655 4021; x_wconf 84' lang='lat' dir='ltr'>principem</span> <span class='ocrx_word' id='word_1_426' title='bbox 688 3963 741 4006; x_wconf 87' lang='lat' dir='ltr'>ium</span> <span class='ocrx_word' id='word_1_427' title='bbox 753 3964 777 4003; x_wconf 85' lang='lat' dir='ltr'>et</span> <span class='ocrx_word' id='word_1_428' title='bbox 789 3957 921 4003; x_wconf 87' lang='lat' dir='ltr'>semissem.</span> <span class='ocrx_word' id='word_1_429' title='bbox 955 3952 1206 4017; x_wconf 74' lang='lat' dir='ltr'>ltaquejustalongi·</span> 
     </span>
     <span class='ocr_line' id='line_1_50' title="bbox 143 4019 1206 4084; baseline -0.005 -14"><span class='ocrx_word' id='word_1_430' title='bbox 143 4025 168 4071; x_wconf 91' lang='lat' dir='ltr'>ln</span> <span class='ocrx_word' id='word_1_431' title='bbox 190 4023 242 4071; x_wconf 86' lang='lat' dir='ltr'>acle</span> <span class='ocrx_word' id='word_1_432' title='bbox 262 4024 342 4070; x_wconf 88' lang='lat' dir='ltr'>locum</span> <span class='ocrx_word' id='word_1_433' title='bbox 362 4025 483 4071; x_wconf 82' lang='lat' dir='ltr'>tenuisses</span> <span class='ocrx_word' id='word_1_434' title='bbox 506 4032 579 4084; x_wconf 84' lang='lat' dir='ltr'>atquc</span> <span class='ocrx_word' id='word_1_435' title='bbox 600 4023 657 4070; x_wconf 86' lang='lat' dir='ltr'>inde</span> <span class='ocrx_word' id='word_1_436' title='bbox 688 4025 748 4070; x_wconf 91' lang='lat' dir='ltr'>tudo</span> <span class='ocrx_word' id='word_1_437' title='bbox 766 4022 841 4067; x_wconf 90' lang='lat' dir='ltr'>totius</span> <span class='ocrx_word' id='word_1_438' title='bbox 857 4021 901 4082; x_wconf 91' lang='lat' dir='ltr'>pili</span> <span class='ocrx_word' id='word_1_439' title='bbox 920 4025 971 4066; x_wconf 88' lang='lat' dir='ltr'>erat</span> <span class='ocrx_word' id='word_1_440' title='bbox 990 4026 1094 4081; x_wconf 85' lang='lat' dir='ltr'>quatuor</span> <span class='ocrx_word' id='word_1_441' title='bbox 1112 4019 1206 4066; x_wconf 83' lang='lat' dir='ltr'>cubito·</span> 
     </span>
     <span class='ocr_line' id='line_1_51' title="bbox 143 4083 1206 4150; baseline -0.006 -15"><span class='ocrx_word' id='word_1_442' title='bbox 143 4089 191 4136; x_wconf 90' lang='lat' dir='ltr'>iilis</span> <span class='ocrx_word' id='word_1_443' title='bbox 214 4100 311 4136; x_wconf 84' lang='lat' dir='ltr'>nomen.</span> <span class='ocrx_word' id='word_1_444' title='bbox 344 4089 398 4135; x_wconf 69' lang='lat' dir='ltr'>Vtri.</span> <span class='ocrx_word' id='word_1_445' title='bbox 419 4088 486 4150; x_wconf 87' lang='lat' dir='ltr'>Lips.</span> <span class='ocrx_word' id='word_1_446' title='bbox 507 4089 547 4135; x_wconf 85' lang='lat' dir='ltr'>lib.</span> <span class='ocrx_word' id='word_1_447' title='bbox 572 4087 605 4135; x_wconf 88' lang='lat'>11.</span> <span class='ocrx_word' id='word_1_448' title='bbox 627 4090 658 4133; x_wconf 90' lang='lat' dir='ltr'>de</span> <span class='ocrx_word' id='word_1_449' title='bbox 688 4101 744 4134; x_wconf 89' lang='lat' dir='ltr'>rum</span> <span class='ocrx_word' id='word_1_450' title='bbox 765 4099 822 4134; x_wconf 89' lang='lat' dir='ltr'>cum</span> <span class='ocrx_word' id='word_1_451' title='bbox 844 4083 1020 4142; x_wconf 64' lang='lat' dir='ltr'>seminativa</span> <span class='ocrx_word' id='word_1_452' title='bbox 1041 4091 1134 4144; x_wconf 88' lang='lat' dir='ltr'>septem</span> <span class='ocrx_word' id='word_1_453' title='bbox 1156 4083 1206 4130; x_wconf 83' lang='lat' dir='ltr'>iers</span> 
     </span>
     <span class='ocr_line' id='line_1_52' title="bbox 144 4147 1207 4212; baseline -0.005 -14"><span class='ocrx_word' id='word_1_454' title='bbox 144 4151 218 4199; x_wconf 79' lang='lat' dir='ltr'>utitis.</span> <span class='ocrx_word' id='word_1_455' title='bbox 231 4151 374 4199; x_wconf 86' lang='lat' dir='ltr'>liom.1liai.</span> <span class='ocrx_word' id='word_1_456' title='bbox 386 4151 407 4198; x_wconf 93' lang='lat' dir='ltr'>l.</span> <span class='ocrx_word' id='word_1_457' title='bbox 419 4159 443 4199; x_wconf 86' lang='lat' dir='ltr'>et</span> <span class='ocrx_word' id='word_1_458' title='bbox 453 4153 494 4198; x_wconf 91' lang='lat' dir='ltr'>lib.</span> <span class='ocrx_word' id='word_1_459' title='bbox 505 4152 550 4199; x_wconf 86' lang='lat' dir='ltr'>tv.</span> <span class='ocrx_word' id='word_1_460' title='bbox 563 4151 658 4200; x_wconf 71' lang='lat' dir='ltr'>nial-2.</span> <span class='ocrx_word' id='word_1_461' title='bbox 690 4153 787 4212; x_wconf 88' lang='lat' dir='ltr'>pedum.</span> <span class='ocrx_word' id='word_1_462' title='bbox 825 4149 1006 4196; x_wconf 67' lang='lat' dir='ltr'>accuratiorem</span> <span class='ocrx_word' id='word_1_463' title='bbox 1033 4149 1075 4208; x_wconf 90' lang='lat' dir='ltr'>pili</span> <span class='ocrx_word' id='word_1_464' title='bbox 1101 4147 1207 4208; x_wconf 86' lang='lat' dir='ltr'>descrip-</span> 
     </span>
     <span class='ocr_line' id='line_1_53' title="bbox 175 4211 1206 4278; baseline -0.004 -14"><span class='ocrx_word' id='word_1_465' title='bbox 175 4217 208 4264; x_wconf 89' lang='grc'>40</span> <span class='ocrx_word' id='word_1_466' title='bbox 228 4214 332 4278; x_wconf 73' lang='lat' dir='ltr'>viginti]</span> <span class='ocrx_word' id='word_1_467' title='bbox 350 4217 386 4263; x_wconf 77' lang='lat' dir='ltr'>lix</span> <span class='ocrx_word' id='word_1_468' title='bbox 397 4215 542 4263; x_wconf 80' lang='lat' dir='ltr'>antedictis.</span> <span class='ocrx_word' id='word_1_469' title='bbox 690 4217 781 4261; x_wconf 89' lang='lat' dir='ltr'>tionem</span> <span class='ocrx_word' id='word_1_470' title='bbox 800 4215 855 4259; x_wconf 85' lang='lat' dir='ltr'>vids</span> <span class='ocrx_word' id='word_1_471' title='bbox 874 4214 938 4272; x_wconf 90' lang='lat' dir='ltr'>apud</span> <span class='ocrx_word' id='word_1_472' title='bbox 955 4211 1038 4272; x_wconf 81' lang='lat' dir='ltr'>Polyb.</span> <span class='ocrx_word' id='word_1_473' title='bbox 1049 4213 1064 4257; x_wconf 92' lang='lat' dir='ltr'>l.</span> <span class='ocrx_word' id='word_1_474' title='bbox 1077 4211 1123 4257; x_wconf 90' lang='lat' dir='ltr'>Vl.</span> <span class='ocrx_word' id='word_1_475' title='bbox 1139 4219 1163 4258; x_wconf 88' lang='lat' dir='ltr'>et</span> <span class='ocrx_word' id='word_1_476' title='bbox 1174 4213 1206 4260; x_wconf 85' lang='lat' dir='ltr'>nd</span> 
     </span>
     <span class='ocr_line' id='line_1_54' title="bbox 176 4275 1206 4344; baseline -0.002 -18"><span class='ocrx_word' id='word_1_477' title='bbox 176 4280 205 4329; x_wconf 74' lang='lat'>41</span> <span class='ocrx_word' id='word_1_478' title='bbox 225 4279 377 4340; x_wconf 67' lang='lat' dir='ltr'>Anapum</span> <span class='ocrx_word' id='word_1_479' title='bbox 405 4279 560 4344; x_wconf 67' lang='lat' dir='ltr'>appetitioni]</span> <span class='ocrx_word' id='word_1_480' title='bbox 595 4280 659 4335; x_wconf 84' lang='lat' dir='ltr'>Quis</span> <span class='ocrx_word' id='word_1_481' title='bbox 690 4293 744 4326; x_wconf 83' lang='lat' dir='ltr'>esus</span> <span class='ocrx_word' id='word_1_482' title='bbox 759 4285 828 4325; x_wconf 89' lang='lat' dir='ltr'>notas</span> <span class='ocrx_word' id='word_1_483' title='bbox 840 4277 923 4338; x_wconf 80' lang='lat' dir='ltr'>lipsii,</span> <span class='ocrx_word' id='word_1_484' title='bbox 934 4277 950 4323; x_wconf 94' lang='lat' dir='ltr'>l.</span> <span class='ocrx_word' id='word_1_485' title='bbox 964 4275 1012 4324; x_wconf 92' lang='lat' dir='ltr'>lll.</span> <span class='ocrx_word' id='word_1_486' title='bbox 1027 4277 1057 4323; x_wconf 88' lang='lat' dir='ltr'>dc</span> <span class='ocrx_word' id='word_1_487' title='bbox 1068 4277 1121 4323; x_wconf 81' lang='lat' dir='ltr'>tiit.</span> <span class='ocrx_word' id='word_1_488' title='bbox 1134 4276 1206 4324; x_wconf 80' lang='lat' dir='ltr'>lions.</span> 
     </span>
     <span class='ocr_line' id='line_1_55' title="bbox 143 4343 792 4405; baseline 0 -14"><span class='ocrx_word' id='word_1_489' title='bbox 143 4345 206 4405; x_wconf 85' lang='lat' dir='ltr'>ipsos</span> <span class='ocrx_word' id='word_1_490' title='bbox 228 4346 390 4404; x_wconf 87' lang='lat' dir='ltr'>sequebantur</span> <span class='ocrx_word' id='word_1_491' title='bbox 411 4345 493 4390; x_wconf 88' lang='lat' dir='ltr'>docem</span> <span class='ocrx_word' id='word_1_492' title='bbox 515 4346 556 4391; x_wconf 90' lang='lat' dir='ltr'>aiil</span> <span class='ocrx_word' id='word_1_493' title='bbox 581 4347 658 4392; x_wconf 86' lang='lat' dir='ltr'>mani-</span> <span class='ocrx_word' id='word_1_494' title='bbox 692 4343 755 4393; x_wconf 73' lang='lat' dir='ltr'>bist.</span> <span class='ocrx_word' id='word_1_495' title='bbox 768 4345 792 4391; x_wconf 89' lang='grc'>4.</span> 
     </span>
     <span class='ocr_line' id='line_1_56' title="bbox 144 4398 1205 4471; baseline -0.002 -15"><span class='ocrx_word' id='word_1_496' title='bbox 144 4411 204 4469; x_wconf 81' lang='lat' dir='ltr'>puli,</span> <span class='ocrx_word' id='word_1_497' title='bbox 215 4411 258 4471; x_wconf 86' lang='lat' dir='ltr'>qui</span> <span class='ocrx_word' id='word_1_498' title='bbox 274 4409 362 4469; x_wconf 75' lang='lat' dir='ltr'>singub</span> <span class='ocrx_word' id='word_1_499' title='bbox 378 4409 402 4458; x_wconf 88' lang='lat' dir='ltr'>ln</span> <span class='ocrx_word' id='word_1_500' title='bbox 414 4417 462 4455; x_wconf 81' lang='lat' dir='ltr'>tres</span> <span class='ocrx_word' id='word_1_501' title='bbox 479 4417 558 4468; x_wconf 81' lang='lat' dir='ltr'>partas</span> <span class='ocrx_word' id='word_1_502' title='bbox 568 4409 658 4457; x_wconf 82' lang='lat' dir='ltr'>diuids-</span> <span class='ocrx_word' id='word_1_503' title='bbox 724 4405 756 4457; x_wconf 85' lang='lat' dir='ltr'>ts</span> <span class='ocrx_word' id='word_1_504' title='bbox 775 4407 858 4455; x_wconf 76' lang='lat' dir='ltr'>Tribus</span> <span class='ocrx_word' id='word_1_505' title='bbox 873 4419 902 4454; x_wconf 73' lang='lat' dir='ltr'>ss</span> <span class='ocrx_word' id='word_1_506' title='bbox 919 4405 1150 4470; x_wconf 64' lang='lat' dir='ltr'>madianensium]</span> <span class='ocrx_word' id='word_1_507' title='bbox 1174 4398 1205 4454; x_wconf 84' lang='lat' dir='ltr'>ti·</span> 
     </span>
    </p>
   </div>
   <div class='ocr_carea' id='block_1_5' title="bbox 0 0 1556 4928">
    <p class='ocr_par' dir='ltr' id='par_1_11' title="bbox 0 0 1556 4928">
     <span class='ocr_line' id='line_1_57' title="bbox 0 0 1556 4928; baseline 0 0"><span class='ocrx_word' id='word_1_508' title='bbox 0 0 1556 4928; x_wconf 95' lang='lat' dir='ltr'> </span> 
     </span>
    </p>
   </div>
  </div>
 </body>
</html>
