2978 4918
335 247 429 371 1·st
698 281 992 357 uirtutum
1055 279 1060 292 '

172 470 202 516 tt.
212 461 305 518 cirta
316 527 319 537 Ι
331 479 408 532 rem,
425 459 499 523 alibi
512 459 660 548 gaudium
676 463 787 548 ingens
801 461 885 526 iacit.
932 459 1078 537 Romani,
1094 461 1208 524 civilem
1231 478 1289 524 esse
1309 455 1365 523 cle·

170 537 202 582 ¹⁴·
213 537 305 586 0⁴⁵⁶·
330 567 448 622 morem,
465 556 556 630 atque
575 549 724 611 otacilium
746 549 859 626 adesse,
875 549 957 611 inter
971 569 1004 612 se
1017 545 1218 635 gratulantes,
1233 543 1312 608 ultro
1330 567 1367 608 ex

329 630 517 696 stationibus
533 654 569 696 ac
580 633 693 720 vigiliis
706 635 851 701 territant
862 636 991 698 bostem.
1036 632 1157 697 Consul
1171 630 1365 705 differendum

329 723 440 803 negat:
464 718 526 782 Illo
538 722 668 784 clamore
677 741 738 783 non
749 722 908 784 adventum
919 723 1004 783 modo
1014 719 1193 804 signficari,
1204 720 1256 782 sed
1268 716 1367 780 roaab

328 804 391 866 suis
401 814 547 886 captam:
569 808 735 890 mirumque
744 829 814 880 esse,
827 808 862 868 ni
864 806 935 888 jam
944 808 1093 869 exteriore
1099 813 1194 888 perte
1202 814 1299 867 castra
1307 805 1367 866 lme-

329 890 404 952 tiam
415 891 631 974 obpugnentar.
676 893 785 976 Itaque
795 913 958 955 armatam
970 911 1087 976 capere,
1099 899 1130 954 el
1142 913 1174 954 se
1186 889 1369 973 adsequiju·

329 974 392 1039 bet.
415 976 552 1041 ”Nocte
575 977 688 1041 initum
710 977 857 1064 proeh'um
880 993 926 1040 est
947 1000 966 1041 a
987 976 1180 1064 legionibus:
1214 973 1369 1038 dictatori‘

328 1063 466 1126 clamore
486 1063 674 1152 significant,
690 1063 730 1128 ab
752 1086 789 1128 ea
810 1085 938 1150 quoque
958 1077 1048 1146 parte
1068 1083 1134 1127 rem
1149 1063 1183 1125 in'
1198 1060 1369 1125 discrimine,

328 1165 403 1211 esse.
447 1149 567 1214 Jamse
587 1149 611 1188 ²¹
621 1149 662 1214 ad
681 1144 878 1234 prohibenda
893 1148 1081 1212 circumdari
1096 1169 1194 1232 opera
1208 1147 1302 1232 AEqui
1317 1167 1367 1229 pa·

327 1233 449 1311 rabant,
465 1257 574 1322 quum,
589 1238 629 1299 ab
645 1238 792 1301 interiore
814 1236 904 1300 hoste
923 1234 1040 1320 proelio
1054 1251 1172 1319 coepto,
1188 1256 1228 1298 ne
1242 1254 1297 1317 per
1310 1251 1367 1294 me·

326 1318 379 1383 dia
404 1343 461 1384 ena
485 1338 589 1386 castra
613 1321 703 1385 fieret
726 1323 891 1406 eruptio,a
907 1321 1120 1385 munientibus
1143 1321 1184 1384 ad
1203 1331 1368 1406 pugnantes

325 1405 495 1471 introrsum
518 1409 609 1484 versi,
627 1431 754 1472 vacuam
781 1421 905 1471 noctem
928 1407 1016 1492 operi
1038 1406 1165 1471 dedere.
1188 1418 1366 1492 pugnatum·

326 1515 388 1577 que
404 1515 474 1556 cum
492 1494 621 1557 consule
642 1495 682 1557 ad
706 1495 805 1557 luceru
821 1509 878 1559 est.
923 1496 1009 1557 Luce
1031 1494 1135 1578 prima
1153 1495 1222 1578 jam
1243 1493 1367 1558 circum·

325 1578 431 1642 vallati
446 1579 486 1643 ab
500 1579 655 1644 dictatore
669 1597 768 1656 erant,
785 1596 815 1645 et
839 1581 888 1643 vix
910 1579 1057 1644 adversus
1076 1599 1178 1644 unum
1201 1579 1367 1644 exercitum

324 1683 465 1752 pugnam
489 1667 693 1730 sustinebant.
722 1682 790 1731 tum
812 1665 1042 1742 aQuinctiauo
1062 1667 1218 1743 exercitu,
1234 1666 1287 1752 qui
1301 1676 1369 1726 con·

324 1749 424 1814 fes-tim
448 1775 469 1815 a
487 1751 628 1837 perfecto
650 1773 745 1838 opere
767 1751 808 1816 sd
829 1773 918 1816 arma
943 1751 1046 1830 rediit,
1068 1751 1232 1818 invaditur
1252 1751 1368 1815 vallum.

325 1835 377 1900 bic
390 1837 527 1902 instabat
539 1860 619 1902 nova
630 1860 755 1925 pugna:
778 1837 854 1902 illa‘¹
871 1839 946 1901 nibil
963 1839 1124 1902 remiserat
1134 1840 1235 1924 prior.
1279 1837 1367 1914 '1¹um,

323 1923 454 2006 ancipiti
476 1924 560 1989 malo
570 1935 572 1940 '
582 1940 726 2012 urgente,
740 1948 759 1989 a
774 1924 890 2011 proelio
904 1925 944 1989 ad
959 1947 1066 2010 preces
1082 1926 1175 2003 versi,
1190 1925 1267 1989 binc
1279 1923 1369 1988 dicta-

323 2023 435 2086 torem,
456 2009 530 2075 binc
552 2011 710 2076 consulem
732 2034 833 2090 orare,
850 2031 889 2073 ue
905 2012 937 2074 in
952 2011 1117 2075 occidione
1131 2013 1295 2076 victoriam
1317 2029 1367 2092 po·

324 2107 443 2173 nerent,
470 2111 503 2161 ut
527 2099 660 2162 inermes
682 2121 714 2162 se
735 2097 809 2162 iude
830 2097 917 2161 abire
930 2099 1076 2162 sinerent.
1123 2099 1178 2162 Ab
1193 2096 1320 2163 consule
1333 2093 1366 2158 ad

161 2191 305 2270 subjungam
322 2181 509 2247 dictatorem
524 2185 570 2248 ire
587 2185 682 2270 jussis
704 2184 909 2270 ignominiam
933 2183 1071 2249 inleusur
1092 2184 1229 2250 addidit.
1275 2183 1368 2248 Grac·

160 2263 244 2305 ²¹¹¹²²¹‘
322 2268 415 2334 chum
434 2269 585 2334 Cloelium
609 2271 720 2335 ducem
746 2271 968 2357 principesque
988 2270 1065 2333 alios
1080 2271 1205 2335 vinctos
1220 2270 1261 2334 ad
1276 2289 1307 2333 se
1320 2267 1368 2331 cd·

320 2357 393 2420 duci
405 2357 506 2442 jubet,
523 2357 643 2442 oppido
659 2357 819 2421 Corbione
833 2355 959 2432 decedi3
982 2358 1193 2440 sanguinitae
1207 2357 1368 2442 AEqacrcm

320 2465 380 2506 non
391 2467 497 2528 egere:
520 2447 611 2508 licere
625 2445 731 2508 obire:
753 2445 815 2519 sed,
830 2452 865 2506 ut
878 2445 1067 2525 ecprc'matur
1081 2447 1206 2506 landem
1220 2441 1368 2528 confertio,

317 2529 470 2594 abactam
486 2532 686 2614 domitamque
699 2551 760 2594 esse
770 2539 898 2612 gentem,
914 2529 967 2592 aab
977 2527 1086 2612 jugam
1110 2529 1260 2593 uliares.
1304 2525 1369 2589 Tri·

319 2615 378 2679 bus
394 2617 489 2681 hastis
509 2619 620 2702 'agunt
636 2617 681 2686 fit.
697 2614 785 2678 humi
801 2613 873 2677 fixis
887 2613 1018 2690 duabus,
1035 2633 1197 2701 superque
1211 2635 1263 2680 eas
1278 2627 1370 2678 baus-

212 2729 219 2738 ·
320 2723 407 2766 versa
421 2725 484 2766 unc
499 2641 643 2792 deligata
659 2699 751 2764 ”sub
765 2699 916 2786 hocjugo
930 2700 1066 2764 dictator
1081 2700 1212 2783 AEquos
1229 2701 1322 2765 misit.

290 2860 294 2868 ,
362 2787 492 2852 XXIX.
517 2787 633 2851 Castris
646 2786 783 2851 hostium
807 2786 949 2870 receptis,
965 2786 1066 2869 plenis
1087 2789 1234 2852 omnium
1260 2804 1369 2857 rerum,

321 2872 536 2950 (nudosenim
553 2873 711 2952 emiserat)
728 2871 870 2956 praedam
897 2893 1024 2936 omnem
1050 2894 1108 2936 suo
1135 2887 1264 2938 tautum
1288 2868 1370 2935 militi

318 2957 423 3026 dedit:
459 2961 655 3022 consularem
685 2958 856 3048 exercitum
891 2958 1054 3045 ipsumque
1077 2959 1246 3024 consulem
1276 2959 1368 3022 incre·

316 3065 407 3130 pane,
417 3045 552 3121 Carebis,
564 3045 674 3134 inquit,
686 3047 909 3125 praedoeparte,
920 3045 1013 3122 miles,
1026 3067 1063 3108 ec
1074 3067 1108 3108 eo
1116 3047 1214 3122 hoste,
1225 3047 1372 3128 cuiprope

311 3129 544 3216 pradasuisti.
566 3142 596 3194 et
611 3143 653 3207 tu,
670 3132 711 3195 L.
725 3129 859 3209 Minuci,
874 3133 966 3194 donec
977 3133 1163 3195 emundarent
1179 3135 1314 3196 animam
1329 3131 1371 3190 in·

316 3219 416 3298 cipiet
429 3217 548 3293 babere,
565 3218 737 3302 leganahis
745 3215 911 3302 legionibus
919 3219 1060 3299 procris.
1105 3217 1157 3281 Ita
1167 3241 1203 3282 sa
1216 3214 1372 3282 Minucius

317 3302 444 3367 abdicat
455 3300 628 3379 consulatu,
639 3305 805 3389 jussusque
818 3301 857 3365 ad
873 3303 1044 3366 exercitum
1060 3316 1179 3368 manet.
1221 3305 1285 3370 Sed
1301 3301 1372 3366 adeo

317 3404 384 3453 tum
400 3389 534 3474 imperio
550 3389 669 3456 meliori
686 3390 810 3454 animus
828 3404 990 3456 mansuete
1010 3388 1163 3456 obediens
1178 3407 1259 3466 erat,
1278 3402 1312 3454 ut
1325 3387 1372 3450 be·

317 3475 422 3540 ncficii
451 3475 561 3563 magis,
584 3498 678 3560 quam
705 3473 898 3562 ignominia,
925 3473 977 3537 bic
1001 3475 1161 3539 exercitus
1189 3497 1324 3550 memor,
1345 3485 1374 3534 et

316 3583 466 3626 coronam
488 3585 615 3628 auream
630 3561 775 3626 dictatori
789 3558 902 3624 libram
924 3561 1032 3646 pondo
1053 3561 1243 3640 decreverit,
1259 3576 1290 3627 et
1306 3581 1372 3644 pra-
1436 3581 1437 3602 ³

317 3648 506 3714 ficiscentcm
530 3671 601 3712 eum
625 3663 793 3732 patronum
812 3645 1002 3711 salutaverit.
1049 3645 1163 3712 Romae
1178 3673 1200 3714 a
1217 3647 1262 3726 Q.
1279 3643 1374 3714 Fabio
1435 3665 1436 3703 l

379 3769 451 3820 lat.-
468 3769 595 3831 legionibus
605 3769 723 3816 tentans
733 3771 775 3816 ele.
788 3765 855 3814 Crev.
1014 3767 1312 3820 tentatationum.
1434 3761 1435 3807 l

347 3864 379 3912 20
395 3867 472 3914 Nocte
498 3867 582 3912 lullum
600 3867 711 3927 pralium
730 3864 776 3928 ccl]
803 3871 827 3912 Α
859 3879 940 3913 manu·
969 3867 1191 3914 Gronovlurctlldlt
1204 3867 1374 3915 Naccararum
1433 3853 1434 3911 l

313 3929 450 3990 legionibus
471 3931 583 3977 consulis.
622 3931 760 3992 Legionibur
778 3929 825 3976 dle·
853 3931 964 3990 puttam
985 3933 1018 3976 at
1046 3943 1062 3976 c
1090 3929 1240 3992 legiam.-
1272 3925 1374 3977 acutat
1432 3949 1433 4013 p

313 3995 394 4039 utorio
410 3995 508 4041 clamore
525 3995 655 4060 rigentem
670 3995 775 4042 conculis
791 3997 824 4041 le-
857 3993 1098 4056 clamoreclgalfiaant.
1431 4033 1432 4038 ,

313 4057 552 4116 glouec,cbec,ld
573 4068 719 4118 est,asun
740 4071 827 4120 qaoque
890 4057 1313 4120 tt'Mpratttatactna-eas
1329 4070 1377 4117 opt·
1431 4039 1432 4117 l

307 4125 378 4182 parte
388 4136 437 4168 rcm
453 4123 478 4168 ia
494 4123 626 4170 discrimine
636 4139 689 4178 erce,
702 4125 752 4170 sive
763 4137 824 4183 pug-
856 4120 897 4184 nn]
930 4124 969 4169 Ad
991 4124 1168 4184 prohibendum
1188 4137 1221 4170 nc
1241 4135 1315 4186 open
1334 4120 1376 4166 tibi
1430 4139 1431 4154 t

283 4183 284 4196 ¹
313 4185 374 4230 nari.
406 4185 484 4239 Quam
505 4189 591 4233 damus
613 4189 750 4246 lectionem,
768 4201 822 4234 eam
857 4187 1080 4248 circumdarentur,
1096 4201 1128 4234 na
1147 4187 1248 4236 circum
1271 4201 1317 4236 etta
1331 4197 1379 4234 en·
1430 4157 1431 4221 i

312 4249 383 4310 plane
409 4251 506 4298 exbibet
528 4254 603 4300 codex
625 4253 776 4306 sorbonicus,
797 4257 823 4300 et
858 4257 895 4296 tra
912 4249 1038 4299 duceretur
1054 4266 1069 4299 a
1087 4253 1211 4300 amant·
1233 4256 1309 4310 fau,
1331 4251 1379 4298 vel·
1429 4255 1430 4323 l

311 4313 371 4358 item
393 4315 442 4360 duo
462 4329 476 4361 e
496 4317 569 4378 regila
590 4317 759 4376 antiquissimi.
779 4315 825 4362 uisi
857 4315 957 4376 lamque
963 4313 1090 4380 jaceretur.

312 4377 376 4434 quoa
397 4379 486 4426 uasat
508 4379 722 4432 alemans
743 4383 777 4426 ta
796 4385 835 4426 ue
889 4379 1026 4428 menuae
1093 4380 1377 4448 ..mtaqaseuustoe
1428 4349 1429 4427 l

312 4442 449 4498 litteraria
464 4443 670 4493 vetustistittlorit
689 4457 704 4490 ι
720 4446 824 4494 rectruda
857 4447 1010 4494 uuonan.
1036 4441 1376 4500 anement-comat.
1427 4471 1428 4529 p
