3032 4924
329 199 387 264 ses
717 193 991 268 r1r1p1v11

170 378 303 428 taceat.
331 361 439 426 lucum
460 358 587 422 ⁹‘entra
609 369 733 443 portam
758 357 991 423 Nomentanam
1000 357 1023 438 ⁸,
1038 357 1125 422 unde
1146 369 1332 444 conspectus
1353 359 1386 422 in

169 443 307 492 *li-⁸⁸¹·
334 445 527 532 Capitolium
550 466 615 508 non
641 458 732 522 essct,
754 445 923 508 concilium
951 445 1061 530 populi
1086 445 1242 510 indictum
1265 459 1320 509 est.
1341 444 1387 508 ibi

168 507 313 556 Damnatus.
332 534 451 597 crimen
467 530 576 606 valuit,
592 545 623 596 et
637 531 802 614 obstinatis
816 531 929 594 animis
951 532 1039 595 triste
1055 531 1222 617 judicium,
1238 532 1387 610 invisum-

332 641 394 706 que
408 618 503 682 etiam
521 617 694 704 judicibus,
710 616 840 681 factum.
887 617 967 682 Sunt
982 619 1035 704 qui
1045 615 1107 702 ‘per
1122 617 1317 694 duumviros,
1334 617 1388 702 qui

333 709 371 768 de
396 703 608 787 perduellione
631 705 845 790 anquirerent,
868 716 998 781 creatos,
1014 717 1156 768 auctores
1171 704 1233 768 sint
1255 703 1390 767 damna-

333 805 410 856 tum.
433 790 549 854 tribuni
562 800 572 826 ⁶
586 790 627 854 ‹ie'
649 813 727 854 saxo
749 789 889 874 Tarpeio
910 789 1116 876 dejeceruntr
1130 791 1282 877 locusque
1303 789 1389 853 idem

333 879 365 940 in
389 898 453 942 uno
474 875 604 940 homine
627 889 658 941 et
680 875 805 940 e'ximiae
828 877 938 962 gioriae
960 891 1200 942 monumentum
1226 889 1257 940 et
1282 897 1389 960 poeooe

333 963 455 1028 ultimae
478 962 548 1027 fuit.
592 963 735 1050 Adjectae
762 974 890 1027 mortuo
918 975 1003 1026 notae
1029 976 1120 1027 suntz
1154 962 1284 1042 publica
1307 983 1388 1037 una3

334 1049 430 1135 quod,
451 1071 548 1135 quum
572 1049 687 1113 domus
712 1051 777 1134 ejus
802 1047 921 1130 fuisset,
948 1049 1002 1112 ubi
1028 1070 1113 1113 nunc
1141 1049 1167 1092 ⁹⁷
1181 1048 1265 1114 oedes
1294 1061 1391 1134 atquc

333 1135 459 1200 officina
479 1135 622 1201 Monetae
637 1151 692 1214 est,
713 1136 811 1200 latum
832 1134 872 1199 ad
894 1135 1047 1220 populum
1063 1148 1118 1212 est,
1139 1136 1271 1222 nequis
1292 1135 1390 1220 patri·

334 1223 400 1287 cius
415 1223 448 1286 in
459 1243 530 1286 arce
545 1236 600 1287 aut
612 1222 771 1308 Capitolio
787 1221 963 1284 habitaret:
985 1221 1145 1308 gentilicia
1164 1225 1279 1298 altera3
1303 1219 1391 1307 quod

357 1309 436 1373 entis
466 1308 597 1373 Manliae
627 1309 754 1374 decreto
780 1320 907 1372 cautum
940 1321 996 1383 est,
1027 1329 1067 1372 nc
1100 1309 1168 1394 quis
1196 1307 1314 1372 deinde
1341 1306 1391 1371 M.

334 1333 478 1460 &aulius
491 1408 662 1459 vocaretur.
709 1393 809 1458 Hunc
819 1393 940 1458 exitum
957 1393 1069 1459 habuit
1079 1395 1136 1472 vir,
1153 1395 1210 1458 nisi
1233 1394 1267 1458 in
1290 1394 1392 1458 libera

334 1482 459 1546 civitate
473 1496 565 1546 natus
576 1494 664 1558 esset,
680 1479 904 1545 memorabilis.
935 1478 1094 1566 Populum
1110 1481 1207 1558 brevi,
1223 1495 1393 1567 postquam

336 1567 508 1652 periculum
525 1567 566 1631 ab
586 1589 626 1631 eo
650 1567 771 1632 nullum
786 1579 864 1643 ereo
878 1587 935 1651 per
950 1567 1082 1666 seipsas
1094 1567 1313 1632 recordantem
1330 1567 1391 1632 vir·

336 1667 428 1732 tutes,
444 1653 632 1718 desiderium
648 1653 712 1738 ejus
731 1652 842 1717 tenuit.
864 1652 1039 1736 pestilentia
1055 1654 1148 1718 etiam
1172 1653 1259 1718 brevi
1281 1675 1392 1717 conse·

336 1755 421 1814 outa,
436 1739 531 1804 nullis
545 1739 786 1804 obcurrentibus
801 1753 898 1802 tantae
917 1739 1014 1803 cladis
1029 1740 1155 1816 caussis,
1167 1763 1207 1804 ex
1223 1739 1393 1808 Manliano

336 1825 492 1910 supplicio
507 1845 631 1912 megnae
645 1825 729 1910 perti
739 1823 836 1888 videri
851 1836 937 1888 orta:
955 1825 1104 1891 violatum
1118 1826 1315 1912 Capitolium
1328 1849 1393 1890 esse

335 1911 488 1998 sanguine
502 1911 676 1976 servatoris.
700 1931 758 1975 nec
779 1911 850 1975 Diis
863 1911 954 1975 cardi
974 1911 1068 1976 fuisse
1082 1933 1209 1998 poenam
1225 1914 1293 1998 ejus
1305 1912 1392 1977 obla·

336 2009 399 2062 tom
424 2019 525 2083 prope
539 1997 638 2062 oculis
657 1997 731 2079 suis,
750 2021 770 2061 a
790 2019 853 2084 quo
868 2019 925 2064 sue
939 1997 1057 2083 templa
1076 2011 1183 2086 erepta
1204 2021 1223 2063 e
1245 1999 1393 2063 manibus

337 2083 602 2149 hostiumtessent.
713 2119 717 2126 ·
1263 2121 1268 2130 ι

174 2174 304 2224 u.c.3t2
379 2169 471 2234 XXI.
496 2170 711 2236 Pestilentiam
725 2172 834 2256 inopia
849 2173 988 2256 frugum,
1004 2185 1035 2236 et
1050 2172 1101 2236 vul
1144 2185 1208 2238 tom
1226 2175 1392 2258 utriusque

173 2240 312 2352 ἵζω·
338 2255 409 2320 mali
435 2254 553 2321 fantem
573 2279 658 2322 anno
679 2260 860 2342 insequente
882 2257 1049 2342 multiplex
1065 2195 1182 2322 belim
1197 2260 1335 2345 excepit,
1353 2259 1391 2323 L.

159 2425 160 2430 ἵ
175 2319 464 2418 1v,r„⁸‚¹·¹1‘·'„Valerio
479 2357 638 2430 quartum,
657 2345 695 2408 A.
710 2343 835 2408 Manlio
856 2344 993 2421 tertium,
1011 2346 1076 2409 Ser.
1091 2344 1234 2431 Sulpicio
1250 2346 1391 2423 tertium,

174 2433 230 2484 1⁴¹1¹·
337 2429 376 2494 L.
394 2429 553 2507 Lucretio,
571 2430 610 2495 L.
627 2429 760 2496 AEmilio
774 2431 912 2506 tertium,
929 2428 979 2494 M.
992 2429 1166 2510 Trebonio,
1182 2431 1321 2496 tribunis
1335 2432 1394 2494 mi·

336 2516 427 2582 litum
452 2516 609 2582 consulari
632 2529 796 2601 potestate.
854 2515 973 2580 Hostes
1000 2518 1085 2594 novi,
1116 2533 1234 2602 praeter
1259 2517 1393 2582 Volscos

337 2601 420 2666 velut
440 2618 524 2668 sorte
538 2603 674 2690 quadam
694 2625 794 2688 prope
817 2602 848 2665 in
870 2615 1025 2666 aeterrtum
1045 2604 1223 2669 exercendo
1245 2604 1395 2669 Romano

173 2699 240 2746 Nost
248 2701 329 2778 aare
339 2689 426 2754 militi
444 2687 543 2766 datos,
561 2689 762 2775 Circeiosque
776 2701 808 2753 et
819 2687 955 2753 Velitras
975 2689 1113 2753 colonias
1122 2689 1245 2776 jamdiu
1261 2691 1394 2756 molien-

174 2763 304 2832 Lmusrnr.
338 2790 383 2840 tes
397 2774 617 2852 defectionem,
633 2789 664 2838 et
678 2789 855 2860 suspectum
874 2774 1012 2852 Latium,
1030 2775 1188 2840 Lanuvini
1202 2777 1311 2854 etiam,
1324 2799 1395 2864 quae

337 2859 518 2924 fidelissima
532 2860 607 2924 urbs
622 2859 734 2940 suerat,
749 2861 853 2924 subito
875 2861 986 2925 exorti.
1032 2861 1070 2926 Id
1097 2861 1208 2927 Patres
1232 2863 1294 2927 rati
1319 2885 1395 2927 con·

336 2958 436 3011 temtu
455 2944 607 3023 accidere,
623 2947 708 3033 quod
725 2947 893 3012 Veliternis
918 2947 1038 3012 civibus
1062 2949 1126 3012 suis
1152 2948 1273 3014 tamdiu
1301 2951 1394 3035 inpu-

336 3032 402 3095 nita
418 3030 551 3095 defectio
576 3037 666 3110 esset,
687 3031 905 3112 decreverunt,
924 3047 961 3098 ut
981 3035 1084 3118 primo
1105 3057 1232 3122 quoque
1253 3051 1395 3122 tempore

337 3117 377 3182 ad
411 3117 563 3201 populum
592 3117 727 3184 ferretur
758 3123 797 3184 de
828 3120 912 3184 bello
940 3121 984 3184 eis
1020 3119 1203 3185 indicendo.
1231 3121 1274 3186 ad
1300 3145 1394 3208 quam

338 3204 481 3269 militiam
508 3227 571 3292 quo
599 3201 741 3289 paratior.
767 3205 874 3290 plebes
899 3219 991 3282 esset,
1018 3207 1241 3292 quinqueviros
1274 3207 1394 3292 Pomp-

175 3307 318 3368 Nepereeo-
338 3291 512 3372 tino‚agro
540 3291 719 3370 dividendo,
744 3305 776 3356 et
808 3291 987 3356 triumviros
1016 3293 1141 3376 Nepete
1176 3293 1312 3359 colonioe
1342 3295 1395 3358 de-

175 3375 249 3424 ¹⁰⁰1&
338 3377 494 3478 ducendae
507 3392 703 3444 creaverunt.
749 3377 846 3456 Tum,
872 3391 907 3444 ut
929 3376 1045 3443 bellum
1063 3379 1222 3465 juberent,
1238 3378 1340 3444 latum
1356 3379 1395 3446 sd

416 3511 430 3551 b
445 3515 624 3563 Flumentanam
635 3517 709 3562 Gran.
722 3516 790 3562 Cres.
898 3519 910 3548 t
926 3519 981 3563 siai.
993 3517 1129 3564 &mactum
1140 3519 1228 3564 tribuni
1238 3519 1316 3566 Gron.

368 3645 400 3692 96
428 3644 508 3690 Extra
538 3649 631 3706 portam
657 3645 848 3708 Flumentanam]
882 3653 1036 3708 terarumque
1063 3648 1161 3694 collium
1189 3648 1320 3694 adimebat.
1367 3647 1398 3696 Et

337 3707 410 3755 Porta
421 3709 582 3756 Flumentana
600 3711 680 3757 ibatur
696 3713 720 3756 in
735 3723 849 3769 campum
881 3713 980 3771 quidem
991 3713 1039 3758 duo
1051 3725 1064 3756 e
1076 3712 1163 3758 nostris
1174 3713 1339 3772 antiquissimi
1357 3714 1399 3760 ha·

337 3773 467 3832 Martium,
479 3779 578 3835 eratque
594 3777 636 3820 illa
648 3775 779 3820 admodum
792 3773 849 3820 rici·
882 3777 939 3822 bent
950 3775 1141 3823 Namantaaamr
1158 3779 1201 3824 aed
1220 3778 1245 3823 in
1258 3791 1309 3826 uno
1320 3779 1399 3825 littera

336 3851 369 3883 na
395 3839 522 3898 Capitolio,
549 3841 614 3900 quod
638 3839 738 3898 proinde
764 3853 794 3884 ex
821 3852 849 3886 ca
881 3839 913 3886 N
922 3843 1192 3890 estasecundamaau.

259 3935 263 3944 .
334 3903 441 3962 conspici
459 3909 559 3964 poterat.
601 3903 659 3949 Ideo
679 3901 811 3960 Nardinus,
834 3903 850 3950 l.
915 3905 946 3951 97
969 3905 1041 3951 AEdar
1066 3910 1134 3964 atque
1159 3907 1248 3966 officina
1281 3903 1396 3966 Moneta]

335 3966 380 4013 tv.
396 3967 529 4014 doctissimi
545 3967 632 4027 operis,
644 3969 684 4014 cui
701 3967 787 4013 titulus
803 3973 850 4025 est,
884 3968 955 4014 AEdea
973 3969 1078 4016 iunonis
1097 3970 1212 4024 Monetae,
1232 3971 1264 4016 de
1282 3984 1333 4030 qua
1351 3971 1397 4016 rid.

335 4027 411 4078 Rama
423 4035 494 4084 vetur,
506 4045 527 4078 e.
544 4029 567 4079 t.
578 4037 660 4078 censet
671 4031 710 4077 hic
721 4032 850 4091 legendum
883 4033 946 4079 lutra
968 4031 1028 4080 vu.
1057 4033 1095 4080 28.
1123 4041 1148 4080 et
1174 4035 1272 4082 cilicina
1296 4033 1399 4081 cudendi

335 4107 387 4140 erse
409 4095 490 4152 potius
512 4099 580 4142 entra
601 4099 695 4155 portam
718 4095 851 4146 Numerata·
883 4097 1046 4158 numismatis,
1089 4100 1129 4146 cui
1170 4103 1267 4144 anneta
1311 4110 1398 4146 nomen

334 4171 398 4210 nam,
410 4157 461 4204 sive
473 4157 663 4216 Nomentanam,
679 4173 735 4218 quar
752 4159 849 4218 quidem
882 4161 988 4225 inditum
1009 4169 1047 4208 est
1068 4176 1083 4208 ι
1103 4163 1201 4224 anone
1224 4163 1335 4216 Moneta.
1357 4175 1397 4208 cu·

334 4227 404 4280 porta
431 4235 446 4267 a
468 4219 585 4281 Capitolio
606 4223 768 4270 remotissima
792 4223 849 4282 suit,
878 4220 921 4284 jus
939 4225 970 4272 ad
989 4227 1067 4273 sedem
1083 4227 1399 4286 cudebaturetsasembs·

334 4285 486 4346 ducebatque
504 4288 528 4332 in
548 4299 605 4332 eum
624 4287 715 4340 locum,
727 4288 766 4332 cui
778 4299 851 4348 agger
883 4295 929 4336 tur.

334 4349 385 4396 Ser.
404 4349 478 4396 Tullii
502 4357 657 4410 conspemum
680 4350 792 4411 Capitolii
813 4365 852 4398 ce·
