3008 4908
333 223 392 277 sn
549 279 552 294 ,
707 216 1007 312 ,s1r1s1vrr

175 397 309 446 {scats
334 403 441 448 secum
466 379 609 457 trahere3
639 378 723 444 haud
753 380 885 447 dubium
909 381 1105 446 consulatum
1135 381 1239 445 lavore
1267 405 1304 446 ac
1331 403 1391 468 spe

173 461 309 510 *⁰4³7-
335 466 593 552 despondentem.
640 467 721 551 lpse,
747 482 782 532 ut
806 485 852 533 est
875 468 1032 532 humanus
1057 469 1179 532 animus
1204 467 1390 533 insatiabilis

335 577 373 619 eo
402 553 487 639 quod
520 552 645 617 fortuna
678 555 823 638 spondet,
857 554 899 619 sd
931 554 1041 619 altiora
1078 568 1109 619 et
1143 575 1207 618 non
1242 576 1390 619 concessa

335 639 474 704 tendere.
500 651 541 717 ct,
563 639 711 726 quonism
738 641 917 705 consulatus
937 663 1063 727 quoque
1084 640 1263 725 eripiendus
1285 642 1390 706 invitis
1490 679 1491 708 r

337 727 485 792 Patribus
504 742 592 801 essct,
613 726 654 790 de
679 748 777 814 regno
796 731 932 814 agitare:
959 726 991 791 id
1017 747 1116 791 unum
1143 725 1275 810 dignum
1300 741 1391 792 tanto
1490 731 1491 744 ¹

335 811 488 898 adparatu
511 811 711 876 consiliorum
736 827 767 876 et
792 813 971 892 certamine,
991 813 1077 898 quod
1101 815 1210 900 ingens
1232 813 1391 878 exsudan-
1490 849 1491 864 r

335 899 412 962 dum
434 914 524 973 esset,
546 898 711 984 praemium
734 898 812 965 lore.
856 899 929 964 lum
953 900 1082 964 comitis
1101 899 1390 964 consulariainsts·

334 985 422 1050 bant.
456 1007 528 1069 quae
562 1008 610 1049 res
638 1007 721 1063 eunt,
751 985 886 1049 neudum
912 987 1092 1068 compositis
1116 985 1289 1050 maturisue
1314 987 1390 1050 satis
1490 1037 1491 1054 r

335 1071 482 1151 consiliis,
505 1071 671 1156 obpressit.
716 1070 836 1136 Consul
860 1085 982 1136 sextum
1005 1087 1128 1136 orestus
1154 1071 1194 1136 T.
1217 1071 1391 1149 Quinctius
1490 1075 1491 1140 j

337 1156 382 1222 Co
409 1157 546 1232 italiam,
566 1159 696 1222 minime
717 1174 915 1243 opportunus
930 1159 978 1221 vir
993 1157 1156 1222 ⁷1novanti
1178 1179 1242 1221 res:
1266 1157 1391 1245 college
1490 1175 1491 1178 ’

175 1251 203 1298 U·
217 1251 311 1300 &81⁶-
335 1181 462 1310 adclitur
478 1245 507 1309 ei
524 1245 669 1332 Agrippa
692 1243 870 1321 Menenius,
892 1246 941 1308 cui
963 1243 1089 1308 Lanato
1110 1257 1177 1308 erut
1199 1265 1388 1332 cognomen.

172 1316 310 1427 ᾆσμ’.
335 1343 367 1395 et
396 1333 431 1394 L.
462 1330 622 1394 Minucius
648 1328 813 1414 praefectus
842 1351 988 1408 arraonoe,
1019 1351 1073 1394 seu
1106 1331 1132 1374 ⁷²
1147 1329 1292 1408 refectus,
1322 1353 1386 1406 seu,

173 1381 441 1507 v'rf'iss'l‘mquoad
456 1439 505 1480 ros
519 1432 671 1500 posceret,
687 1418 719 1480 in
735 1417 888 1481 incertum
904 1430 1035 1482 creatus.
1057 1415 1137 1480 nihil
1150 1417 1232 1480 enim
1254 1431 1389 1493 constat,

173 1509 287 1558 ueneno
336 1504 396 1566 nisi
422 1505 452 1566 in
480 1503 578 1567 libros
604 1503 714 1568 linteos
740 1516 812 1566 utro
836 1525 874 1567 ue
899 1525 982 1566 anno
1008 1504 1140 1568 relatum
1166 1505 1249 1568 inter
1273 1505 1391 1584 inanis·

172 1573 240 1623 ⁰⁰⁸⁸·
335 1602 436 1654 tratus
459 1588 600 1674 proefeoti
624 1610 748 1652 nomen.
794 1526 861 1652 liic
877 1588 1050 1665 Minucius,
1065 1588 1241 1654 i'eamdent
1262 1589 1391 1674 publice

334 1676 528 1741 curationem
552 1697 658 1763 agens,
681 1696 774 1760 quarn
798 1674 927 1740 Maelius
948 1675 1094 1760 privatim
1113 1675 1268 1763 agendam
1285 1699 1392 1740 susce·

334 1775 434 1848 perat,
449 1783 546 1848 quum
567 1763 600 1824 in
622 1776 756 1848 utraque
772 1760 869 1825 domo
882 1784 983 1850 genus
1005 1761 1089 1826 idem
1105 1762 1270 1826 hominum
1286 1785 1393 1828 versa·

334 1860 432 1923 retur,
449 1869 514 1912 rem
537 1860 730 1932 compertam
753 1846 793 1911 sd
819 1861 960 1912 senatum
987 1847 1090 1925 refert,
1120 1849 1195 1912 Telo
1215 1851 1247 1912 in
1269 1850 1391 1913 douram

336 1935 436 1998 Maelii
469 1931 606 2016 conserui,
637 1955 760 2018 eumque
793 1935 945 1998 conciones
979 1937 1062 1999 dorni
1098 1935 1221 1998 holere.-
1259 1957 1299 1999 oc
1314 1932 1318 1938 ’
1334 1959 1392 2000 non

335 2022 425 2085 dttbia
446 2022 534 2106 regni
554 2020 676 2085 canalia
698 2041 770 2085 esse.
792 2030 909 2102 tempus
930 2023 1058 2106 agendae
1078 2023 1122 2086 rei
1142 2023 1274 2085 nondum
1287 2033 1390 2095 stare,-¹

334 2117 431 2172 cetera
452 2105 524 2191 jam
550 2107 735 2182 conuenisse3
768 2117 798 2170 et
824 2107 957 2171 trilums
983 2109 1115 2172 mercede
1137 2117 1230 2171 emtus
1256 2112 1298 2172 ad
1321 2131 1393 2189 pro-

335 2196 463 2258 dendam
489 2193 664 2271 liberiorem,
690 2203 720 2256 et
747 2195 863 2276 partita
889 2194 1010 2258 ducibus
1034 2195 1230 2258 multitudinis
1253 2195 1392 2258 atiniae-

333 2281 382 2344 ria
411 2301 485 2354 esse.
541 2280 643 2344 Serius
673 2300 706 2343 se
738 2301 822 2362 pene,
852 2301 942 2364 quam
974 2291 1071 2343 tutrnn
1098 2278 1202 2360 suerit,
1233 2303 1270 2344 ue
1307 2279 1392 2366 msjns

333 2368 439 2431 incerti
458 2367 588 2452 sanique
609 2377 713 2430 auctor
736 2377 819 2443 esset,
844 2388 880 2429 ea
902 2364 1029 2447 deferre.
1072 2366 1098 2410 ⁷⁴
1114 2365 1198 2442 Quae
1219 2378 1388 2452 postquam

334 2467 408 2518 sunt
428 2454 545 2530 audita,
569 2466 601 2518 et
623 2453 763 2539 undique
776 2454 937 2537 primores
961 2451 1092 2517 Patrum
1116 2464 1148 2517 et
1171 2453 1288 2537 prioris
1315 2455 1391 2518 anni

335 2544 478 2604 consules
496 2540 705 2625 increparent,
720 2539 804 2634 quod
830 2561 881 2602 eas
903 2537 1085 2626 largitiones
1106 2553 1268 2624 coetusque
1289 2539 1392 2624 plebis

335 2625 368 2689 in
385 2627 505 2711 privata
519 2625 615 2690 darno
633 2625 716 2710 possi
740 2638 843 2689 essem
860 2625 939 2701 fieri,
964 2641 994 2690 et
1017 2647 1115 2688 novos
1134 2625 1288 2702 consules,
1305 2627 1391 2710 quod

335 2726 576 2795 exspectassent,
591 2713 725 2775 donccn
742 2709 893 2795 praefecto
907 2733 1043 2777 annonre
1062 2724 1149 2777 tanto
1168 2731 1220 2775 res
1239 2710 1281 2776 ud
1301 2735 1391 2776 sena-

336 2814 401 2861 tum
418 2798 601 2870 deferretur,
623 2819 695 2882 quas
709 2795 866 2862 consulem
883 2819 947 2861 non
962 2797 988 2842 ⁷⁸
998 2814 1158 2862 auctorem
1182 2797 1283 2862 solum
1307 2798 1391 2864 desi-

335 2883 471 2960 deraret,
496 2883 549 2947 sed
576 2882 669 2947 etism
694 2881 869 2959 vindicem,
891 2896 957 2948 tum
986 2884 1025 2949 T.
1053 2883 1235 2964 Quinctius,
1259 2887 1394 2952 tonnas

336 2970 469 3032 nimailo
504 2969 661 3050 increpari,
696 2969 747 3044 nit,
779 2971 839 3054 qni,
876 2972 1028 3034 constricti
1064 2973 1178 3057 legibtu
1213 2973 1251 3034 de
1280 2985 1394 3053 prono-

335 3057 451 3118 catione
474 3059 517 3120 ad
540 3055 755 3120 dissolvendum
778 3057 932 3138 inperium
954 3057 1033 3134 latis,
1060 3078 1247 3142 aequnquam
1273 3068 1393 3122 tantam

336 3141 446 3205 uirium
469 3143 500 3205 in
525 3141 704 3226 magistratu
729 3143 773 3204 ad
795 3163 859 3206 eam
889 3165 949 3207 rem
974 3165 1030 3226 pro
1056 3145 1215 3208 atrocitate
1236 3144 1392 3208 virrdioarr-

337 3229 416 3304 dam,
444 3237 587 3313 quautam
617 3227 716 3304 animi,
744 3229 893 3293 halmal.
913 3251 998 3311 opus
1021 3251 1084 3294 esse
1108 3251 1166 3294 non
1186 3227 1270 3310 sorti
1298 3232 1392 3295 solnm

336 3315 407 3392 uiro,
430 3317 483 3378 sed
507 3315 596 3378 etiarn
617 3313 745 3378 ⁷⁶libero
770 3315 959 3400 exsolutoque
987 3317 1084 3402 legum
1104 3317 1238 3380 uinmlis.
1284 3317 1395 3402 Itaque

336 3420 369 3463 se
398 3402 570 3466 dictatorem
599 3401 640 3464 L.
674 3399 843 3476 Quinctium
871 3403 1025 3465 diducam.
1058 3403 1100 3465 lbi
1128 3405 1257 3466 oscinum
1286 3425 1393 3484 parem

337 3497 430 3551 tautae
449 3486 593 3569 potestati
613 3508 683 3550 esse.
729 3486 991 3570 Adprobantibus
1013 3489 1142 3566 cunctis,
1159 3489 1264 3574 primo
1287 3489 1394 3565 Quin·

336 3574 417 3638 ctius
441 3573 594 3637 abnuere:
618 3584 660 3650 et,
687 3575 757 3657 quid
778 3574 834 3637 sili
857 3573 972 3653 velleret,
995 3576 1143 3662 rogitare,
1168 3577 1219 3660 qai
1242 3595 1276 3638 se
1299 3587 1396 3640 aetate

370 3724 536 3774 'll'Nooaatl
554 3727 602 3790 res]
619 3726 674 3772 Vid.
692 3733 740 3772 not.
758 3727 797 3776 88·
815 3729 846 3774 ad
879 3743 964 3790 punam
977 3731 1200 3779 rideturaccuratu.
1226 3731 1275 3778 Sed
1291 3733 1398 3778 nonab-

337 3791 357 3836 1.
368 3791 408 3838 ὀὶ.
878 3795 952 3840 simili
963 3797 1036 3842 modo
1048 3795 1097 3842 Cic.
1110 3796 1134 3842 in
1146 3795 1244 3843 Vernl.
1256 3796 1303 3844 tv.
1316 3811 1344 3844 a.
1352 3795 1393 3844 36.

369 3853 548 3918 72'Ilefictus]
577 3855 669 3901 lterum
695 3862 798 3911 creatus,
825 3857 846 3903 ti
878 3858 1094 3920 Sl....scrlptam
1112 3860 1233 3916 niltllests
1250 3860 1336 3908 lanam
1351 3876 1395 3908 aa·

335 3915 504 3980 potestessjus
514 3931 570 3966 curn
581 3933 645 3966 enno
660 3920 732 3967 finem
748 3934 845 3982 acceps-
879 3926 924 3968 tem
941 3928 1082 3984 amporam.
1092 3955 1098 3970 .
1109 3923 1215 3973 ..sallas
1232 3925 1324 3972 taletas
1336 3941 1394 3989 pro-

259 3985 267 4004 ⁰
335 3989 372 4030 rat
871 3987 940 4048 seras

368 4045 400 4093 ts
423 4045 536 4119 Eandem
579 4047 670 4108 psillos
707 4052 846 4097 tricatiorum
911 4049 1107 4117 immores]
1121 4052 1211 4100 Auctor
1220 4056 1396 4119 aethicisqui

334 4107 417 4174 agens]
434 4110 577 4170 ConJoctura
596 4112 722 4160 Florebclli
743 4126 758 4160 a
778 4117 846 4176 Sigo·
878 4115 989 4177 princeps
1005 4131 1057 4164 cern
1072 4119 1183 4180 capessit.
1202 4125 1227 4164 et
1252 4133 1279 4166 se
1306 4123 1397 4169 ceteris

335 4175 377 4220 nio
393 4179 417 4219 et
434 4174 554 4222 Gronovio
572 4179 735 4238 comprobate.
767 4181 847 4226 Antea
877 4179 912 4226 rei
937 4181 1079 4242 incipienda
1105 4185 1215 4238 ducem..
1235 4185 1395 4245 monitorem,

336 4237 448 4286 samam
459 4239 744 4298 supersuturam
878 4248 1066 4306 exemplumque
1076 4249 1176 4308 pubet.

369 4300 614 4364 ⁷4¹¹Quoepouquam
624 4305 777 4367 rastaadtta,
789 4312 811 4353 et
823 4340 844 4356 ..
911 4309 942 4355 76
959 4309 1042 4358 bibero
1058 4312 1200 4373 wulmarus
1215 4314 1297 4376 legum
1314 4317 1396 4362 πόποι·

335 4365 489 4430 increparent]
514 4367 574 4416 Huc
592 4369 706 4419 emtionis
724 4377 845 4422 structura
877 4372 919 4437 lis]
936 4374 974 4422 Ex
988 4376 1221 4430 nisQutnctivertts
1230 4379 1396 4441 colligiposu
