2978 4918
355 188 396 253 98
689 271 693 280 ἢ
747 185 858 251 τιτι
887 184 1024 248 1.1v11

196 353 329 404 u.u.rto.
356 346 502 414 obsidum
525 369 558 412 se
578 345 699 416 donare
713 347 816 414 dixit:
839 350 918 436 ipen,
941 369 1022 436 quos
1043 347 1148 429 vellet,
1163 348 1292 438 legeret.
1338 351 1421 416 Pro·

194 419 263 468 Ν
276 419 332 470 ⁵⁰⁶·
355 433 458 500 ductis
472 435 630 512 omnibus,
654 434 784 524 elegisse
804 433 995 523 ⁸'inpubesl
1015 435 1151 502 dicitur:
1173 433 1261 524 quod
1275 450 1307 501 et
1323 437 1420 524 virgi-

356 520 447 585 nitati
468 519 631 599 decorum,
655 537 686 588 et
709 543 863 588 consensu
884 522 1032 588 obsidum
1054 524 1064 587 i
1088 543 1194 588 sorum
1217 521 1421 608 ⁸³probabile

354 621 432 685 erat,
449 627 519 672 eam
533 619 661 674 aetatem
682 609 881 694 potissimum
895 609 1023 675 liberari
1034 545 1087 676 'ab
1108 609 1212 692 hoste,
1227 632 1302 696 qure
1318 611 1421 675 maxi·

355 713 406 758 me
427 708 610 780 opportuna
631 694 757 782 injuria·
778 707 870 762 esset.
920 695 1004 762 Pace
1026 695 1251 778 redintegrata,
1278 695 1421 762 Romani

354 800 472 844 novam
504 781 537 845 in
567 781 685 847 femina
706 781 856 847 virtutem
891 803 975 846 novo
1004 803 1122 870 genere
1150 781 1292 864 honoris,
1314 795 1422 848 statua

354 867 504 1018 ςᾳιξὲεῑτί,
519 867 687 934 donavere.
710 869 743 933 in
763 889 887 934 summa
910 869 1009 934 Sacro
1035 869 1087 934 via
1110 867 1172 935 tuit
1197 869 1300 957 posita
1326 869 1421 960 virgo

355 973 414 1017 msr
439 975 496 1018 ens
560 975 613 1020 uo.

398 1038 492 1105 XIV.
516 975 607 1130 ¹liquic
622 1051 686 1106 tam
703 1053 825 1127 pacatae
839 1039 1028 1126 profectioni
1043 1041 1085 1107 ab
1101 1041 1181 1108 urbe
1202 1041 1286 1194 rflepis
1302 1041 1421 1108 Etrus-

355 1126 383 1192 ci
406 1124 582 1194 abhorrens
604 1150 683 1206 mos,
699 1127 833 1192 traditus
854 1127 895 1192 ab
917 1127 1065 1216 antiquis,
1090 1149 1191 1215 usque
1274 1147 1419 1194 nostram

355 1226 481 1279 etatem
505 1216 589 1279 inter
610 1227 715 1280 cetera
745 1213 911 1279 sollemnia
940 1229 1048 1284 manet
1077 1213 1205 1279 ⁸⁴bonis
1234 1215 1420 1292 vendendis,

353 1299 439 1366 bone
456 1299 606 1366 Porsenae
631 1301 715 1390 regis
730 1299 896 1366 vendendi.
943 1300 1042 1386 Cujus
1057 1299 1214 1388 originem
1238 1301 1336 1366 moris
1360 1325 1420 1367 ne-

354 1409 441 1452 cesse
462 1400 509 1452 est
534 1405 590 1454 aut
612 1387 695 1452 inter
716 1387 833 1452 bellum
858 1399 963 1452 natam
987 1409 1064 1464 esse,
1086 1408 1190 1474 neque
1212 1387 1360 1452 omissam
1384 1391 1419 1452 in

355 1495 451 1556 paoe3
475 1473 566 1539 “aut
586 1480 616 1538 a'
632 1474 757 1537 mitiore
772 1473 905 1538 crevisse
944 1471 1089 1560 rincipio‚
1103 1495 1198 1561 quam
1221 1473 1272 1538 hic
1293 1497 1364 1560 prae
1386 1499 1423 1541 se

354 1557 436 1624 ierat
450 1559 559 1624 titulus
573 1560 658 1625 bonn
679 1558 837 1624 hostiliter
850 1495 1018 1624 vendendi.
1070 1559 1255 1624 Proximum
1272 1581 1348 1625 vero
1371 1577 1422 1628 est

353 1645 459 1722 exiis,
476 1666 548 1731 quoe
570 1645 754 1722 traduntur,
773 1645 943 1710 Porsenam
967 1644 1207 1710 discedenteme
1229 1646 1271 1711 ab
1285 1647 1422 1714 lanicu-

355 1734 398 1809 lo,
429 1745 532 1797 castra
553 1731 714 1834 opulenta,
737 1743 892 1798 convecto
917 1753 958 1795 ex
986 1732 1174 1818 propinquis
1194 1741 1232 1797 a'c
1260 1731 1421 1800 fertilibus

357 1817 497 1882 Etrurioe
511 1841 594 1882 arus
615 1829 805 1894 commeatu,
823 1818 973 1882 Romanis
988 1817 1073 1883 dono
1094 1817 1227 1896 dedisse,
1243 1819 1332 1906 inopi
1348 1833 1420 1888 tum

356 1903 436 1968 urbe
450 1903 491 1968 ab
512 1904 685 1994 longinqua
701 1902 874 1970 obsidione.
897 1927 934 1969 ea
948 1903 1072 1982 deinde,
1095 1925 1136 1970 ne
1149 1906 1271 1992 populo
1285 1906 1422 1974 inmisso

354 1990 570 2076 diriperentur
583 1991 747 2068 hostiliter,
763 1991 893 2067 venisse,
909 1989 1058 2078 bonaque
1074 1989 1226 2056 Porsenae
1245 1992 1421 2078 adpellata,

353 2077 490 2164 gratim
512 2079 652 2143 muneris
673 2077 775 2166 magis
790 2075 988 2166 significante
1002 2076 1106 2155 titulo,
1148 2099 1219 2144 uam
1236 2081 1419 2146 auctionem

352 2163 492 2232 fortunae
507 2166 614 2253 regiae,
631 2187 703 2250 quae
717 2185 759 2229 ne
779 2164 805 2204 ⁸⁶
815 2165 846 2230 ia
861 2177 1047 2250 potestatem
1069 2101 1197 2252 quidem
1219 2165 1332 2252 populi
1349 2167 1421 2232 Ro·

352 2251 440 2316 mani
461 2263 551 2316 esset.
597 2249 724 2317 Omisso
742 2251 889 2316 Romano
905 2249 1000 2328 bello,
1018 2250 1169 2328 Porsena,
1185 2271 1226 2316 ne
1243 2251 1363 2318 frustra
1384 2256 1422 2320 in

353 2360 391 2402 ea
412 2337 482 2404 loce
496 2339 657 2404 exercitus
679 2337 833 2403 adductus
855 2335 1024 2415 videretur,
1040 2357 1113 2402 cum
1136 2350 1228 2423 parte
1249 2339 1420 2426 copiarum

352 2423 454 2492 filium
476 2427 635 2492 Aruntem
654 2425 797 2492 Ariciam
816 2424 1037 2514 obpugnatum
1063 2423 1170 2489 mittit.
1216 2423 1325 2488 Primo
1345 2428 1421 2492 nri-

353 2514 441 2577 cinos
456 2533 507 2578 res
521 2513 710 2599 necopinata
730 2509 919 2596 perculerat.
934 2511 1083 2576 arcessita
1103 2507 1220 2576 deinde
1240 2511 1370 2592 auxilia,
1387 2528 1421 2581 et

352 2599 512 2665 aLatinis
534 2599 659 2686 populis
684 2611 716 2664 et
740 2621 760 2662 a
783 2598 904 2673 Cumis,
921 2609 1046 2663 tautum
1070 2597 1139 2682 spei
1168 2595 1282 2676 iecere,
1297 2611 1335 2663 ut
1350 2601 1421 2668 acie

351 2685 524 2752 decernere
538 2685 703 2750 auderent.
750 2683 870 2748 Proelio
881 2683 971 2763 inito,
986 2683 1067 2748 adeo
1082 2683 1242 2748 concitato
1256 2683 1369 2770 inpetu
1385 2711 1421 2752 se

353 2775 526 2838 intulerant
556 2771 694 2848 Etrusci,
725 2781 762 2834 ut
784 2769 962 2835 tunderent
992 2769 1062 2854 ipso
1098 2771 1227 2834 incursu
1257 2771 1420 2839 Aricinos.

355 2857 511 2923 Cumanae
539 2856 695 2933 cobortes,
725 2867 793 2922 arte
828 2855 978 2920 adversus
1013 2856 1077 2920 rim
1113 2877 1192 2937 usae,
1220 2855 1422 2926 declinavere

353 2942 552 3028 paullulum
574 2941 769 3028 “effuseque
783 2942 933 3026 praelatos
954 2942 1060 3008 hostes
1081 2942 1243 3008 conversis
1262 2944 1362 3032 signis
1376 2945 1420 3011 ab

353 3047 446 3117 tergo
458 3030 581 3094 adortae
596 3043 679 3094 suut.
723 3031 775 3094 lta
787 3029 820 3093 in
840 3028 957 3106 medio,
972 3051 1073 3115 prope
1091 3031 1158 3132 jam
1174 3029 1320 3112 victores,
1343 3035 1419 3098 cresi

354 3116 499 3182 Etrusci:
522 3137 596 3202 pars
609 3115 791 3205 perexigua,
808 3115 890 3180 duce
904 3118 1029 3194 amisso,
1045 3133 1120 3203 quta
1141 3115 1263 3180 nullum
1279 3120 1420 3204 propius

352 3203 534 3292 perfugium
558 3217 637 3282 erat,
655 3201 791 3268 Romam
818 3203 953 3268 inermes
967 3215 998 3268 et
1021 3201 1148 3268 fortuna
1163 3215 1195 3267 et
1220 3204 1325 3288 specie
1340 3227 1419 3292 sup-

352 3289 471 3376 plicum
493 3287 590 3354 delati
603 3303 687 3354 sunt.
710 3290 756 3356 ibi
777 3289 914 3378 benigno
935 3289 1060 3375 excepti
1074 3288 1229 3376 divisique
1252 3289 1284 3354 iu
1307 3289 1419 3380 hospi·

432 3465 761 3544 emmennone
814 3480 983 3532 taran-u
1057 3479 1335 3530 ementatum

380 3663 413 3714 88
437 3665 582 3730 Impulerat]
626 3665 729 3714 Plurimi
771 3664 864 3726 scripti,
897 3678 949 3726 prae
963 3675 989 3710 se
1004 3663 1084 3712 ieram
1100 3661 1239 3710 haerebo
1255 3661 1417 3721 sotennussx

349 3735 404 3778 tum
423 3731 580 3787 Gronoviuni,
603 3739 658 3780 tum
681 3729 767 3788 nostri,
786 3729 863 3790 impu·
897 3729 986 3790 quibus
1001 3731 1065 3776 bona
1081 3727 1194 3776 Ponene
1210 3725 1332 3774 hostiliter
1344 3728 1419 3774 vendi

348 3793 392 3842 lu.
424 3797 583 3846 Grammatiei
600 3799 728 3844 observant
740 3794 789 3840 dici
805 3807 865 3854 quo·
897 3795 1031 3842 videantur.

348 3859 725 3922 queimpetcrnmtimpubrrem·
927 3857 1416 3922 uotammmm....oaer]con-

380 3925 413 3973 88
432 3925 565 3990 Probabile}
597 3925 669 3980 Quod
696 3921 743 3984 ipsi
768 3921 863 3968 obsides
895 3929 972 3969 areta
991 3921 1106 3982 loquendi
1125 3921 1190 3980 leges
1208 3921 1332 3982 pertulere
1349 3923 1418 3971 vide·

347 4001 396 4036 non
407 3997 527 4050 poterunt,
538 3992 598 4050 quin
609 3989 746 4050 probarent.
895 3986 1141 4046 renturlnpotertate.
1170 3981 1326 4032 'Neminem
1338 3987 1417 4034 olibu-

378 4053 412 4102 st
434 4055 508 4102 Bonis
526 4051 663 4115 1ιἐηιίιιιιίὶι]
697 4053 726 4098 ln
749 4049 862 4098 sectioni·
894 4051 951 4097 dere
967 4051 1038 4098 debet
1054 4049 1107 4096 luee
1124 4049 1239 4109 loquendi
1257 4049 1346 4106 torma,
1358 4065 1416 4114 quae

345 4118 400 4172 bun
412 4134 489 4181 quum
501 4119 662 4166 venderentur
678 4117 808 4178 bonaque
824 4128 862 4161 er·
894 4116 959 4162 aud
981 4114 1086 4176 optimo·
1108 4113 1236 4172 scriptore·
1255 4113 1347 4162 usitata
1368 4121 1416 4162 ert.

345 4187 399 4230 sent
418 4185 509 4244 publici
524 4180 598 4245 jum,
615 4189 643 4229 ut
662 4183 735 4230 hebet
753 4179 818 4229 Plut.
835 4179 861 4228 in
920 4179 952 4226 id.
964 4179 1029 4226 intre
1039 4175 1144 4226 xxw.
1156 4176 1179 4225 l.

345 4249 413 4308 l’opl.
925 4240 1070 4308 Si'Efftttc
1087 4274 1113 4292 ..
1126 4274 1133 4288 .
1146 4275 1154 4290 .
1168 4241 1291 4305 prelatos]
1325 4241 1414 4291 Emtae

377 4313 412 4360 86
426 4313 478 4360 Aut
488 4310 593 4374 mitiore]
610 4311 662 4358 Aut
673 4317 753 4358 ortem
769 4323 822 4358 otto
832 4324 860 4358 eo
893 4323 965 4358 cursu
982 4313 1152 4370 pretencetor
1168 4309 1249 4358 locum
1267 4307 1293 4354 in
1304 4322 1355 4371 quo
1366 4308 1415 4356 Cu·

343 4378 481 4430 marcuisse
497 4389 512 4423 a
529 4377 625 4424 mitiore
643 4375 771 4436 principio,
785 4389 860 4436 quam
893 4373 960 4422 mani
972 4373 1139 4422 subsederant.
