3032 4924
338 214 396 268 388
726 204 838 268 TlTl
867 209 1002 270 Ltvtt

180 389 208 434 tt.
221 389 247 436 c.
259 389 314 438 ssa
338 370 425 456 apud
441 372 583 435 timenter
598 367 722 436 sibimet
745 373 839 456 ipsos,
856 372 974 460 majore
990 372 1184 437 audientium
1200 365 1390 458 indignatio·

179 455 209 500 *-
221 455 248 502 0·
259 455 314 502 ³⁶⁶·
340 479 390 532 ne,
404 480 500 543 quom
514 481 582 534 sus,
599 457 842 542 increpuissent:
864 461 950 544 otqni
972 481 1024 524 nee
1047 479 1138 544 agros
1151 459 1315 542 occupandi
1328 479 1391 520 mo·

291 553 294 560 ’
341 547 422 620 ditm,
445 565 499 607 nec
515 543 636 628 soertore
657 545 827 608 trucidandi
843 548 959 628 plebem
981 547 1072 610 alium
1086 545 1233 609 Patribus
1253 565 1392 628 umquam

331 631 413 712 fore,
436 630 655 706 adfirmabunt,
679 633 736 695 nisi
757 632 880 696 alnum
901 655 940 696 ex
960 633 1044 714 plebe
1064 633 1219 708 consulem,
1240 633 1392 694 custodem

340 737 404 780 srtoe
414 718 566 796 libertatis,
579 717 681 800 plebes
691 728 702 756 ²
707 715 842 800 fecisset.
888 719 1045 783 Contemni
1048 717 1118 802 jam
1129 718 1259 782 tribunos
1270 717 1365 801 plebis
1372 727 1391 792 ¹,

341 805 450 888 quippe
469 825 536 884 quer
548 801 755 888 potestasjom
776 825 861 868 suam
886 806 954 886 ipso
968 807 1025 868 uim
1032 804 1166 888 frangat
1180 804 1393 867 intercedendo.

344 891 413 954 Nou
436 911 522 969 posse
536 911 622 976 atquo
635 889 709 975 jure
728 892 791 990 ogi,
807 892 858 954 ubi
875 893 1026 974 imperium
1050 911 1140 972 penes
1159 889 1235 963 illos,
1257 909 1351 971 penes
1364 909 1396 950 se

341 977 485 1040 auxilium
510 987 624 1042 tanturn
647 978 696 1040 sit.
727 997 787 1040 urse
817 980 938 1059 imperio
962 978 1185 1052 communicato,
1201 975 1395 1059 ⁴8numquam

338 1063 454 1144 plebem
468 1064 499 1127 in
511 1074 601 1146 parte
612 1064 680 1144 pori
698 1065 867 1144 reipublice
871 1061 965 1146 sore:
985 1087 1039 1127 nec
1053 1083 1127 1138 esse,
1142 1064 1222 1146 quod
1235 1061 1395 1146 quisquam

340 1150 417 1212 sotis
428 1160 519 1231 putet,
540 1152 566 1214 si
589 1150 766 1231 plebeiorum
784 1151 862 1214 ratio
884 1150 1009 1214 comitiis
1022 1149 1223 1214 munitoribus
1236 1147 1395 1211 bebeotra:

340 1236 398 1298 niti
413 1237 541 1300 alterum
550 1237 700 1300 'coeuntem
713 1237 813 1320 utique
827 1259 864 1300 ea
877 1235 1038 1316 plebefieri
1052 1257 1166 1300 necesse
1181 1235 1232 1309 sit,
1248 1235 1395 1296 neminem

330 1319 412 1404 sore.
456 1323 508 1388 Aa
520 1321 593 1408 jam
615 1323 755 1386 nwrnoria
770 1324 875 1400 exisse,
891 1345 982 1407 quum
999 1321 1131 1386 tribunos
1144 1321 1269 1384 militum
1285 1320 1395 1384 idcirco

237 1475 240 1480 ,
336 1410 552 1494 potiusquam
575 1409 712 1484 carnales,
728 1411 824 1474 creari
844 1409 1013 1492 placuisset,
1028 1419 1060 1472 ut
1085 1418 1114 1471 et
1133 1408 1256 1489 plebeiis
1276 1417 1394 1488 pateret

337 1516 471 1560 mmmus
495 1497 592 1572 bonos,
615 1495 777 1579 ⁴'quotuor
800 1511 829 1558 et
851 1496 1056 1581 quodraginta
1079 1496 1169 1558 annis
1189 1495 1336 1556 neminem
1359 1515 1395 1555 er

333 1582 420 1663 plebe
434 1583 581 1646 biberim
605 1583 727 1646 militum
751 1593 884 1645 creatum
908 1581 996 1646 esse‘l
1028 1580 1054 1620 ⁴⁸
1068 1580 1129 1656 Qut
1143 1583 1305 1656 crederent,
1322 1580 1393 1642 deo

338 1668 430 1732 betene
454 1669 486 1730 in
512 1669 580 1733 loeis
607 1689 662 1731 sua
686 1668 838 1732 voluntate
859 1669 1063 1750 impertiturosb
1076 1667 1155 1750 plebi
1170 1667 1318 1741 bonorem,
1343 1665 1393 1749 qut

337 1753 482 1818 ”octono
499 1754 563 1818 loca
577 1754 703 1818 tribunis
717 1755 839 1818 militum
853 1755 990 1818 creandis
1004 1775 1146 1835 ocnrpare
1159 1753 1242 1816 soliti
1260 1751 1346 1815 sint?
1367 1762 1393 1812 et

336 1843 380 1904 ad
393 1837 575 1904 consulatum
592 1841 670 1904 niam
681 1840 756 1919 fieri
774 1861 923 1922 passuros,
938 1841 991 1926 qui
1006 1841 1186 1904 tribunatum
1200 1849 1315 1921 septum
1333 1849 1391 1902 tam

337 1927 389 1989 diu
403 1927 584 2000 habuerint?
609 1927 697 2011 Lege
717 1927 903 1990 obtinendum
918 1949 989 2001 esse,
1007 1928 1086 2010 quod
1103 1926 1230 1990 comitiis
1249 1947 1304 2006 per
1316 1945 1390 2011 gra·

337 2013 412 2074 tiam
425 2022 571 2097 nequsot‚·
595 2022 623 2075 et
638 2015 833 2092 seponendum
848 2023 936 2077 extro
950 2023 1099 2077 certarnen
1114 2013 1238 2076 altemm
1253 2011 1390 2076 maculo·

335 2109 407 2176 tum,
424 2099 467 2162 ad
485 2119 572 2182 quem
598 2099 676 2181 plebi
699 2099 740 2162 sit
760 2101 867 2166 aditus.
890 2101 1029 2184 quoniam
1044 2101 1076 2162 in
1089 2099 1250 2162 certamine
1264 2099 1390 2172 relictus,

329 2187 487 2267 premium
510 2207 624 2268 semper
646 2186 818 2267 potentioris
830 2185 954 2267 suturas
966 2188 1017 2250 sit.
1062 2183 1126 2249 Nec
1137 2184 1208 2269 jem
1231 2206 1320 2266 posse
1333 2185 1392 2248 dici

332 2272 375 2348 id,
392 2274 471 2358 quod
486 2277 575 2336 anteo
580 2270 705 2356 jactare
713 2272 793 2336 soliti
806 2273 873 2347 sint,
887 2293 944 2335 non
958 2293 1022 2336 esse
1035 2273 1066 2334 in
1078 2271 1197 2353 plebeiis
1210 2273 1333 2334 idoneos
1347 2270 1390 2334 υἱ-

332 2379 382 2422 ros
396 2361 438 2423 ad
452 2359 564 2424 eumles
578 2359 785 2445 neugistrotus.
830 2359 990 2442 Numquid
1004 2357 1082 2420 enirn
1091 2358 1240 2422 socordius
1255 2369 1310 2420 aut
1323 2380 1390 2442 seg·
1502 2383 1503 2390 ¹

333 2444 401 2508 nius
420 2447 632 2528 rempublicam
653 2445 857 2510 administrari
876 2455 943 2527 post
967 2446 1006 2509 Ρ.
1026 2443 1133 2508 Licinii
1149 2443 1235 2508 Calvi
1258 2444 1391 2508 trionu-

334 2541 405 2611 tum,
420 2533 598 2617 quiprimus
611 2532 746 2614 explebe
760 2541 876 2595 creatus
890 2533 937 2606 sit,
953 2551 1043 2615 quam
1063 2551 1116 2612 per
1130 2551 1180 2594 eos
1194 2551 1290 2594 annos
1302 2543 1392 2617 gesto

331 2617 380 2694 sit,
397 2621 503 2702 quibus
520 2629 627 2701 praeter
643 2619 788 2702 patricios
798 2639 883 2680 nemo
897 2618 1030 2681 tribunus
1043 2615 1299 2698 militumsuerit?
1323 2618 1391 2702 quin

332 2715 437 2769 contro
459 2706 601 2788 patricios
625 2705 737 2788 aliquot
761 2707 919 2768 damnatos
941 2713 1009 2785 post
1033 2705 1228 2780 tribunatum,
1244 2706 1389 2768 manaem

328 2791 487 2872 plebeium.
535 2790 705 2866 Quaertores
719 2811 841 2875 qnoque,
857 2791 931 2854 sicut
947 2789 1077 2854 tribunos
1098 2789 1235 2868 militum,
1251 2789 1391 2872 ⁶⁰poncii
1502 2811 1503 2814 ’

332 2886 404 2939 onte
418 2878 506 2940 annis
527 2899 565 2940 ex
584 2876 670 2956 plebe
683 2886 793 2957 creptos
806 2878 920 2941 creari:
943 2897 997 2940 nec
1017 2876 1105 2941 ullius
1126 2897 1226 2940 eonem
1247 2877 1389 2959 populum

332 2963 504 3026 Romanum
518 2964 701 3044 penituisse.
736 2963 922 3027 Consulatum
934 2962 1232 3045 asperesseplebeiis:
1249 2985 1316 3026 eom
1328 2983 1390 3026 esse

331 3069 430 3112 arcem
446 3049 598 3128 libertatis,
619 3048 652 3110 id
666 3048 808 3120 columen.
832 3050 859 3112 si
874 3071 907 3113 eo
921 3058 1090 3130 paventum
1103 3049 1152 3124 sit,
1170 3059 1233 3112 tum
1247 3050 1389 3130 populum

330 3134 505 3198 Ronlanum
529 3157 596 3198 uere
618 3145 739 3199 exactas
760 3157 797 3198 er
818 3137 890 3199 urbe
910 3157 1005 3218 reges,
1022 3143 1051 3197 et
1072 3134 1210 3200 stabilem
1224 3136 1390 3200 libertatem

329 3240 416 3284 suam
436 3223 681 3285 existimaturum.
729 3221 848 3304 Quippe
871 3243 909 3285 ee
934 3223 988 3284 illo
1014 3222 1062 3284 die
1082 3223 1114 3283 in
1131 3221 1248 3303 plebem
1263 3234 1389 3287 uentura

329 3309 442 3383 oninio,
455 3309 562 3391 quibus
582 3309 699 3391 patricii
713 3309 866 3386 excellant,
881 3309 1036 3389 imperium
1052 3317 1143 3392 utque
1157 3309 1308 3383 bonorem,
1322 3310 1388 3394 glo·

327 3394 406 3457 riom
421 3395 499 3474 belli,
510 3417 613 3480 genus,
630 3395 825 3471 nobilitatem,
841 3416 953 3478 magrm
967 3395 1037 3474 ipsis
1047 3393 1201 3477 fruenda,
1216 3391 1337 3478 majora
1353 3395 1397 3456 li·'

327 3478 405 3544 beris
421 3481 623 3565 relinquendo.
669 3481 776 3565 Hujus
798 3481 921 3568 generis
943 3479 1101 3544 orationes
1114 3480 1169 3543 ubi
1185 3481 1288 3564 accipi
1302 3480 1386 3544 vide-

325 3683 344 3730 ο
358 3619 373 3650 ⁸
383 3619 446 3680 plebe
457 3621 532 3668 Gron.
545 3621 613 3666 Cret.
701 3620 713 3650 ⁸
727 3617 785 3679 plebi
796 3621 869 3668 Gron.
878 3619 951 3680 plebel
964 3619 1031 3666 Crer.
1109 3614 1123 3652 b
1140 3617 1300 3678 intpertituros
1310 3617 1383 3662 Gron.

345 3697 393 3732 rev.
696 3699 699 3704 ·

356 3797 550 3862 lb'Nunquom
559 3801 646 3862 plebem
661 3802 686 3846 tn
699 3804 768 3860 porte
780 3801 835 3859 porr·
901 3796 1049 3846 49'0etono
1065 3795 1136 3906 torol¹
1144 3797 1198 3844 Hoc
1217 3799 1293 3843 semet
1310 3794 1386 3843 conti·

323 3863 526 3930 relmtbltroepbrc]
544 3866 676 3926 Nunquam
688 3865 782 3924 piebem
794 3875 835 3922 pu-
867 3864 930 3924 gisse
950 3863 1094 3908 memoravit
1137 3861 1201 3908 isius
1219 3873 1294 3920 supra
1314 3861 1344 3906 V.
1363 3859 1384 3904 l.

323 3929 343 3973 ri
355 3941 411 3974 cum
424 3929 537 3977 Patribus
541 3927 597 3992 jure
607 3931 633 3976 in
644 3929 767 3990 republica
777 3928 835 3974 trui-
866 3929 939 3989 idque
956 3939 1042 3988 perum
1058 3923 1221 3986 probabiliter,
1235 3932 1263 3971 ut
1273 3927 1385 3972 obesum

323 3999 413 4040 turam.
866 4006 923 4038 mue
932 3992 958 4037 in
970 3993 1065 4037 notasti
1077 3991 1147 4036 illum
1159 3991 1249 4036 locum.

355 4057 385 4102 47
407 4055 511 4112 Quotuor
534 4063 556 4105 et
576 4058 731 4120 quodraginta
752 4055 832 4120 annu]
898 4057 930 4103 50
948 4055 1035 4102 Pande
1053 4059 1106 4101 ante
1127 4055 1207 4118 annu]
1234 4053 1305 4099 'l'otis
1322 4065 1381 4112 qus·

321 4120 360 4166 Ab
369 4133 433 4166 anno
443 4123 501 4170 Sil.
510 4125 540 4170 od
551 4123 606 4171 355.
865 4122 983 4181 dngintu.
995 4121 1060 4173 (vide
1069 4120 1087 4167 1.
1098 4118 1141 4165 tv.
1153 4131 1174 4165 c.
1187 4115 1237 4178 tt)
1250 4118 1305 4164 Nisi
1318 4117 1381 4163 scite

353 4183 385 4230 le
404 4183 450 4239 Qut
466 4187 582 4234 crederent
596 4187 708 4234 duobusne
725 4189 750 4232 tn
765 4185 831 4248 loeis]
864 4185 1048 4245 intelligendum
1068 4189 1114 4244 eet,
1133 4184 1216 4244 paucis
1234 4189 1293 4229 ante
1308 4181 1379 4228 annis

320 4247 457 4294 Gronovius
467 4253 583 4312 expungit
595 4255 638 4298 hes
648 4265 718 4298 voces
729 4253 769 4312 qui
784 4264 832 4296 rre-
864 4263 938 4310 quum
949 4243 1040 4296 tribtlni
1051 4249 1189 4316 qineulares
1208 4261 1239 4294 ex
1255 4247 1324 4308 plebe
1337 4245 1379 4291 be·

319 4311 405 4360 tierent.
422 4311 483 4360 Tan.
497 4315 574 4362 Faber
592 4317 664 4377 legit:
686 4315 766 4371 Quid!
784 4327 831 4360 ore-
863 4320 924 4360 rent.

319 4375 673 4428 termtmtuotustntote...
