3056 4928
349 203 406 266 uo
649 172 652 180 ’
738 205 1012 267 r1r1s1v11

189 383 324 436 u.c.422.
348 370 534 442 dictatorem
558 367 622 432 dici
651 368 795 452 placeret.
825 369 955 434 Dictus
979 368 1029 437 M.
1048 368 1192 455 Papirius
1215 367 1360 448 Crassus,
1380 381 1413 435 et

189 447 323 536 ΜΨ·
350 455 498 542 magister
519 455 658 541 equitum
677 455 714 532 P,
734 453 877 518 Valerius
898 455 1073 522 Publicola.
1093 455 1241 540 aquibus
1256 455 1282 494 ¹⁰
1290 453 1413 542 quum*

107 609 110 616 Δ
188 515 341 625 2¹5„¹;{,¹¹‡f¹¹¹⁸
350 543 489 611 delectus
512 541 671 617 intentius,
687 562 781 626 quam
803 539 949 608 adversus
973 543 1108 611 finitima
1122 542 1215 617 bella,
1231 541 1411 618 haberetur,

350 626 565 713 exploratores
593 627 677 695 missi
708 625 900 704 adtulerunt,
924 629 1034 712 quieta
1058 629 1165 696 omnia
1190 630 1275 712 apud
1303 627 1415 692 Gallos

350 735 426 778 esse.
472 713 636 778 Samnium
651 713 861 800 quoqucjam
885 712 1020 783 alterum
1040 735 1156 778 atinum
1179 713 1302 790 turbari
1324 714 1415 778 noris

350 799 488 867 consiliis
515 816 696 882 suspectum
726 813 803 864 erat.
837 821 875 862 co
903 823 944 864 ex
973 823 1050 886 agro
1080 801 1223 866 Sidicino
1252 801 1414 866 exercitus

354 884 518 953 Romanus
547 908 611 948 non
643 899 690 951 est
717 885 881 951 deductus.
928 885 1074 952 Ceterum
1107 888 1266 952 Samnites
1295 884 1413 952 bellum

190 982 326 1056 alexander
353 973 527 1048 Alexandri
543 972 708 1056 Epirensis
723 975 755 1034 iu
772 972 918 1038 Lucanos
940 974 1054 1038 traxit:
1078 974 1130 1060 qui
1146 973 1211 1044 duo
1231 973 1343 1058 populi
1358 971 1414 1039 ad·

191 1045 321 1106 spumas
351 1081 457 1124 versus
488 1081 604 1147 regem,
635 1059 659 1096 ¹¹
671 1059 906 1125 exscensionem
932 1083 950 1122 a
981 1059 1088 1124 Paesto
1112 1059 1288 1134 facientem,
1316 1059 1416 1145 siguis

351 1145 490 1218 conlatis
502 1158 732 1232 pugnauerunt.
755 1167 794 1208 eo
809 1145 981 1211 certamine
1000 1147 1140 1230 superior
1157 1145 1353 1222 Alexander,
1368 1146 1417 1208 in·

350 1246 469 1296 certum
486 1255 548 1318 qua
565 1231 627 1296 lide
641 1230 794 1309 culturus,
807 1231 831 1294 si
847 1232 979 1314 perinde
994 1246 1098 1298 cetera
1111 1233 1347 1319 prooessissent,
1360 1251 1416 1316 pa·

351 1341 417 1384 cem
434 1342 505 1384 cum
525 1317 678 1385 Romarris
693 1317 774 1382 fecit.
803 1316 923 1383 Eodem
940 1341 1025 1382 anno
1039 1341 1149 1383 census
1163 1333 1262 1396 actus,
1278 1319 1418 1404 nouique

189 1415 267 1462 uara
278 1413 321 1460 trt-
350 1405 433 1470 cives
447 1405 547 1470 censi:
572 1404 706 1468 ¹²tribus
725 1417 855 1488 propter
869 1427 922 1467 eos
937 1404 1053 1470 additae
1068 1404 1092 1444 ¹³
1104 1405 1222 1471 Maecia
1235 1418 1267 1469 et
1282 1404 1308 1442 ¹⁴
1318 1406 1418 1489 Scup-

189 1478 410 1558 suautaeaatia:
432 1511 576 1556 censores
591 1490 781 1554 addiderunt
796 1488 840 1565 Q.
855 1489 1010 1556 Publilius
1028 1491 1133 1572 Philo,
1150 1493 1206 1573 Sp.
1221 1491 1416 1556 Postumius.

188 1543 325 1606 mm
354 1579 490 1646 Romani
517 1575 590 1644 facti
615 1577 780 1652 Acerrani,
802 1575 873 1663 lege
897 1576 938 1641 ab
965 1577 1005 1642 L.
1023 1577 1153 1661 Papirio
1177 1589 1318 1662 praetore
1342 1577 1416 1654 lata,

352 1687 415 1750 qua
429 1665 537 1728 civitas
552 1665 619 1728 sine
636 1663 785 1749 suffragio
801 1663 885 1727 data.
924 1661 1009 1728 Haec
1023 1687 1062 1728 eo
1077 1685 1161 1730 annu
1174 1663 1261 1728 domi
1277 1664 1419 1728 militiae·

374 1773 414 1816 ue
449 1766 523 1818 esta.

191 1839 326 1888 lic-4²³
352 1774 372 1836 q
397 1775 530 1903 Xngll.
564 1833 682 1898 Foedus
703 1835 870 1920 insequens
893 1857 995 1900 uanus
1029 1857 1085 1901 scu
1112 1836 1298 1921 intemperie
1328 1836 1414 1914 cmli,

189 1904 334 2014 fflffi,
352 1945 406 1986 seu
433 1922 572 1986 humana
597 1921 706 1986 fraude
732 1921 800 1998 luit,
818 1921 868 1988 M.
886 1920 1021 1987 Claudio
1044 1924 1210 1996 Marcella,
1234 1923 1274 1988 C.
1291 1923 1418 1988 Valerio

190 2033 217 2080 c.
228 1999 342 2080 vuato’
353 2008 544 2074 consulibus.
588 2006 734 2072 Flaccum
752 2007 956 2092 Potitumque
971 2009 1055 2074 varie
1069 2012 1101 2073 in
1117 2009 1283 2073 annalibus
1298 2031 1420 2096 cogno·

190 2097 256 2144 ⁶⁰⁸³·
354 2117 425 2160 men
441 2093 578 2162 consulis
594 2093 736 2160 invenio:
752 2109 902 2171 ceterum,
918 2093 952 2158 in
966 2118 1014 2172 eo,
1031 2095 1120 2180 parvi
1136 2095 1239 2173 refert,
1255 2096 1338 2182 quid
1353 2099 1420 2160 reri

352 2181 403 2247 sit.
426 2181 504 2245 illud
528 2179 688 2267 pervelim,
708 2185 779 2264 (nec
794 2201 903 2246 omnes
920 2195 1064 2248 auctores
1078 2185 1164 2264 suut)
1181 2184 1347 2268 proditum
1362 2182 1420 2252 lul·

351 2285 387 2332 so
408 2291 485 2344 esse,
504 2267 630 2332 venenis
654 2268 825 2346 absumtos,
870 2289 982 2332 uorum
1008 2289 1094 2332 mors
1119 2268 1268 2334 infamem
1296 2291 1420 2334 aunum

351 2353 529 2440 pestilentia
550 2352 666 2418 fecerit.
689 2355 769 2421 sicut
794 2375 832 2438 pr
878 2353 941 2418 itur
962 2366 1067 2420 tamen
1094 2377 1154 2431 rcs,
1172 2377 1213 2422 ne
1233 2357 1286 2422 cui
1309 2371 1421 2420 aucto-

350 2463 421 2506 rum
447 2440 542 2520 fidem
567 2440 798 2526 abrogaverlm‚
812 2439 1004 2525 exponenda
1026 2453 1083 2508 eat.
1129 2441 1239 2517 Qum
1261 2443 1422 2526 primores

350 2527 485 2592 civitatis
500 2525 524 2568 ¹⁵
534 2527 689 2592 similibus
703 2526 832 2603 morbis,
847 2526 1022 2610 eodemque
1042 2527 1140 2595 ferme
1165 2549 1277 2594 omues
1291 2540 1422 2607 eventu,

246 2615 253 2632 '
282 2617 286 2632 '
351 2627 569 2690 marescalum
592 2613 706 2686 ancilla
735 2611 882 2700 quasdam
908 2616 947 2678 ad
974 2613 999 2652 ¹⁶
1009 2613 1051 2690 Q.
1069 2614 1204 2682 Fabium
1233 2614 1423 2681 Maximum

351 2700 476 2765 aedilem
503 2699 656 2779 curulem,
684 2699 895 2765 indicaturam
921 2721 955 2764 se
980 2720 1119 2766 caussam
1145 2700 1283 2786 publicas
1310 2704 1420 2787 pestis,

350 2785 493 2872 professa
514 2801 572 2864 est,
594 2785 620 2850 si
643 2784 684 2850 ab
707 2809 746 2850 eo
768 2784 846 2850 lides
868 2784 928 2850 sibi
952 2785 1032 2851 data
1051 2799 1140 2864 esset,
1158 2786 1251 2854 'haud
1273 2787 1421 2856 futurum

352 2895 444 2939 noxae
458 2871 621 2938 indicium.
668 2871 786 2948 Fabius
801 2870 964 2938 confestim
980 2894 1048 2938 rem
1070 2873 1108 2940 atl
1128 2875 1286 2952 consules,
1304 2897 1423 2940 consu-

350 2957 395 3024 les
418 2959 458 3026 ad
481 2972 623 3027 senatum
647 2957 804 3022 referunt:
827 2979 982 3025 consensu
1008 2983 1046 3024 ue
1068 2960 1189 3034 ordinis
1214 2960 1296 3026 lides
1323 2961 1424 3031 indici

351 3044 436 3113 data.
482 3043 567 3111 Tum
593 3043 796 3130 patefactum,
813 3044 961 3110 muliebri
983 2982 1094 3111 bande
1118 3045 1277 3113 civitatem
1303 3050 1421 3134 premi,

351 3145 576 3232 manuumque
596 3153 634 3206 ea
654 3149 776 3196 venena
797 3152 949 3232 cpquere3
972 3144 1016 3212 et,
1030 3133 1056 3201 si
1078 3134 1166 3218 sequi
1188 3133 1357 3219 extemplo
1369 3153 1424 3200 re·

351 3217 421 3296 lint,
445 3217 612 3302 manifesto
638 3216 831 3302 deprehendi
855 3240 956 3303 posse.
1002 3219 1110 3286 securi
1136 3220 1287 3300 indicem,
1311 3236 1345 3288 et
1366 3244 1423 3287 co·

352 3319 484 3391 quantes
509 3303 659 3390 quasdam
689 3304 929 3385 medicamenta,
950 3315 982 3370 et
1005 3303 1166 3372 recondita
1191 3305 1265 3385 alia,
1290 3308 1422 3374 iuvene·

803 3453 883 3507 tuum
895 3429 968 3508 Gran.

353 3615 474 3660 tumultus
499 3615 585 3674 lugeas
612 3613 742 3676 magnique
769 3613 868 3674 periculi
900 3627 956 3659 rem
972 3619 996 3659 et
1012 3613 1099 3676 viginti
1115 3612 1192 3659 tribus
1209 3609 1288 3656 factu.
1306 3607 1366 3656 tmt
1382 3623 1424 3657 su·

352 3679 527 3728 minaexortoe
538 3685 625 3726 cuent
901 3691 945 3738 pra
954 3678 1013 3726 Vll.
1027 3677 1064 3726 lu.

385 3743 416 3798 10
434 3741 512 3798 Quraem
545 3742 654 3805 dueum]
688 3741 771 3802 Vulgo
805 3743 867 3790 dam.
934 3742 965 3793 13
981 3741 1082 3804 Meda]
1100 3743 1119 3788 Α
1138 3740 1223 3790 castro
1242 3739 1345 3796 Maesio,
1356 3739 1422 3799 quud

352 3807 399 3854 Sed
411 3814 469 3853 vett.
481 3807 540 3853 editi
549 3815 574 3854 ct
585 3807 667 3868 scripti
679 3821 752 3867 quam
769 3808 868 3868 plurimi
902 3821 950 3852 nun
962 3808 1045 3868 procul
1057 3821 1072 3854 a
1083 3805 1194 3852 Lanuvio
1204 3803 1259 3851 turc

350 3871 537 3918 exhibentcum.
935 3869 967 3917 lt
982 3870 1089 3933 Smptla]
1111 3869 1135 3916 A
1157 3868 1254 3928 Scaptia
1275 3869 1348 3925 urbe,
1366 3879 1422 3929 que

384 3936 413 3982 ll
431 3936 608 3982 Erscema'oaem
622 3951 637 3982 a
652 3934 742 4000 Porto]
761 3935 867 3983 Earcen·
902 3935 998 3982 videtur
1007 3936 1083 3982 tuisse
1093 3935 1158 3982 baud
1170 3930 1255 3994 procul
1266 3932 1343 3980 Pedo.

351 4000 443 4046 aionem
460 3999 485 4044 iu
503 3999 635 4046 Lucaniam
651 3999 683 4046 ab
697 4015 726 4046 ea
743 4009 809 4060 parte
826 4000 868 4047 ubl
936 3999 1118 4047 ld'Slmilibus
1134 3998 1228 4055 mortu,
1238 3997 1360 4057 eodum
1368 3996 1423 4059 ser·

352 4057 460 4110 Paestum
472 4071 516 4110 eat.
546 4065 585 4112 Sic
597 4065 705 4118 etlnlra,
717 4061 870 4113 xxxij&
901 4077 1025 4112 memes
1042 4061 1136 4126 wenni]
1155 4063 1253 4110 Similes
1271 4068 1344 4108 eram
1358 4073 1424 4108 mor·

350 4127 486 4187 Atmpyu
502 4131 610 4176 amantes
627 4130 870 4187 {desuescentem
902 4129 936 4182 bl,
956 4136 980 4174 st
999 4129 1065 4176 idem
1084 4129 1227 4188 plerumque
1244 4137 1333 4176 eorum
1351 4137 1423 4172 cren·

349 4193 445 4244 urbem,
460 4192 569 4239 Athenas
588 4207 684 4253 nempe,
700 4196 731 4240 ab
748 4207 776 4240 sa
793 4200 870 4254 parte,
903 4199 952 4251 tus,
963 4206 1052 4253 nempe
1062 4205 1136 4238 mon.

349 4267 398 4314 qua
413 4263 483 4313 porta
493 4257 534 4304 ills
545 4266 591 4314 est,
602 4273 666 4322 quae·
673 4257 808 4318 appellatur
825 4257 869 4304 Dl-
936 4257 966 4305 16
984 4257 1014 4312 Q.
1024 4257 1125 4304 Fallat·
1134 4250 1287 4316 Mamm]
1298 4253 1348 4308 Qut
1358 4259 1422 4315 post·

349 4320 432 4380 pylou.
901 4335 930 4367 ea
947 4321 1073 4370 unimus
1088 4321 1224 4382 appeltam·
1239 4327 1286 4368 cat.
1303 4319 1359 4367 Vid·
1375 4317 1420 4366 11.

382 4383 414 4432 12
431 4385 531 4432 Tribus.
544 4417 551 4432 .
564 4417 571 4432 .
583 4385 679 4451 addita]
696 4387 815 4448 'l'uucque
827 4399 869 4434 uo-
901 4385 941 4433 l&
