3034 4916
433 167 527 226 Lrtt
550 167 604 226 III.
632 166 737 226 CAP.
758 163 903 226 XXVIII.
991 226 994 230 ,
1130 169 1187 232 529

95 333 100 346 “
127 350 186 394 nec
201 329 379 394 universam
395 327 437 394 ab
456 353 493 394 ea
513 343 603 416 parte
617 331 730 396 avertit
744 329 853 394 aciem.
897 326 936 393 Iu
951 335 990 390 eb
1004 345 1104 392 comu
1120 345 1184 389 non
1196 342 1225 390 u.
1235 341 1263 389 c.
1275 342 1331 390 stc

130 415 283 480 Poetelius
294 415 388 492 solus,
405 415 461 482 sed
478 415 636 502 Sulpicius
654 418 762 494 etiam,
773 412 1082 491 bor-tatoradfuerat,
1096 410 1226 480 asscel·
1236 408 1264 456 ⁰·
1275 407 1332 456 ³¹²¹

123 517 178 566 tua
191 501 234 566 ab
249 501 471 570 sciscendum
485 505 726 569 conserentibus
747 523 859 568 manus
883 501 922 566 ad
941 499 1122 577 clamorem,
1145 499 1186 565 ab

126 588 254 666 sinistra
269 603 358 673 parte
376 590 464 674 prius
478 603 633 654 exortum.
656 591 751 670 unde,
767 588 850 654 Itaud
874 587 1004 652 dubiam
1019 585 1184 652 victorium

126 695 272 755 cernens,
288 695 386 760 quum
401 675 443 740 ud
464 697 556 740 suum
573 697 672 741 cornu
687 675 828 740 tenderet
847 695 920 738 cum
943 672 1029 738 mille
1042 672 1186 740 ducentia

125 761 213 837 viris,
229 759 412 838 dissimilem
436 762 478 826 ibi
501 761 659 826 fortunam
677 761 813 826 invenit:
838 761 1002 825 Romam
1023 759 1093 824 loco
1115 759 1186 845 pul-

125 870 190 928 soe,
210 847 361 912 vlotorem
377 847 499 912 bostem
514 849 605 936 signa
623 849 653 912 in
672 847 831 933 perculsos
850 845 1047 912 inferentem.
1092 845 1184 912 Ceto·
1229 847 1234 866 “

123 955 202 1011 ,ιιιω
211 935 320 1000 emnia
333 934 466 1000 mumvit
479 946 609 1019 repente
622 934 759 999 consulis
775 933 938 998 adventus.
961 954 1035 998 nam
1057 946 1089 999 et
1109 955 1185 998 con-

124 1033 237 1106 spectu
251 1018 342 1086 ducis
356 1020 489 1086 relectus
503 1020 639 1085 militum
663 1033 709 1086 est
734 1021 873 1084 mimus:
896 1031 938 1095 et,
962 1020 1064 1106 majus
1088 1043 1183 1106 quam

125 1129 188 1192 pro
212 1128 346 1172 numero
369 1105 533 1183 auxilium,
548 1106 796 1171 ¹⁰advenerantl
821 1105 919 1171 fortes
934 1106 1010 1169 viri:
1033 1120 1065 1170 et
1086 1108 1185 1193 partis

126 1193 257 1258 alterius
271 1193 402 1258 victoria
424 1192 541 1272 audite,
557 1215 632 1258 mox
654 1195 718 1258 visa
739 1193 844 1269 etiam,
864 1191 1014 1278 proelium
1037 1194 1183 1258 restituit.

127 1279 215 1344 Tota
238 1279 353 1344 deinde
372 1281 440 1365 jnrn
463 1279 585 1344 sincere
609 1278 675 1344 acie
700 1280 871 1356 Romanus,
888 1291 929 1353 et,
946 1279 1062 1343 omisso
1085 1296 1304 1350 certa-vincunt

128 1365 225 1443 mine,
251 1365 332 1430 caedi
357 1366 489 1452 capique
511 1366 668 1430 Samnites
677 1389 687 1446 3
711 1365 769 1428 nisi
798 1365 852 1450 qui
879 1363 1109 1442 Maleventum,
1132 1366 1308 1430 cujttomsnt.

125 1473 214 1517 nunc
241 1451 311 1516 urbi
335 1451 549 1516 Beneventum
572 1472 688 1517 nomen
712 1466 770 1530 est,
788 1450 1006 1537 perlegerunt.
1050 1454 1102 1518 Ad
1128 1453 1184 1517 tri·

125 1540 218 1625 ginta
240 1537 339 1603 millia
361 1560 443 1604 caesa
464 1549 518 1604 aut
541 1551 635 1625 capta
662 1537 861 1615 Samnitium,
879 1537 1041 1623 proditum
1065 1560 1184 1604 memo-

119 1625 184 1692 rire
197 1637 255 1692 est.
571 1631 574 1660 ²

170 1711 336 1778 XXVIII.
361 1712 526 1790 Consules,
541 1714 668 1800 egregia
684 1714 814 1778 victoria
827 1727 928 1800 partu,
942 1716 1088 1800 protinus
1112 1715 1186 1780 inde

126 1797 168 1862 ad
194 1797 372 1864 Bovianum
399 1799 650 1887 obpugnandum
680 1799 818 1887 legiones
843 1800 980 1867 ducunt:
1004 1802 1111 1902 ibique
1135 1803 1186 1866 hi·

125 1883 229 1950 berna
247 1899 391 1972 egerunt,
407 1885 509 1950 donec
524 1885 565 1952 ab
585 1887 674 1950 noris
696 1885 876 1952 consulibus
900 1887 940 1953 L.
957 1886 1087 1974 Papirio
1102 1888 1186 1954 Cur·
1197 1901 1264 1948 tto.
1275 1900 1331 1948 stt.

126 1993 198 2038 sore
212 1972 370 2058 quintum,
388 1971 426 2037 C.
442 1970 463 2036 J
466 1973 540 2036 unio
555 1971 700 2038 Bubulco
714 1973 839 2048 iterum,
856 1973 1036 2039 nomInatus
1050 1967 1225 2076 dictatorf⁴
1238 1967 1264 2013 ⁰·
1276 1965 1331 2054 ³.¹„¹·

128 2057 169 2122 C.
192 2056 343 2122 Poetelius
364 2079 437 2123 cum
460 2059 509 2122 M.
537 2057 644 2123 Foslio
668 2059 821 2146 magistro
844 2061 985 2146 equitum
1011 2061 1185 2126 exercitum
1196 2032 1350 2142 {dalilis

125 2144 260 2230 accepit.
306 2144 349 2222 Is,
361 2165 458 2230 quum
473 2143 613 2209 audisset
627 2165 731 2208 arcem
747 2144 966 2232 Fregellanam
980 2145 1022 2212 ab
1038 2148 1187 2212 Samniti·
1197 2160 1231 2206 tr.
1245 2162 1313 2207 coss.

127 2229 189 2295 bus
213 2247 347 2317 captam,
372 2231 487 2295 omisso
507 2229 652 2294 Boviano
673 2230 714 2295 ad
739 2230 898 2331 Fregellas
918 2232 1033 2333 pergit.
1056 2234 1078 2273 ¹¹
1091 2226 1308 2336 undqgoeffi'

126 2329 286 2382 nocturna
302 2317 491 2384 Samnitium
507 2315 582 2403 fuga
596 2318 664 2381 sine
678 2330 849 2382 certamine
872 2333 1006 2403 receptis
1028 2320 1188 2406 Fregellis,
1214 2303 1236 2336 ¹⁰
1302 2321 1309 2336 ’

126 2403 342 2492 praesidioque
355 2401 460 2468 calido
470 2404 619 2490 inposito,
634 2403 667 2468 in
682 2402 891 2488 Campaniam
904 2404 1040 2470 reditum
1052 2406 1189 2472 maxime

93 2489 99 2500 '
127 2489 171 2554 ad
199 2489 313 2556 Nolam
337 2489 432 2554 armis
454 2488 669 2575 repetendam.
691 2511 731 2555 eo
754 2511 787 2554 se
808 2489 891 2554 intra
912 2491 1040 2567 moenia,
1056 2494 1115 2556 sub
1129 2493 1187 2556 sd-

126 2589 257 2641 ventum
274 2576 445 2654 dictatoris,
461 2591 493 2640 et
516 2575 704 2642 Samnitium
721 2576 824 2640 omnis
839 2576 1010 2641 multitudo
1024 2593 1056 2642 et
1073 2578 1188 2642 Nolani

127 2677 268 2750 agrestes
293 2661 504 2728 contulerant.
548 2662 706 2741 Dictator,
738 2661 824 2728 urbis
856 2663 918 2726 situ
949 2664 1188 2750 circumspecto,

128 2770 195 2834 quo
209 2751 349 2834 apertior
363 2747 467 2812 editus
481 2748 521 2813 sd
538 2749 656 2814 rutenia
669 2762 762 2828 esset,
776 2748 884 2814 omnia
906 2747 1041 2814 aedilicia
1065 2761 1108 2833 (et
1129 2750 1190 2814 fre

129 2847 264 2921 quanter
279 2835 322 2900 ibi
337 2833 550 2915 habitabatur)
565 2836 767 2922 circumjecta
781 2835 880 2900 muris
902 2836 1053 2902 incendit.
1074 2859 1132 2902 nec
1148 2837 1191 2902 ita

129 2921 235 2988 multo
250 2937 329 3006 pest,
345 2921 409 2984 sive
429 2945 450 2985 a
474 2920 611 2986 Poetelio
626 2921 790 3000 dictatore,
805 2923 869 2986 sive
884 2921 924 2986 ab
942 2922 982 2988 C.
1002 2923 1101 2989 Junio
1114 2933 1190 2990 con·

128 3005 208 3084 sule,
225 3015 312 3088 (narn
330 3019 500 3094 utrumque
521 3007 673 3086 traditur)
695 3007 779 3072 Nola
791 3023 838 3074 est
853 3021 956 3094 capta.
1002 3008 1068 3086 Qui
1088 3025 1191 3096 cuptae

129 3091 229 3158 decus
250 3092 343 3160 Nolae
365 3093 406 3158 ad
426 3092 586 3157 consulem
603 3092 742 3170 trahunt,
759 3093 920 3180 adjiciunt,
937 3095 1068 3160 Atinam
1084 3113 1116 3162 et
1129 3097 1191 3164 Ca·

128 3178 239 3244 latiam
261 3179 303 3244 ab
322 3179 433 3244 eodem
449 3193 575 3262 captas3
601 3179 768 3244 Poetelium
784 3195 900 3256 autem,
916 3183 1094 3268 pestilentia
1108 3198 1190 3260 orta,
1275 3215 1279 3222 ·

128 3264 212 3332 clari
232 3265 349 3354 ligendi
371 3287 479 3331 mussa
498 3263 684 3328 dictatorem
700 3263 830 3330 dictum.
876 3267 991 3332 Suessa
1012 3281 1042 3334 et
1067 3269 1192 3336 Pontioe

129 3351 243 3418 eodem
264 3373 349 3416 anno
372 3350 505 3416 coloniae
531 3348 677 3415 deducta
702 3363 786 3414 sunt.
831 3351 944 3417 Suessa
963 3355 1190 3422 Auruncorum

128 3443 251 3504 luerat:
277 3437 383 3502 Volsci
410 3436 550 3514 Pontias,
577 3435 713 3500 insulam
730 3435 830 3500 sitam
857 3439 888 3500 in
906 3454 1077 3523 conspectu
1093 3442 1193 3508 litoris

129 3524 191 3602 sui,
208 3523 413 3590 incoluerant.
437 3535 478 3600 et,
496 3523 680 3586 Interamna
693 3535 724 3586 et
740 3522 890 3588 Casinum
911 3536 945 3588 ut
960 3523 1194 3594 deducerentur

129 3608 276 3687 coloniae,
293 3606 600 3675 senatusconsultum
617 3606 732 3672 factum
749 3622 806 3672 est.
829 3610 881 3672 sed
902 3608 1084 3678 triumviros
1106 3635 1192 3680 crea-

127 3718 213 3770 vere,
227 3717 264 3761 ac
276 3695 390 3761 misere
400 3694 585 3760 colonorum
602 3707 740 3780 quatuor
753 3693 853 3758 millia
868 3695 1066 3780 insequentes
1078 3719 1194 3765 consu·
1203 3708 1232 3755 U·
1242 3711 1269 3757 c.
1281 3707 1340 3758 442.

128 3781 175 3849 les
190 3781 243 3849 M.
255 3781 412 3860 Valerius,
431 3780 467 3846 Ρ.
482 3779 610 3846 Decius.
1201 3775 1270 3884 ¹¹2⁰·
1281 3773 1357 3899 ³¹92

502 3929 516 3970 ¹¹
533 3934 655 3984 edmero!
666 3937 741 3986 Gron.
753 3936 824 3986 (ἔην.

161 4069 194 4118 10
209 4067 352 4126 Armet,
365 4070 514 4134 sorteruirr']
531 4071 647 4131 Optimo·
680 4071 739 4116 lium
765 4075 879 4116 mmet.
914 4069 953 4117 Sic
980 4071 1046 4117 enlm
1074 4071 1116 4118 ttto
1143 4074 1195 4120 Ioco

126 4136 205 4184 codex
226 4147 243 4180 a
262 4135 386 4182 Grcncsio
403 4135 531 4196 allegatus,
551 4133 646 4182 dumc-
680 4135 809 4194 legendum
832 4147 884 4181 esse
906 4135 1056 4193 monuimus,
1077 4143 1102 4183 et
1123 4139 1195 4185 eden·

125 4203 199 4246 rest.-
215 4211 280 4246 unus
291 4213 304 4246 s
316 4198 414 4254 natm,
426 4204 543 4248 murt.
567 4199 648 4248 Altar-
680 4201 740 4246 dum
751 4199 898 4246 curarisnus.

126 4271 213 4310 turum
233 4263 415 4326 admittendum
434 4263 537 4311 ridetur.
570 4262 649 4324 Supra
715 4263 744 4312 11
765 4263 832 4310 Unde
853 4265 977 4328 noetursc]
1004 4265 1059 4320 Quo
1086 4281 1116 4314 ex
1144 4269 1196 4316 leco

127 4327 177 4375 111.
189 4325 214 4372 3.
226 4327 281 4386 qula
291 4341 368 4376 unam
384 4326 502 4374 utillum
518 4332 570 4388 post
586 4341 649 4386 pru·
681 4341 759 4388 quum
771 4335 843 4376 noctu
857 4329 978 4376 Samnites
988 4331 1116 4390 sagittent.
1138 4325 1141 4334 '

170 4409 246 4454 vot.
263 4411 285 4452 1.
726 4409 752 4454 Μ
769 4413 802 4456 m
