3032 4924
421 208 515 268 LIB.
536 208 589 266 v1.
601 231 604 238 ·
616 207 719 268 CAP.
741 205 902 270 XXXVII.
1129 215 1188 276 887

128 369 245 438 Ps'trea
256 369 362 446 inodo,
378 369 431 436 sed
453 370 698 461 etiam'plebem,
713 371 822 437 movit.
869 370 1114 442 Remittentibus
1129 374 1223 443 tri-u
1235 395 1331 446 cnse.

126 457 222 522 bunis
237 457 347 542 plebis,
363 458 491 524 comitia
505 480 562 542 per
576 458 764 543 interregem
784 470 858 524 sunt
878 458 1002 534 hubite3
1026 458 1223 546 creatiquess
1235 459 1330 510 0³⁶²·

109 545 251 614 uiuunt
263 541 400 610 militum
421 544 461 610 L.
476 545 600 622 Furius,
620 546 658 610 A.
676 545 829 622 Manlius,
846 546 913 612 ser.
929 545 1096 632 Sulpicius,
1115 547 1182 612 Ser.
1191 525 1302 640 ffl‘rlf'
1310 527 1344 575 ¹¹·

130 629 309 709 Cornelius,
327 629 364 696 Ρ.
382 645 414 697 et
436 632 473 696 C.
490 631 618 708 Valerii,
636 632 876 718 haudquaquam
898 644 964 697 tum
984 631 1183 698 obedientem
1191 657 1245 705 nn.

127 717 159 782 in
186 717 321 794 delectu,
337 739 433 804 quam
454 717 486 780 in
508 718 651 793 comitiis,
673 717 796 802 plebem
823 718 980 784 habuere:
1002 721 1184 806 ingentique

126 805 331 870 contentione
343 804 483 870 exercitu
502 805 619 890 scripto
633 803 775 890 profecti,
789 827 855 870 non
878 805 919 870 ub
934 805 1075 892 Tusculo
1089 808 1184 872 modo

126 889 313 956 submovere
334 889 467 968 hostem,
483 891 538 956 sed
556 890 641 956 intra
662 905 782 956 suamet
803 893 906 978 ipsum
920 893 1037 958 moenia
1051 915 1183 978 compu-

124 973 199 1042 lere.
222 976 512 1064 obsidebanturque
525 976 611 1042 haud
626 977 734 1062 paullo
747 979 778 1042 ai
798 979 916 1064 majore
932 979 1071 1060 Velitras,
1087 1002 1181 1067 quarn
1191 997 1289 1046 Venus
1302 1001 1344 1048 ob·

126 1062 303 1128 Tusculum
326 1063 486 1128 obsessum
504 1061 622 1128 fuerat:
646 1087 704 1130 nec
719 1078 822 1128 tamen
836 1066 876 1129 nb
889 1065 945 1143 eis,
961 1065 1109 1154 aquibus
1124 1067 1268 1132 obm-

126 1149 220 1214 sideri
246 1165 364 1236 coeptae
386 1163 484 1229 erant,
499 1153 673 1236 expugnari
689 1165 829 1236 potuere.
874 1153 961 1216 Ante
984 1155 1059 1218 nori
1085 1155 1181 1218 crecti

125 1250 199 1304 suut
212 1237 335 1302 tribuni
350 1237 504 1302 militum:
529 1239 571 1314 Q.
589 1237 749 1318 Servilius,
767 1237 805 1302 C.
818 1237 967 1306 Veturius
975 1254 996 1314 ⁰,
1018 1241 1059 1304 A.
1079 1254 1111 1304 et
1131 1239 1182 1304 M.
1192 1252 1220 1298 υ.
1232 1251 1259 1301 c.
1269 1253 1324 1302 ssa

127 1323 280 1404 Cornelii,
297 1323 340 1400 Q.
357 1323 537 1404 Quinctius,
554 1323 602 1388 M.
617 1323 746 1388 Fabius.
761 1322 841 1388 nihil
859 1347 903 1390 ne
924 1325 965 1388 ab
987 1324 1036 1390 his
1052 1325 1179 1411 quidem
1189 1317 1219 1438 ὲ
1230 1316 1332 1432 {iffi

125 1410 261 1474 tribunis
283 1411 322 1475 sd
339 1410 475 1474 Velitras
496 1409 698 1476 memorabile
712 1408 839 1475 fuctum.
884 1411 922 1475 In
940 1411 1057 1496 majore
1071 1411 1238 1496 diecti-111,
1247 1449 1292 1498 ἀς,
1299 1449 1340 1496 rst,

125 1497 210 1560 mine
221 1497 306 1560 domi
322 1519 370 1560 res
381 1499 601 1562 vertebantur:
624 1492 698 1561 urim
715 1510 830 1580 praeter
844 1498 988 1562 Sextium
1006 1497 1245 1564 Licinium-nu.

146 1605 186 1646 ue
211 1582 328 1647 latores
354 1585 471 1669 legum,
489 1585 555 1668 jam
581 1596 728 1647 octavum
751 1583 1015 1668 tribunusplebis
1042 1583 1181 1665 refectos,

125 1605 245 1734 l'abius
272 1691 398 1755 quoque
421 1670 567 1736 tribunus
592 1669 738 1747 militum,
761 1669 900 1736 Stolonis
921 1691 1020 1748 socer,
1046 1693 1180 1822 quarum

125 1754 231 1842 legum
261 1769 373 1820 auctor
400 1755 513 1833 fuerat,
547 1777 654 1822 earum
684 1778 843 1822 suasorem
872 1779 905 1822 se
933 1756 1019 1822 hsud
1073 1759 1181 1824 ubium

123 1839 254 1907 ferebat.
276 1856 318 1922 et,
334 1865 431 1928 quum
446 1860 519 1908 octo
533 1865 574 1906 ex
586 1841 720 1930 collegio
733 1843 934 1908 tribunorum
955 1843 1055 1930 plebis
1078 1846 1182 1931 primo

124 1927 344 1994 intercessores
373 1928 480 2017 legum
507 1928 647 2006 fuissent,
675 1928 815 2016 quinque
844 1931 902 1996 soli
927 1941 1033 1997 erant:
1068 1943 1101 1996 et
1132 1937 1182 2018 (ut

123 2012 222 2080 ferme
244 2015 358 2094 solent,
378 2017 433 2101 qui
458 2038 478 2080 s
502 2015 566 2080 suis
589 2015 779 2098 desciscunt)
808 2015 880 2082 “cs
903 2017 937 2094 ti,
964 2030 997 2082 et
1021 2031 1183 2104 stupentes

124 2103 233 2181 artiori,
259 2103 389 2166 vocibus
417 2101 525 2166 alienis
553 2102 586 2168 id
617 2101 723 2180 modo,
754 2102 840 2188 quod
872 2040 960 2168 domi
985 2117 1180 2190 praeeeptum

124 2199 203 2264 erat,
233 2189 452 2254 intercessioni
476 2211 541 2253 sure
590 2187 822 2254 retendebant:
849 2189 969 2254 Velitris
993 2189 1026 2253 in
1050 2193 1182 2256 exercitu

120 2275 219 2358 plebia
242 2297 393 2360 magnum
411 2285 526 2358 portem
540 2211 664 2339 adesse.-
685 2275 716 2339 ia
737 2277 896 2340 aduentum
916 2275 1044 2340 militum
1059 2278 1182 2341 consido

148 2362 155 2375 '
178 2363 239 2427 επὶ
251 2363 366 2438 debere,
382 2372 416 2426 ut
430 2362 569 2426 roraveras
582 2361 681 2444 plebea
695 2362 733 2425 de
745 2361 809 2426 suis
822 2361 984 2426 commodis
997 2362 1181 2449 suffugium
1207 2427 1210 2435 ,

137 2445 227 2513 erret.
273 2449 399 2514 Sextius
419 2447 634 2532 Liciniusque,
651 2469 723 2512 cum
746 2458 837 2531 parte
850 2445 1054 2533 collegarum,
1069 2462 1102 2512 et
1115 2469 1181 2513 uno

124 2555 165 2600 err
187 2534 325 2598 tribunis
350 2534 485 2599 militum
510 2533 620 2612 Fabio,
635 2534 770 2600 artifices
786 2534 854 2620 jam
875 2545 922 2600 tot
943 2555 1100 2600 annorum
1122 2556 1180 2599 usu
1255 2597 1262 2611 ,

122 2621 282 2686 tractandi
296 2621 417 2687 animm
431 2621 543 2706 plebis,
558 2623 712 2706 primores
734 2619 865 2685 Petrum
886 2619 1060 2706 productos
1084 2622 1181 2686 inter·

122 2707 600 2860 fdildlssilill'dli
619 2706 862 2871 bittit
881 2705 1047 2859 lipll'l’
1070 2706 1123 2809 l'
1152 2743 1222 2858 n.
1240 2801 1268 2850 a
1289 2816 1343 2850 0..

124 2841 335 2983 diuiderem,
350 2883 423 2964 ipsis
440 2816 511 2964 qia
530 2815 827 2982 qraia'geattiily‘ugerc
848 2815 957 2946 haibeie
971 2816 1125 2946 liceriilp
1141 2868 1341 2984 lltffil'ffl'

119 3151 240 3223 palmet
253 3146 357 3226 ager?
380 3141 432 3206 Aa
444 3141 585 3224 placeret,
593 3137 714 3222 fanore
727 3141 956 3206 cirmmueatam
965 3142 1081 3224 ρ’ῑεὸετη
1094 3141 1182 3226 “po-

125 3228 215 3305 tiru¹,
231 3248 323 3313 quom
329 3225 435 3310 sorte¹
449 3229 595 3292 creditum
608 3227 713 3304 soluat,
730 3247 833 3308 corpas
854 3228 887 3292 iu
907 3249 1032 3294 nouum
1051 3249 1088 3293 oc
1108 3249 1182 3311 cup-

117 3313 216 3396 plicio
231 3318 327 3378 dore:
348 3325 377 3378 et
384 3313 538 3400 gregatim
553 3313 681 3398 quotidie
694 3313 814 3396 defore
835 3314 973 3380 addictos
994 3315 1074 3392 duci,
1090 3325 1121 3379 ct
1134 3337 1182 3380 re

119 3401 200 3481 pleri
222 3401 330 3466 uinctis
354 3396 464 3465 nobiles
485 3401 614 3464 doctos?
637 3410 678 3476 et,
692 3399 867 3482 ubicumque
889 3400 1032 3483 patricius
1058 3401 1180 3479 habitet,

123 3487 165 3550 ibi
178 3508 329 3552 curcoeem
342 3487 493 3570 priuatum
506 3491 594 3551 ease?

166 3573 359 3638 XXXVII.
390 3572 476 3638 Haec
508 3571 639 3661 indigna
671 3569 911 3658 miserandaque
943 3570 1054 3636 auditu
1083 3594 1181 3658 quum

188 3759 536 3810 'cdditmmGromCreu
628 3757 866 3820 ¹atpotlcaEaed.
931 3755 1117 3805 reorteaaliod.

154 3921 208 3972 u·
219 3923 288 3982 capas
302 3927 325 3970 et
342 3926 456 3984 umus
473 3921 559 3984 mimi]
582 3921 636 3968 Vox
669 3919 731 3968 mari
740 3919 882 3968 auctoritem
899 3917 930 3964 ab
941 3929 970 3964 eo
979 3917 1082 3966 dieiturs
1100 3923 1134 3972 et,
1145 3933 1182 3968 re.

122 3989 199 4034 uirat
208 3995 247 4034 est
258 3986 409 4048 iugigneudi
419 4001 484 4034 meu.
517 3983 638 4032 Velutct·
669 3993 734 4032 seem
751 3983 868 4044 particula
886 3983 921 4040 nt,
942 3981 1183 4042 legendumque

122 4053 249 4100 touitout
262 4057 360 4112 stupore
377 4051 469 4098 defluos
485 4051 580 4098 animos
596 4063 637 4111 ge-
669 4063 737 4110 qucm
753 4052 813 4096 rorte
828 4045 941 4094 meditem
958 4045 1046 4094 usar:
1069 4047 1085 4093 i.
1102 4061 1125 4096 e.
1141 4062 1183 4110 po-

122 4121 212 4172 rcator,
228 4123 326 4170 utentes
336 4115 435 4166 accitam
451 4131 500 4164 uon
518 4115 577 4172 suia,
595 4115 636 4162 sed
670 4115 718 4161 tius
729 4125 802 4173 quam
821 4113 872 4157 sola
891 4117 954 4156 sorte
974 4111 1053 4156 solutu
1063 4112 1115 4158 cine
1127 4127 1184 4160 usu·

122 4181 224 4243 linquas
234 4181 281 4258 cibi
291 4181 393 4228 dlctctaa
404 4181 543 4238 reddebant.
667 4176 866 4288 τὶιρτεᾱὶῑοῗξιιῗ
876 4177 958 4236 plebea
968 4175 1106 4286 sagisfceiqt.
1130 4177 1184 4288 ⁸29⁶

125 4245 334 4358 ..titum
341 4245 641 4372 imminit
672 4242 814 4364 ilffllir
834 4245 1185 4353 tuttutttttt

126 4387 182 4434 que
199 4375 318 4426 librorum
336 4373 409 4421 etiem
425 4375 587 4436 quorumdam
603 4375 641 4420 fir·
673 4378 759 4421 meat.

729 4441 816 4502 cot
