3032 4924
442 245 538 310 atr.
556 243 614 306 .v1.
642 245 745 307 CAP.
766 243 848 306 XIV.
1114 242 1173 304 ³6³

113 407 284 558 pqoedaqne
302 405 415 490 omnic,
429 420 547 510 praeter
564 409 664 475 libera
677 431 819 496 corpore,
835 408 928 474 militi
949 429 1096 474 concessa
1110 413 1310 478 eet.1r.c.st0.'

143 516 193 559 ars
218 496 360 566 maxima
378 511 574 582 captivorum
596 519 637 561 ex
657 496 779 563 Latinis
804 509 896 582 atque
912 494 1064 560 Hernicis
1086 492 1307 558 iniust-⁸⁸²·
1334 541 1337 546 .
1404 491 1405 496 ’

115 601 172 644 nec
187 581 352 646 hominurn
368 581 409 646 de
431 581 533 666 plebe,
550 595 584 647 ut
604 581 690 648 credi
715 597 819 668 posset
840 581 986 646 mercede
1008 580 1167 658 militasse,

115 665 168 730 sed
190 669 349 754 principes
371 668 498 754 qnidam
520 671 693 756 juventutis
715 669 843 747 inventi,
858 665 1057 732 ⁶³manifesta
1081 665 1171 748 fides,

114 753 241 837 publica
266 777 328 840 ope
342 755 471 818 Volscos
493 753 596 820 hoster
618 755 752 841 adjutos.
797 754 1022 820 Circeiensium
1046 774 1172 839 quoque

116 838 244 926 quidam
274 841 404 928 cogniti,
432 855 463 905 et
492 841 595 906 coloni
620 865 639 906 a
666 841 812 906 Velitris:
840 841 1038 927 Romamque
1063 861 1172 903 omnes

116 927 198 990 missi
221 926 500 1011 percunctantibus
521 927 711 1012 primoribus
728 926 860 993 Patrum
881 927 1003 1002 eadem,
1019 947 1090 1011 quoe
1105 924 1172 989 dic-

116 1014 221 1090 tatori,
238 1013 447 1077 desectionem
463 1015 511 1076 nui
528 1017 660 1101 quisque
680 1015 800 1100 populi,
817 1013 901 1080 hund
923 1012 1071 1098 perplexe
1092 1010 1173 1075 indi·

115 1120 235 1163 cavere.

158 1184 255 1250 XIV.
280 1185 429 1250 Dictator
447 1186 619 1251 exercitum
638 1187 671 1250 in
687 1185 806 1250 stativis
820 1185 957 1266 tenebat,
973 1183 1102 1248 minime
1116 1182 1173 1246 du·

116 1268 194 1349 blus,
212 1271 332 1336 bellum
347 1295 420 1337 cum
442 1271 491 1336 his
510 1271 634 1358 populis
652 1273 759 1336 Patres
776 1274 938 1359 jussuros3
960 1291 1058 1358 quum
1074 1269 1174 1354 major

116 1355 202 1422 domi
227 1373 339 1422 exorta
364 1359 461 1422 moles
482 1357 705 1446 co'e'gitudciri
723 1358 858 1422 Romam
878 1381 961 1436 eum,
977 1356 1126 1444 gliscente
1140 1354 1174 1418 iu

113 1441 179 1508 dies
193 1443 363 1524 seditione,
379 1465 473 1528 quam
494 1445 588 1508 solito
608 1446 708 1534 magis
729 1443 929 1508 metuendam
953 1456 1062 1508 auctor
1081 1440 1174 1505 iacie-
1182 1461 1312 1509 Manum

117 1528 177 1594 but.
201 1553 269 1594 non
293 1531 376 1594 enim
395 1532 462 1615 jam
485 1531 642 1594 orationes
663 1531 757 1594 modo
773 1528 841 1595 Μ.“
863 1529 989 1607 Manlii,
1005 1529 1060 1592 sed
1080 1526 1276 1604 iacta,⁸⁸d¹¹¹⁰·

115 1615 285 1740 popularia
300 1617 332 1679 in
348 1617 494 1699 speciem,
512 1615 701 1681 tumultuosa
715 1615 835 1692 eadem,
851 1638 912 1703 qun
932 1630 1037 1679 mente
1051 1615 1176 1690 fierent,

149 1703 306 1767 intuenda
320 1717 420 1766 erunt.
465 1701 700 1780 Centurionem‚
716 1702 854 1767 nobilem
872 1701 1056 1766 militaribus
1078 1699 1175 1777 luctis,

116 1786 326 1875 ⁵⁵judicatum
350 1788 494 1872 pecunioe
516 1811 613 1876 quum
634 1789 708 1853 duci
732 1789 868 1866 vidisset,
885 1788 992 1852 medio
1011 1787 1082 1850 foro
1104 1807 1178 1850 cum

119 1889 245 1940 caterua
272 1897 329 1939 sua
349 1875 545 1951 adcurritur
565 1897 693 1939 manum
716 1877 837 1960 injecit:
864 1873 1112 1960 vociferatusque
1138 1871 1179 1936 de

119 1961 269 2046 superbia
296 1961 438 2040 Putrum,
462 1983 500 2025 ec
524 1960 707 2027 crudelitate
731 1961 966 2038 foeneratorum,
990 1972 1023 2025 et
1049 1958 1180 2024 miseriis

119 2048 413 2133 plebintvittutibus
428 2048 495 2132 ejus
510 2049 568 2112 viri
582 2047 787 2134 fortunaque3
810 2049 886 2114 Tum
901 2070 971 2112 nero
985 2069 1049 2132 ego,
1065 2043 1179 2132 inquit,

120 2136 325 2220 nequidquam
348 2134 406 2196 iac
429 2137 537 2198 dextra
555 2135 739 2217 Capitulium
763 2157 920 2218 arcemque
939 2133 1131 2208 servaverim,
1152 2132 1181 2195 si

120 2222 214 2286 ciuem
228 2221 514 2304 commilitonemque
527 2242 630 2296 merem,
646 2230 796 2303 tamquam
815 2219 921 2284 Gallis
934 2217 1097 2284 uictoribus
1106 2235 1180 2298 cap·

122 2315 197 2384 ium,
212 2305 240 2344 ⁵⁰
249 2307 283 2370 iu
297 2308 467 2370 servitialem
482 2328 519 2369 ac
538 2307 659 2370 vinceda
674 2307 744 2368 duci
765 2308 893 2369 uideam.
937 2303 1018 2369 Inde
1032 2324 1098 2368 rem
1114 2322 1181 2365 cre·

121 2389 210 2458 ditor
223 2391 329 2480 pelam
345 2389 466 2477 populo
480 2391 581 2468 solvit,
596 2390 623 2434 ⁶⁷
630 2390 773 2476 libraque
787 2404 818 2455 et
831 2411 898 2455 aere
908 2389 1075 2454 liberatum
1090 2387 1181 2453 emit-

510 2575 524 2606 fl
534 2571 575 2622 Μ.
585 2574 634 2622 dei.
643 2575 715 2650 Gron-
727 2573 796 2624 Creu.

156 2739 190 2786 38
206 2737 337 2800 Manifesta
348 2733 420 2802 fider]
436 2736 508 2792 Quod
525 2739 639 2786 manlieu·
670 2735 787 2787 moratur.
819 2739 881 2787 iiec
896 2735 979 2787 omnin
992 2737 1064 2786 debet
1078 2737 1109 2786 Δ.
1119 2736 1182 2785 Gell-

126 2809 180 2850 tum
191 2810 365 2864 argumentum
375 2809 434 2848 eret.
672 2804 723 2850 loco
734 2817 806 2864 ruprn
816 2804 896 2851 dieto.

158 2865 192 2914 54
207 2865 335 2930 intuenda]
360 2865 425 2926 Lege
445 2880 502 2914 cum
519 2868 640 2916 Grononio
704 2867 735 2915 67
751 2867 1106 2918 Libra-...nmmum
1117 2867 1184 2914 mni&

127 2931 241 2978 intuenti.-
265 2931 291 2977 id
312 2938 357 2986 eet,
380 2931 401 2976 ai
422 2933 476 2991 quir
498 2932 641 2992 intueretur,
672 2933 714 2996 ru]
738 2931 776 2978 Ex
793 2933 823 2979 iic
840 2948 896 2995 quae
912 2945 986 2996 cupre
1004 2933 1184 2986 annotavimue,

128 2993 199 3056 'qun
209 3001 291 3042 marte
304 2995 396 3042 tierent.
672 3003 739 3057 patet
755 3009 870 3058 magnam
889 3000 914 3045 in
934 3011 1009 3045 nexae
1027 2996 1185 3044 creditoribur

161 3057 194 3106 55
217 3058 356 3106 thdtmtum
381 3056 497 3122 pecunie]
529 3059 641 3108 Pecuniae
672 3061 747 3107 tutare
766 3069 921 3122 pereuntem,
934 3077 978 3110 nee
997 3062 1067 3109 herili
1087 3060 1185 3109 eusimi-

130 3123 237 3181 ereditae,
252 3137 295 3169 nec
314 3123 410 3181 wluin,
425 3125 522 3172 nornine
541 3125 642 3170 demna-
672 3125 730 3173 lem.
763 3125 798 3172 Ut
811 3127 885 3186 igitur
899 3125 1091 3174 iibemreturiiie
1102 3131 1186 3172 centu·

130 3195 191 3235 turn.
223 3187 344 3234 iudicatis
366 3195 448 3234 autern
470 3188 578 3248 pecumae
600 3189 642 3234 tri·
673 3189 709 3235 rio
721 3191 829 3250 pecunie
841 3186 974 3252 judicetur,
982 3191 1185 3251 mancipetionem

129 3253 198 3314 ginta
212 3252 264 3300 dien
277 3252 406 3311 dauniae,
416 3253 584 3312 conquirenda
601 3266 644 3312 pe·
673 3255 805 3312 quemdem
824 3255 874 3300 deri
893 3257 1028 3315 oportebet,
1046 3269 1094 3314 qun
1113 3267 1186 3300 nuum

131 3317 209 3364 eunice
219 3318 553 3376 eeurequerndnsolverem.
584 3316 643 3371 Qui·
674 3317 825 3364 indebitorir
838 3331 925 3379 corpur
937 3320 1073 3366 dominium
1084 3318 1187 3366 medium

132 3381 176 3427 bur
195 3381 291 3440 etapeta.
307 3381 352 3426 nini
371 3381 537 3434 dissolverent.
550 3381 644 3428 addice·
675 3381 701 3427 in
717 3381 836 3428 Manlium
853 3385 1001 3437 transferret,
1014 3382 1057 3443 qui
1073 3395 1130 3429 eum
1146 3382 1190 3428 de·

133 3445 352 3492 bunturcreditori.
374 3445 431 3492 viu.
442 3447 472 3492 Α.
484 3446 545 3492 Geli.
557 3445 573 3492 l.
583 3443 643 3490 XX.
675 3446 731 3492 inde
762 3447 884 3502 emitteret,
914 3448 965 3495 rive
996 3446 1186 3493 manumitteret.

134 3523 154 3558 c.
166 3509 188 3556 l.
211 3508 292 3563 Quum
303 3509 378 3569 igitur
389 3511 428 3557 iiic
439 3509 547 3557 centurio
561 3509 644 3556 atatim
675 3509 774 3570 Optimo
790 3516 871 3556 nutem
886 3518 912 3558 et
927 3511 1066 3572 plenleeimo
1077 3505 1134 3570 jure
1144 3509 1187 3556 do·

134 3573 188 3622 duci
206 3573 310 3630 dicatur,
327 3573 510 3634 intelligendum
530 3579 567 3620 ert
587 3585 643 3620 eutn
676 3575 780 3622 minium
802 3575 828 3620 in
851 3576 1009 3634 accipientem
1031 3573 1189 3620 munsterum·

134 3651 182 3686 non
198 3639 271 3685 modu
287 3635 435 3699 judicatum,
452 3640 493 3686 ned
510 3638 584 3684 etiem
602 3638 643 3684 nd·
677 3646 727 3696 tur,
739 3651 815 3699 quum
832 3652 875 3699 per
891 3653 924 3686 ne
940 3646 965 3685 et
981 3639 1067 3684 litarem
1082 3637 1191 3684 venditio

134 3703 226 3750 dictum
238 3703 322 3750 rutae.
678 3703 753 3757 lieret,
771 3703 816 3749 hoc
833 3705 951 3752 nimirum
969 3703 1025 3750 ritu.
1053 3703 1144 3750 tinent
1161 3701 1190 3747 li·

165 3767 198 3814 56
213 3768 245 3814 In
267 3769 401 3814 seruitutem
420 3781 447 3812 ac
468 3765 558 3812 uincula
579 3765 644 3828 duci]
677 3769 781 3828 bripem,
805 3769 846 3828 qui
870 3768 957 3816 libram
978 3768 1075 3814 tenebm
1095 3771 1190 3812 mnnita

134 3830 252 3878 Addimus
274 3831 386 3878 creditori
408 3833 501 3880 debitur
522 3831 647 3890 sexaginta
677 3833 776 3878 ederant
787 3835 893 3893 quinque
906 3840 989 3889 tester,
1001 3833 1065 3878 cive·
1076 3829 1193 3888 nomam,

134 3896 185 3943 dier
204 3897 338 3942 habebatur
357 3897 382 3942 in
400 3897 510 3944 vinculis.
540 3893 585 3947 Ac,
600 3894 646 3940 nini
678 3897 788 3954 puberer.
821 3898 1005 3957 Emptor,terte
1020 3892 1189 3952 Bortin'I'op.

135 3960 226 4006 interea
241 3967 327 4020 pactus
342 3961 412 4016 iuret,
424 3961 502 4020 capite
513 3973 595 4019 poennr
606 3959 648 4004 dr-
681 3961 731 4006 Cic.
743 3973 872 4008 nummum
888 3975 977 4010 ereum
995 3968 1089 4016 teneor,
1103 3958 1137 4004 itn
1153 3958 1191 4004 di·

135 4025 185 4078 bat,
196 4032 240 4070 eut
251 4032 317 4070 trane
327 4023 433 4072 Tiberim
451 4037 548 4084 peregre
559 4035 648 4070 venum
680 4025 761 4070 cebet:
787 4025 860 4072 iiunc
881 4041 925 4085 ego
945 4027 1116 4073 hominemex
1134 4018 1191 4083 jure

136 4087 193 4137 ther.
225 4089 291 4142 Quin
313 4089 397 4145 etiam,
416 4092 436 4136 ei
458 4090 538 4149 plures
560 4089 648 4141 iurent,
680 4087 812 4141 Quiritium
828 4103 975 4137 meumeeee
989 4089 1115 4148 aio,irque
1128 4085 1190 4132 mihi

135 4153 223 4212 quibui
241 4166 298 4198 reue
314 4153 424 4200 addictur
439 4160 511 4209 earet,
526 4165 614 4206 necere.
627 4152 648 4197 ai
680 4159 776 4211 emptus
796 4160 832 4200 eet
853 4155 898 4200 hoc
917 4169 964 4202 tere
986 4165 1100 4213 cneoque
1121 4151 1189 4198 libre.

136 4219 235 4274 velient,
256 4224 329 4276 nique
347 4219 431 4276 partiri
451 4231 538 4276 corpus
560 4217 648 4264 rddicti
681 4216 775 4262 Deinde
795 4231 857 4264 ereo
875 4231 977 4264 nummo
996 4217 1143 4276 percutiebat
1162 4214 1191 4260 ii·

136 4281 180 4328 tibi
200 4282 307 4328 hominia
331 4284 486 4340 pennittehat
503 4281 543 4326 lex
561 4282 650 4328 duode-
681 4282 759 4334 brana,
782 4282 884 4341 indeque
905 4296 939 4330 me
960 4283 983 4328 ei
1003 4282 1085 4337 debet,
1106 4293 1122 4324 ι
1142 4292 1192 4338 quo

137 4345 184 4392 einr
203 4347 350 4394 tabularum.
380 4347 484 4394 Dierecti
503 4353 585 4392 tamen
601 4346 649 4392 hoe
681 4347 801 4407 mancipio
811 4348 952 4408 accipietur,
964 4346 1033 4406 quui
1048 4343 1117 4406 pretii
1130 4344 1191 4390 ioco.

137 4411 327 4459 nodohominlr
341 4410 649 4468 nullutnexenrplumme·
682 4409 744 4457 linc
768 4417 851 4459 eutem
872 4411 1020 4459 conruetudo
1041 4409 1097 4456 inde
1118 4408 1191 4456 duct·
