<?xml version="1.0" encoding="UTF-8"?>
<!DOCTYPE html PUBLIC "-//W3C//DTD XHTML 1.0 Transitional//EN"
    "http://www.w3.org/TR/xhtml1/DTD/xhtml1-transitional.dtd">
<html xmlns="http://www.w3.org/1999/xhtml" xml:lang="en" lang="en">
 <head>
  <title>
</title>
<meta http-equiv="Content-Type" content="text/html;charset=utf-8" />
  <meta name='ocr-system' content='tesseract 3.04.00' />
  <meta name='ocr-capabilities' content='ocr_page ocr_carea ocr_par ocr_line ocrx_word'/>
</head>
<body>
  <div class='ocr_page' id='page_1' title='image "./tliviipatavinih02crevgoog_0240.png"; bbox 0 0 3008 4908; ppageno 0'>
   <div class='ocr_carea' id='block_1_1' title="bbox 483 143 1189 210">
    <p class='ocr_par' dir='ltr' id='par_1_1' title="bbox 483 143 1189 210">
     <span class='ocr_line' id='line_1_1' title="bbox 483 143 1189 210; baseline 0.006 -6"><span class='ocrx_word' id='word_1_1' title='bbox 483 145 576 204; x_wconf 83' lang='lat' dir='ltr'>LIB.</span> <span class='ocrx_word' id='word_1_2' title='bbox 598 143 649 204; x_wconf 88' lang='lat' dir='ltr'><em>IV.</em></span> <span class='ocrx_word' id='word_1_3' title='bbox 676 144 778 205; x_wconf 80' lang='lat' dir='ltr'>CAP.</span> <span class='ocrx_word' id='word_1_4' title='bbox 799 145 856 206; x_wconf 88' lang='lat'>111.</span> <span class='ocrx_word' id='word_1_5' title='bbox 1130 155 1189 210; x_wconf 74' lang='lat'><em>2³8</em></span> 
     </span>
    </p>
   </div>
   <div class='ocr_carea' id='block_1_2' title="bbox 15 310 1333 2630">
    <p class='ocr_par' dir='ltr' id='par_1_2' title="bbox 130 310 1333 568">
     <span class='ocr_line' id='line_1_2' title="bbox 130 310 1332 395; baseline 0.001 -21"><span class='ocrx_word' id='word_1_6' title='bbox 130 310 1332 395; x_wconf 66' lang='lat' dir='ltr'><em>sormibonariustmeomslacsanposerictdeimpeuoactumesssum.³10.</em></span> 
     </span>
     <span class='ocr_line' id='line_1_3' title="bbox 130 391 1333 482; baseline 0.006 -23"><span class='ocrx_word' id='word_1_7' title='bbox 130 407 158 459; x_wconf 89' lang='lat' dir='ltr'><em>et</em></span> <span class='ocrx_word' id='word_1_8' title='bbox 171 395 194 432; x_wconf 79' lang='lat'><em>¹⁴</em></span> <span class='ocrx_word' id='word_1_9' title='bbox 200 397 337 478; x_wconf 75' lang='lat' dir='ltr'><strong><em>perinde</em></strong></span> <span class='ocrx_word' id='word_1_10' title='bbox 346 397 403 458; x_wconf 82' lang='lat' dir='ltr'><em>boc</em></span> <span class='ocrx_word' id='word_1_11' title='bbox 412 397 504 471; x_wconf 83' lang='lat' dir='ltr'><em>uolet,</em></span> <span class='ocrx_word' id='word_1_12' title='bbox 516 396 652 477; x_wconf 83' lang='lat' dir='ltr'><em>plebeius</em></span> <span class='ocrx_word' id='word_1_13' title='bbox 666 417 704 460; x_wconf 85' lang='lat' dir='ltr'><em>ne</em></span> <span class='ocrx_word' id='word_1_14' title='bbox 713 399 894 480; x_wconf 73' lang='lat' dir='ltr'><em>cornifici,</em></span> <span class='ocrx_word' id='word_1_15' title='bbox 906 409 1059 482; x_wconf 80' lang='lat' dir='ltr'><em>tamquam</em></span> <span class='ocrx_word' id='word_1_16' title='bbox 1073 421 1187 464; x_wconf 80' lang='lat' dir='ltr'><em>samem</em></span> <span class='ocrx_word' id='word_1_17' title='bbox 1195 396 1227 441; x_wconf 58' lang='grc' dir='ltr'><em>Α·</em></span> <span class='ocrx_word' id='word_1_18' title='bbox 1238 391 1333 442; x_wconf 55' lang='grc' dir='ltr'><em>Μ’·</em></span> 
     </span>
     <span class='ocr_line' id='line_1_4' title="bbox 131 481 1186 568; baseline 0.006 -23"><span class='ocrx_word' id='word_1_19' title='bbox 131 493 181 545; x_wconf 87' lang='lat' dir='ltr'><em>aul</em></span> <span class='ocrx_word' id='word_1_20' title='bbox 189 482 367 546; x_wconf 64' lang='lat' dir='ltr'><em>libertinum</em></span> <span class='ocrx_word' id='word_1_21' title='bbox 379 483 494 564; x_wconf 86' lang='lat' dir='ltr'><em>aliquis</em></span> <span class='ocrx_word' id='word_1_22' title='bbox 502 483 647 546; x_wconf 84' lang='lat' dir='ltr'><em>consulem</em></span> <span class='ocrx_word' id='word_1_23' title='bbox 644 481 791 566; x_wconf 72' lang='lat' dir='ltr'><em>fillonem</em></span> <span class='ocrx_word' id='word_1_24' title='bbox 800 485 911 548; x_wconf 83' lang='lat' dir='ltr'><em>dicat?</em></span> <span class='ocrx_word' id='word_1_25' title='bbox 927 486 1051 568; x_wconf 82' lang='lat' dir='ltr'><em>Ecquid</em></span> <span class='ocrx_word' id='word_1_26' title='bbox 1057 487 1186 565; x_wconf 84' lang='lat' dir='ltr'><em>sentitis,</em></span> 
     </span>
    </p>

    <p class='ocr_par' dir='ltr' id='par_1_3' title="bbox 131 567 1187 740">
     <span class='ocr_line' id='line_1_5' title="bbox 131 567 1187 653; baseline 0.008 -23"><span class='ocrx_word' id='word_1_27' title='bbox 131 571 163 630; x_wconf 88' lang='lat' dir='ltr'><em>iu</em></span> <span class='ocrx_word' id='word_1_28' title='bbox 173 579 290 651; x_wconf 76' lang='lat' dir='ltr'><em>qreamlo</em></span> <span class='ocrx_word' id='word_1_29' title='bbox 301 577 450 632; x_wconf 81' lang='lat' dir='ltr'><em>contemtu</em></span> <span class='ocrx_word' id='word_1_30' title='bbox 460 568 597 631; x_wconf 80' lang='lat' dir='ltr'><em>vivatis?</em></span> <span class='ocrx_word' id='word_1_31' title='bbox 609 567 704 632; x_wconf 83' lang='lat' dir='ltr'><em>Lucis</em></span> <span class='ocrx_word' id='word_1_32' title='bbox 714 569 798 633; x_wconf 77' lang='lat' dir='ltr'><em>uoltis</em></span> <span class='ocrx_word' id='word_1_33' title='bbox 807 569 895 653; x_wconf 76' lang='lat' dir='ltr'><em>injus</em></span> <span class='ocrx_word' id='word_1_34' title='bbox 903 583 1038 653; x_wconf 83' lang='lat' dir='ltr'><em>partem,</em></span> <span class='ocrx_word' id='word_1_35' title='bbox 1049 573 1078 636; x_wconf 90' lang='lat' dir='ltr'><em>si</em></span> <span class='ocrx_word' id='word_1_36' title='bbox 1085 574 1187 649; x_wconf 84' lang='lat' dir='ltr'><em>liceat,</em></span> 
     </span>
     <span class='ocr_line' id='line_1_6' title="bbox 131 655 1187 740; baseline 0.005 -23"><span class='ocrx_word' id='word_1_37' title='bbox 131 657 280 718; x_wconf 74' lang='lat' dir='ltr'><em>adiciant.</em></span> <span class='ocrx_word' id='word_1_38' title='bbox 295 656 377 738; x_wconf 84' lang='lat' dir='ltr'><em>quod</em></span> <span class='ocrx_word' id='word_1_39' title='bbox 389 655 529 736; x_wconf 78' lang='lat' dir='ltr'><em>spiratis,</em></span> <span class='ocrx_word' id='word_1_40' title='bbox 540 655 620 736; x_wconf 85' lang='lat' dir='ltr'><em>quad</em></span> <span class='ocrx_word' id='word_1_41' title='bbox 629 675 725 718; x_wconf 85' lang='lat' dir='ltr'><em>vocem</em></span> <span class='ocrx_word' id='word_1_42' title='bbox 733 657 866 732; x_wconf 85' lang='lat' dir='ltr'><em>mittitis,</em></span> <span class='ocrx_word' id='word_1_43' title='bbox 879 657 1082 740; x_wconf 84' lang='lat' dir='ltr'><em>quodsormus</em></span> <span class='ocrx_word' id='word_1_44' title='bbox 1091 660 1187 722; x_wconf 81' lang='lat' dir='ltr'><em>leomi-</em></span> 
     </span>
    </p>

    <p class='ocr_par' dir='ltr' id='par_1_4' title="bbox 132 737 1188 828">
     <span class='ocr_line' id='line_1_7' title="bbox 132 737 1188 828; baseline 0.009 -27"><span class='ocrx_word' id='word_1_45' title='bbox 132 761 199 802; x_wconf 84' lang='lat' dir='ltr'><em>num</em></span> <span class='ocrx_word' id='word_1_46' title='bbox 207 739 338 814; x_wconf 78' lang='lat' dir='ltr'><em>habetis,</em></span> <span class='ocrx_word' id='word_1_47' title='bbox 349 741 563 824; x_wconf 82' lang='lat' dir='ltr'><em>indignantur.</em></span> <span class='ocrx_word' id='word_1_48' title='bbox 589 737 672 811; x_wconf 75' lang='lat' dir='ltr'><em>Quin</em></span> <span class='ocrx_word' id='word_1_49' title='bbox 682 740 855 823; x_wconf 79' lang='lat' dir='ltr'><em>eliam(¹⁵si</em></span> <span class='ocrx_word' id='word_1_50' title='bbox 863 744 940 807; x_wconf 90' lang='lat' dir='ltr'><em>Diis</em></span> <span class='ocrx_word' id='word_1_51' title='bbox 944 745 1060 826; x_wconf 82' lang='lat' dir='ltr'><em>piacet)</em></span> <span class='ocrx_word' id='word_1_52' title='bbox 1071 743 1188 828; x_wconf 71' lang='lat' dir='ltr'><em>¹6cresus</em></span> 
     </span>
    </p>

    <p class='ocr_par' dir='ltr' id='par_1_5' title="bbox 133 825 1189 997">
     <span class='ocr_line' id='line_1_8' title="bbox 133 825 1189 909; baseline 0.008 -22"><span class='ocrx_word' id='word_1_53' title='bbox 133 828 220 889; x_wconf 83' lang='lat' dir='ltr'><em>aiunt</em></span> <span class='ocrx_word' id='word_1_54' title='bbox 235 847 307 900; x_wconf 88' lang='lat' dir='ltr'><em>esse,</em></span> <span class='ocrx_word' id='word_1_55' title='bbox 322 827 469 888; x_wconf 73' lang='lat' dir='ltr'><em>commum</em></span> <span class='ocrx_word' id='word_1_56' title='bbox 485 825 634 906; x_wconf 81' lang='lat' dir='ltr'><em>plebeium</em></span> <span class='ocrx_word' id='word_1_57' title='bbox 643 827 734 909; x_wconf 81' lang='lat' dir='ltr'><em>fieri.</em></span> <span class='ocrx_word' id='word_1_58' title='bbox 781 827 908 891; x_wconf 82' lang='lat' dir='ltr'><em>Obsecro</em></span> <span class='ocrx_word' id='word_1_59' title='bbox 930 851 991 906; x_wconf 84' lang='lat' dir='ltr'><em>uos,</em></span> <span class='ocrx_word' id='word_1_60' title='bbox 1013 831 1043 894; x_wconf 88' lang='lat' dir='ltr'><em>si</em></span> <span class='ocrx_word' id='word_1_61' title='bbox 1062 851 1122 894; x_wconf 85' lang='lat' dir='ltr'><em>mom</em></span> <span class='ocrx_word' id='word_1_62' title='bbox 1145 835 1189 895; x_wconf 84' lang='lat' dir='ltr'><em>od</em></span> 
     </span>
     <span class='ocr_line' id='line_1_9' title="bbox 133 911 1187 997; baseline 0.006 -23"><span class='ocrx_word' id='word_1_63' title='bbox 133 911 270 995; x_wconf 75' lang='lat' dir='ltr'><em>¹²sostos,</em></span> <span class='ocrx_word' id='word_1_64' title='bbox 287 933 348 988; x_wconf 75' lang='lat' dir='ltr'><em>mom</em></span> <span class='ocrx_word' id='word_1_65' title='bbox 359 912 403 973; x_wconf 84' lang='lat' dir='ltr'><em>ud</em></span> <span class='ocrx_word' id='word_1_66' title='bbox 417 911 672 976; x_wconf 79' lang='lat' dir='ltr'><em>¹⁸c0mmeasarios</em></span> <span class='ocrx_word' id='word_1_67' title='bbox 687 915 865 997; x_wconf 67' lang='lat' dir='ltr'><em>panificum</em></span> <span class='ocrx_word' id='word_1_68' title='bbox 877 916 1084 988; x_wconf 81' lang='lat' dir='ltr'><em>adocitiimur,·</em></span> <span class='ocrx_word' id='word_1_69' title='bbox 1103 939 1140 980; x_wconf 87' lang='lat' dir='ltr'><em>ue</em></span> <span class='ocrx_word' id='word_1_70' title='bbox 1150 940 1187 980; x_wconf 89' lang='lat' dir='ltr'><em>ea</em></span> 
     </span>
    </p>

    <p class='ocr_par' dir='ltr' id='par_1_6' title="bbox 132 999 1254 1172">
     <span class='ocr_line' id='line_1_10' title="bbox 133 999 1254 1082; baseline 0.008 -23"><span class='ocrx_word' id='word_1_71' title='bbox 133 999 251 1080; x_wconf 81' lang='lat' dir='ltr'><em>quidem</em></span> <span class='ocrx_word' id='word_1_72' title='bbox 264 999 382 1073; x_wconf 86' lang='lat' dir='ltr'><em>scimus,</em></span> <span class='ocrx_word' id='word_1_73' title='bbox 397 1019 466 1080; x_wconf 74' lang='lat' dir='ltr'><em>qua</em></span> <span class='ocrx_word' id='word_1_74' title='bbox 478 1017 577 1061; x_wconf 85' lang='lat' dir='ltr'><em>omrtes</em></span> <span class='ocrx_word' id='word_1_75' title='bbox 585 1000 748 1082; x_wconf 81' lang='lat' dir='ltr'><em>peregrini</em></span> <span class='ocrx_word' id='word_1_76' title='bbox 762 1002 853 1062; x_wconf 87' lang='lat' dir='ltr'><em>etiam</em></span> <span class='ocrx_word' id='word_1_77' title='bbox 868 999 993 1064; x_wconf 74' lang='lat' dir='ltr'><em>sciunt?</em></span> <span class='ocrx_word' id='word_1_78' title='bbox 1006 1005 1140 1067; x_wconf 82' lang='lat' dir='ltr'><em>consules</em></span> <span class='ocrx_word' id='word_1_79' title='bbox 1153 1004 1187 1067; x_wconf 88' lang='lat' dir='ltr'><em>im</em></span> <span class='ocrx_word' id='word_1_80' title='bbox 1250 1067 1254 1076; x_wconf 74' lang='grc'><strong><em>,</em></strong></span> 
     </span>
     <span class='ocr_line' id='line_1_11' title="bbox 132 1083 1187 1172; baseline 0.006 -26"><span class='ocrx_word' id='word_1_81' title='bbox 132 1085 222 1146; x_wconf 85' lang='lat' dir='ltr'><em>loctcm</em></span> <span class='ocrx_word' id='word_1_82' title='bbox 247 1105 351 1166; x_wconf 76' lang='lat' dir='ltr'><em>regrum</em></span> <span class='ocrx_word' id='word_1_83' title='bbox 372 1084 565 1148; x_wconf 80' lang='lat' dir='ltr'><em>successisse?</em></span> <span class='ocrx_word' id='word_1_84' title='bbox 588 1105 642 1146; x_wconf 87' lang='lat' dir='ltr'><em>uec</em></span> <span class='ocrx_word' id='word_1_85' title='bbox 662 1095 717 1147; x_wconf 85' lang='lat' dir='ltr'><em>aut</em></span> <span class='ocrx_word' id='word_1_86' title='bbox 729 1083 825 1168; x_wconf 79' lang='lat' dir='ltr'><em>juris,</em></span> <span class='ocrx_word' id='word_1_87' title='bbox 841 1095 896 1150; x_wconf 89' lang='lat' dir='ltr'><em>aut</em></span> <span class='ocrx_word' id='word_1_88' title='bbox 916 1090 1085 1170; x_wconf 68' lang='lat' dir='ltr'><em>majestatis</em></span> <span class='ocrx_word' id='word_1_89' title='bbox 1098 1092 1187 1172; x_wconf 86' lang='lat' dir='ltr'><em>quid·</em></span> 
     </span>
    </p>

    <p class='ocr_par' dir='ltr' id='par_1_7' title="bbox 15 1169 1188 1516">
     <span class='ocr_line' id='line_1_12' title="bbox 15 1169 1187 1258; baseline 0.008 -29"><span class='ocrx_word' id='word_1_90' title='bbox 15 1195 26 1222; x_wconf 57' lang='lat' dir='ltr'><em>s</em></span> <span class='ocrx_word' id='word_1_91' title='bbox 133 1186 220 1252; x_wconf 72' lang='lat' dir='ltr'><em>mecm</em></span> <span class='ocrx_word' id='word_1_92' title='bbox 234 1169 356 1245; x_wconf 77' lang='lat' dir='ltr'><em>habere,</em></span> <span class='ocrx_word' id='word_1_93' title='bbox 372 1170 452 1252; x_wconf 81' lang='lat' dir='ltr'><em>quati</em></span> <span class='ocrx_word' id='word_1_94' title='bbox 465 1189 525 1232; x_wconf 84' lang='lat' dir='ltr'><em>nou</em></span> <span class='ocrx_word' id='word_1_95' title='bbox 540 1171 574 1233; x_wconf 86' lang='lat' dir='ltr'><em>iu</em></span> <span class='ocrx_word' id='word_1_96' title='bbox 588 1171 708 1254; x_wconf 83' lang='lat' dir='ltr'><em>regibus</em></span> <span class='ocrx_word' id='word_1_97' title='bbox 723 1171 931 1254; x_wconf 84' lang='lat' dir='ltr'><em>autefuerit?</em></span> <span class='ocrx_word' id='word_1_98' title='bbox 948 1171 973 1210; x_wconf 79' lang='lat'><em>¹⁹</em></span> <span class='ocrx_word' id='word_1_99' title='bbox 981 1175 1034 1237; x_wconf 87' lang='lat' dir='ltr'><em>Em</em></span> <span class='ocrx_word' id='word_1_100' title='bbox 1048 1195 1187 1258; x_wconf 81' lang='lat' dir='ltr'><em>remquam</em></span> 
     </span>
     <span class='ocr_line' id='line_1_13' title="bbox 133 1255 1188 1340; baseline 0.008 -24"><span class='ocrx_word' id='word_1_101' title='bbox 133 1257 257 1319; x_wconf 87' lang='lat' dir='ltr'><em>creditis</em></span> <span class='ocrx_word' id='word_1_102' title='bbox 268 1255 377 1338; x_wconf 81' lang='lat' dir='ltr'><em>scendo</em></span> <span class='ocrx_word' id='word_1_103' title='bbox 400 1257 537 1318; x_wconf 83' lang='lat' dir='ltr'><em>auditum</em></span> <span class='ocrx_word' id='word_1_104' title='bbox 559 1277 629 1332; x_wconf 86' lang='lat' dir='ltr'><em>esse,</em></span> <span class='ocrx_word' id='word_1_105' title='bbox 651 1255 782 1320; x_wconf 82' lang='lat' dir='ltr'><strong><em>Numam</em></strong></span> <span class='ocrx_word' id='word_1_106' title='bbox 799 1257 997 1340; x_wconf 82' lang='lat' dir='ltr'><em>Pompilium,</em></span> <span class='ocrx_word' id='word_1_107' title='bbox 1018 1280 1079 1322; x_wconf 85' lang='lat' dir='ltr'><em>mou</em></span> <span class='ocrx_word' id='word_1_108' title='bbox 1100 1263 1188 1324; x_wconf 83' lang='lat' dir='ltr'><em>modo</em></span> 
     </span>
     <span class='ocr_line' id='line_1_14' title="bbox 133 1341 1188 1430; baseline 0.008 -27"><span class='ocrx_word' id='word_1_109' title='bbox 133 1361 190 1403; x_wconf 84' lang='lat' dir='ltr'><em>oon</em></span> <span class='ocrx_word' id='word_1_110' title='bbox 201 1341 381 1424; x_wconf 73' lang='lat' dir='ltr'><em>patricium,</em></span> <span class='ocrx_word' id='word_1_111' title='bbox 397 1343 450 1404; x_wconf 84' lang='lat' dir='ltr'><em>sed</em></span> <span class='ocrx_word' id='word_1_112' title='bbox 459 1363 497 1403; x_wconf 89' lang='lat' dir='ltr'><em>ue</em></span> <span class='ocrx_word' id='word_1_113' title='bbox 506 1343 600 1404; x_wconf 86' lang='lat' dir='ltr'><em>ciuem</em></span> <span class='ocrx_word' id='word_1_114' title='bbox 610 1345 728 1425; x_wconf 75' lang='lat' dir='ltr'><em>qrcidm</em></span> <span class='ocrx_word' id='word_1_115' title='bbox 743 1343 925 1420; x_wconf 85' lang='lat' dir='ltr'><em>Romanum,</em></span> <span class='ocrx_word' id='word_1_116' title='bbox 937 1367 975 1407; x_wconf 82' lang='lat' dir='ltr'><em>ee</em></span> <span class='ocrx_word' id='word_1_117' title='bbox 984 1345 1099 1410; x_wconf 83' lang='lat' dir='ltr'><em>Sabino</em></span> <span class='ocrx_word' id='word_1_118' title='bbox 1110 1369 1188 1430; x_wconf 84' lang='lat' dir='ltr'><em>agro</em></span> 
     </span>
     <span class='ocr_line' id='line_1_15' title="bbox 132 1425 1188 1516; baseline 0.006 -28"><span class='ocrx_word' id='word_1_119' title='bbox 132 1429 275 1506; x_wconf 75' lang='lat' dir='ltr'><em>adcitum,</em></span> <span class='ocrx_word' id='word_1_120' title='bbox 292 1429 404 1510; x_wconf 83' lang='lat' dir='ltr'><em>populi</em></span> <span class='ocrx_word' id='word_1_121' title='bbox 414 1425 515 1510; x_wconf 75' lang='lat' dir='ltr'><em>jrcsstt,</em></span> <span class='ocrx_word' id='word_1_122' title='bbox 532 1427 681 1491; x_wconf 85' lang='lat' dir='ltr'><em>Patribus</em></span> <span class='ocrx_word' id='word_1_123' title='bbox 694 1429 876 1508; x_wconf 77' lang='lat' dir='ltr'><em>creatoribus,</em></span> <span class='ocrx_word' id='word_1_124' title='bbox 891 1431 999 1494; x_wconf 79' lang='lat' dir='ltr'><em>Roma</em></span> <span class='ocrx_word' id='word_1_125' title='bbox 1019 1429 1188 1516; x_wconf 74' lang='lat' dir='ltr'><em>regnasse?</em></span> 
     </span>
    </p>

    <p class='ocr_par' dir='ltr' id='par_1_8' title="bbox 123 1511 1229 2630">
     <span class='ocr_line' id='line_1_16' title="bbox 134 1511 1188 1596; baseline 0.008 -21"><span class='ocrx_word' id='word_1_126' title='bbox 134 1513 172 1575; x_wconf 83' lang='lat'><em>1.</em></span> <span class='ocrx_word' id='word_1_127' title='bbox 187 1515 299 1577; x_wconf 83' lang='lat' dir='ltr'><em>deiude</em></span> <span class='ocrx_word' id='word_1_128' title='bbox 318 1513 532 1596; x_wconf 81' lang='lat' dir='ltr'><em>Tarquinium,</em></span> <span class='ocrx_word' id='word_1_129' title='bbox 546 1511 572 1550; x_wconf 80' lang='lat'><em>²⁰</em></span> <span class='ocrx_word' id='word_1_130' title='bbox 583 1535 643 1576; x_wconf 85' lang='lat' dir='ltr'><em>mom</em></span> <span class='ocrx_word' id='word_1_131' title='bbox 660 1514 808 1578; x_wconf 83' lang='lat' dir='ltr'><em>Romana</em></span> <span class='ocrx_word' id='word_1_132' title='bbox 821 1517 932 1592; x_wconf 69' lang='lat' dir='ltr'><em>modu,</em></span> <span class='ocrx_word' id='word_1_133' title='bbox 947 1518 1001 1580; x_wconf 86' lang='lat' dir='ltr'><em>scd</em></span> <span class='ocrx_word' id='word_1_134' title='bbox 1013 1538 1052 1580; x_wconf 85' lang='lat' dir='ltr'><em>me</em></span> <span class='ocrx_word' id='word_1_135' title='bbox 1064 1519 1188 1584; x_wconf 80' lang='lat' dir='ltr'><em>Italicae</em></span> 
     </span>
     <span class='ocr_line' id='line_1_17' title="bbox 132 1599 1186 1685; baseline 0.007 -24"><span class='ocrx_word' id='word_1_136' title='bbox 132 1601 248 1682; x_wconf 84' lang='lat' dir='ltr'><em>quidem</em></span> <span class='ocrx_word' id='word_1_137' title='bbox 256 1599 369 1685; x_wconf 85' lang='lat' dir='ltr'><em>geniis,</em></span> <span class='ocrx_word' id='word_1_138' title='bbox 383 1600 555 1662; x_wconf 81' lang='lat' dir='ltr'><em>Demarati</em></span> <span class='ocrx_word' id='word_1_139' title='bbox 562 1613 573 1640; x_wconf 76' lang='lat'><em>⁰</em></span> <span class='ocrx_word' id='word_1_140' title='bbox 585 1599 743 1680; x_wconf 75' lang='lat' dir='ltr'><em>Corinthii</em></span> <span class='ocrx_word' id='word_1_141' title='bbox 742 1602 863 1682; x_wconf 79' lang='lat' dir='ltr'><em>filium,</em></span> <span class='ocrx_word' id='word_1_142' title='bbox 874 1600 899 1640; x_wconf 83' lang='lat'><em>²¹</em></span> <span class='ocrx_word' id='word_1_143' title='bbox 909 1604 1038 1666; x_wconf 86' lang='lat' dir='ltr'><em>incolam</em></span> <span class='ocrx_word' id='word_1_144' title='bbox 1049 1604 1089 1666; x_wconf 84' lang='lat' dir='ltr'><em>ab</em></span> <span class='ocrx_word' id='word_1_145' title='bbox 1105 1605 1186 1668; x_wconf 86' lang='lat' dir='ltr'><em>Tar-</em></span> 
     </span>
     <span class='ocr_line' id='line_1_18' title="bbox 133 1684 1186 1774; baseline 0.006 -26"><span class='ocrx_word' id='word_1_146' title='bbox 133 1687 255 1768; x_wconf 82' lang='lat' dir='ltr'><em>quiniis,</em></span> <span class='ocrx_word' id='word_1_147' title='bbox 275 1687 354 1750; x_wconf 84' lang='lat' dir='ltr'><em>vivis</em></span> <span class='ocrx_word' id='word_1_148' title='bbox 375 1685 481 1748; x_wconf 81' lang='lat' dir='ltr'><em>libm&#39;s</em></span> <span class='ocrx_word' id='word_1_149' title='bbox 494 1686 583 1760; x_wconf 84' lang='lat' dir='ltr'><em>Anci,</em></span> <span class='ocrx_word' id='word_1_150' title='bbox 599 1684 852 1770; x_wconf 76' lang='lat' dir='ltr'><em>regemsoctum?</em></span> <span class='ocrx_word' id='word_1_151' title='bbox 886 1690 951 1754; x_wconf 84' lang='lat' dir='ltr'><em>Ser.</em></span> <span class='ocrx_word' id='word_1_152' title='bbox 972 1687 1105 1754; x_wconf 71' lang='lat' dir='ltr'><em>Tullium</em></span> <span class='ocrx_word' id='word_1_153' title='bbox 1113 1700 1186 1774; x_wconf 85' lang='lat' dir='ltr'><em>post</em></span> 
     </span>
     <span class='ocr_line' id='line_1_19' title="bbox 130 1771 1185 1856; baseline 0.009 -24"><span class='ocrx_word' id='word_1_154' title='bbox 130 1771 215 1848; x_wconf 77' lang='lat' dir='ltr'><em>lunc,</em></span> <span class='ocrx_word' id='word_1_155' title='bbox 237 1773 364 1854; x_wconf 82' lang='lat' dir='ltr'><em>captiuo</em></span> <span class='ocrx_word' id='word_1_156' title='bbox 381 1771 586 1835; x_wconf 76' lang='lat' dir='ltr'><em>Corniculum</em></span> <span class='ocrx_word' id='word_1_157' title='bbox 609 1782 722 1848; x_wconf 85' lang='lat' dir='ltr'><em>mutum,</em></span> <span class='ocrx_word' id='word_1_158' title='bbox 744 1782 835 1856; x_wconf 80' lang='lat' dir='ltr'><em>patre</em></span> <span class='ocrx_word' id='word_1_159' title='bbox 858 1777 952 1850; x_wconf 85' lang='lat' dir='ltr'><em>nullo,</em></span> <span class='ocrx_word' id='word_1_160' title='bbox 968 1785 1066 1840; x_wconf 86' lang='lat' dir='ltr'><em>matre</em></span> <span class='ocrx_word' id='word_1_161' title='bbox 1086 1799 1185 1854; x_wconf 83' lang='lat' dir='ltr'><em>serva,</em></span> 
     </span>
     <span class='ocr_line' id='line_1_20' title="bbox 131 1858 1184 1942; baseline 0.009 -23"><span class='ocrx_word' id='word_1_162' title='bbox 131 1858 265 1942; x_wconf 81' lang='lat' dir='ltr'><em>ingenio,</em></span> <span class='ocrx_word' id='word_1_163' title='bbox 280 1858 394 1920; x_wconf 75' lang='lat' dir='ltr'><em>virtute</em></span> <span class='ocrx_word' id='word_1_164' title='bbox 407 1877 530 1940; x_wconf 81' lang='lat' dir='ltr'><em>regnttm</em></span> <span class='ocrx_word' id='word_1_165' title='bbox 544 1860 699 1922; x_wconf 84' lang='lat' dir='ltr'><em>tenuisse?</em></span> <span class='ocrx_word' id='word_1_166' title='bbox 725 1858 812 1935; x_wconf 74' lang='lat' dir='ltr'><em>Quid</em></span> <span class='ocrx_word' id='word_1_167' title='bbox 824 1862 903 1923; x_wconf 86' lang='lat' dir='ltr'><em>euim</em></span> <span class='ocrx_word' id='word_1_168' title='bbox 914 1864 952 1924; x_wconf 85' lang='lat' dir='ltr'><em>de</em></span> <span class='ocrx_word' id='word_1_169' title='bbox 967 1861 1003 1924; x_wconf 91' lang='lat' dir='ltr'><em>T.</em></span> <span class='ocrx_word' id='word_1_170' title='bbox 1020 1862 1115 1926; x_wconf 87' lang='lat' dir='ltr'><em>Tatio</em></span> <span class='ocrx_word' id='word_1_171' title='bbox 1127 1863 1184 1928; x_wconf 90' lang='lat' dir='ltr'><em>Sa·</em></span> 
     </span>
     <span class='ocr_line' id='line_1_21' title="bbox 129 1943 1186 2028; baseline 0.008 -22"><span class='ocrx_word' id='word_1_172' title='bbox 129 1943 199 2006; x_wconf 80' lang='lat' dir='ltr'><em>iimo</em></span> <span class='ocrx_word' id='word_1_173' title='bbox 213 1946 325 2020; x_wconf 87' lang='lat' dir='ltr'><em>dicam,</em></span> <span class='ocrx_word' id='word_1_174' title='bbox 341 1963 425 2028; x_wconf 85' lang='lat' dir='ltr'><em>quem</em></span> <span class='ocrx_word' id='word_1_175' title='bbox 449 1945 513 2026; x_wconf 76' lang='lat' dir='ltr'><em>ipm</em></span> <span class='ocrx_word' id='word_1_176' title='bbox 534 1943 690 2021; x_wconf 85' lang='lat' dir='ltr'><em>Romulus,</em></span> <span class='ocrx_word' id='word_1_177' title='bbox 708 1965 825 2028; x_wconf 85' lang='lat' dir='ltr'><em>pareus</em></span> <span class='ocrx_word' id='word_1_178' title='bbox 845 1946 938 2023; x_wconf 82' lang='lat' dir='ltr'><em>urbis,</em></span> <span class='ocrx_word' id='word_1_179' title='bbox 962 1950 1186 2014; x_wconf 84' lang='lat' dir='ltr'><em>insacietatem</em></span> 
     </span>
     <span class='ocr_line' id='line_1_22' title="bbox 129 2029 1186 2119; baseline 0.01 -30"><span class='ocrx_word' id='word_1_180' title='bbox 129 2032 218 2113; x_wconf 82' lang='lat' dir='ltr'><em>regni</em></span> <span class='ocrx_word' id='word_1_181' title='bbox 229 2033 376 2112; x_wconf 85' lang='lat' dir='ltr'><em>accepit?</em></span> <span class='ocrx_word' id='word_1_182' title='bbox 393 2029 489 2112; x_wconf 84' lang='lat' dir='ltr'><em>Ergo,</em></span> <span class='ocrx_word' id='word_1_183' title='bbox 506 2031 575 2092; x_wconf 77' lang='lat' dir='ltr'><em>cium</em></span> <span class='ocrx_word' id='word_1_184' title='bbox 589 2032 702 2094; x_wconf 86' lang='lat' dir='ltr'><em>mullum</em></span> <span class='ocrx_word' id='word_1_185' title='bbox 704 2032 879 2116; x_wconf 83' lang='lat' dir='ltr'><em>fastiditur</em></span> <span class='ocrx_word' id='word_1_186' title='bbox 884 2055 990 2116; x_wconf 79' lang='lat' dir='ltr'><em>gentes,</em></span> <span class='ocrx_word' id='word_1_187' title='bbox 1007 2036 1040 2096; x_wconf 85' lang='lat' dir='ltr'><em>im</em></span> <span class='ocrx_word' id='word_1_188' title='bbox 1050 2057 1109 2119; x_wconf 86' lang='lat' dir='ltr'><em>quo</em></span> <span class='ocrx_word' id='word_1_189' title='bbox 1119 2037 1186 2100; x_wconf 87' lang='lat' dir='ltr'><em>eui-</em></span> 
     </span>
     <span class='ocr_line' id='line_1_23' title="bbox 129 2116 1187 2198; baseline 0.009 -21"><span class='ocrx_word' id='word_1_190' title='bbox 129 2125 204 2178; x_wconf 86' lang='lat' dir='ltr'><em>ierel</em></span> <span class='ocrx_word' id='word_1_191' title='bbox 225 2118 336 2192; x_wconf 84' lang='lat' dir='ltr'><em>uirtus,</em></span> <span class='ocrx_word' id='word_1_192' title='bbox 351 2118 446 2180; x_wconf 84' lang='lat' dir='ltr'><em>creuit</em></span> <span class='ocrx_word' id='word_1_193' title='bbox 466 2116 624 2198; x_wconf 76' lang='lat' dir='ltr'><em>inspeciem</em></span> <span class='ocrx_word' id='word_1_194' title='bbox 639 2117 821 2180; x_wconf 83' lang='lat' dir='ltr'><em>Romanum.</em></span> <span class='ocrx_word' id='word_1_195' title='bbox 864 2121 1022 2184; x_wconf 82' lang='lat' dir='ltr'><em>Poeuileat</em></span> <span class='ocrx_word' id='word_1_196' title='bbox 1042 2142 1122 2184; x_wconf 83' lang='lat' dir='ltr'><em>murto</em></span> <span class='ocrx_word' id='word_1_197' title='bbox 1135 2145 1187 2187; x_wconf 79' lang='lat' dir='ltr'><em>zos</em></span> 
     </span>
     <span class='ocr_line' id='line_1_24' title="bbox 123 2199 1186 2290; baseline 0.007 -26"><span class='ocrx_word' id='word_1_198' title='bbox 123 2201 240 2282; x_wconf 83' lang='lat' dir='ltr'><em>plebeii</em></span> <span class='ocrx_word' id='word_1_199' title='bbox 247 2203 387 2278; x_wconf 72' lang='lat' dir='ltr'><em>canulis,</em></span> <span class='ocrx_word' id='word_1_200' title='bbox 397 2223 485 2286; x_wconf 73' lang='lat' dir='ltr'><em>queem</em></span> <span class='ocrx_word' id='word_1_201' title='bbox 494 2199 622 2284; x_wconf 83' lang='lat' dir='ltr'><em>majores</em></span> <span class='ocrx_word' id='word_1_202' title='bbox 630 2205 728 2266; x_wconf 85' lang='lat' dir='ltr'><em>nostri</em></span> <span class='ocrx_word' id='word_1_203' title='bbox 738 2205 872 2268; x_wconf 84' lang='lat' dir='ltr'><em>aduenas</em></span> <span class='ocrx_word' id='word_1_204' title='bbox 880 2226 965 2288; x_wconf 84' lang='lat' dir='ltr'><em>reges</em></span> <span class='ocrx_word' id='word_1_205' title='bbox 973 2207 1186 2290; x_wconf 83' lang='lat' dir='ltr'><em>monsostidie·</em></span> 
     </span>
     <span class='ocr_line' id='line_1_25' title="bbox 128 2288 1186 2376; baseline 0.005 -26"><span class='ocrx_word' id='word_1_206' title='bbox 128 2289 202 2365; x_wconf 79' lang='lat' dir='ltr'><em>rint,</em></span> <span class='ocrx_word' id='word_1_207' title='bbox 218 2299 250 2352; x_wconf 85' lang='lat' dir='ltr'><em>et</em></span> <span class='ocrx_word' id='word_1_208' title='bbox 264 2309 303 2351; x_wconf 87' lang='lat' dir='ltr'><em>ue</em></span> <span class='ocrx_word' id='word_1_209' title='bbox 316 2288 435 2372; x_wconf 83' lang='lat' dir='ltr'><em>regibus</em></span> <span class='ocrx_word' id='word_1_210' title='bbox 449 2289 568 2371; x_wconf 83' lang='lat' dir='ltr'><em>quidem</em></span> <span class='ocrx_word' id='word_1_211' title='bbox 582 2289 698 2351; x_wconf 69' lang='lat' dir='ltr'><em>exactis</em></span> <span class='ocrx_word' id='word_1_212' title='bbox 707 2290 810 2353; x_wconf 87' lang='lat' dir='ltr'><em>clausa</em></span> <span class='ocrx_word' id='word_1_213' title='bbox 820 2289 1001 2376; x_wconf 76' lang='lat' dir='ltr'><em>urbsfiserii</em></span> <span class='ocrx_word' id='word_1_214' title='bbox 1008 2295 1186 2376; x_wconf 80' lang='lat' dir='ltr'><em>peregrinae</em></span> 
     </span>
     <span class='ocr_line' id='line_1_26' title="bbox 127 2375 1186 2458; baseline 0.007 -22"><span class='ocrx_word' id='word_1_215' title='bbox 127 2375 247 2438; x_wconf 73' lang='lat' dir='ltr'><em>metreti-</em></span> <span class='ocrx_word' id='word_1_216' title='bbox 293 2375 456 2438; x_wconf 81' lang='lat' dir='ltr'><em>Claudiam</em></span> <span class='ocrx_word' id='word_1_217' title='bbox 470 2383 550 2438; x_wconf 85' lang='lat' dir='ltr'><em>certe</em></span> <span class='ocrx_word' id='word_1_218' title='bbox 560 2383 679 2455; x_wconf 83' lang='lat' dir='ltr'><em>geniem</em></span> <span class='ocrx_word' id='word_1_219' title='bbox 694 2383 766 2456; x_wconf 80' lang='lat' dir='ltr'><em>post</em></span> <span class='ocrx_word' id='word_1_220' title='bbox 780 2397 864 2458; x_wconf 87' lang='lat' dir='ltr'><em>reges</em></span> <span class='ocrx_word' id='word_1_221' title='bbox 877 2385 997 2439; x_wconf 75' lang='lat' dir='ltr'><em>eremos</em></span> <span class='ocrx_word' id='word_1_222' title='bbox 1010 2399 1048 2438; x_wconf 79' lang='lat' dir='ltr'><em>ec</em></span> <span class='ocrx_word' id='word_1_223' title='bbox 1061 2377 1186 2444; x_wconf 75' lang='lat' dir='ltr'><em>Sabinis</em></span> 
     </span>
     <span class='ocr_line' id='line_1_27' title="bbox 127 2461 1229 2544; baseline 0.004 -22"><span class='ocrx_word' id='word_1_224' title='bbox 127 2481 188 2522; x_wconf 86' lang='lat' dir='ltr'><em>nou</em></span> <span class='ocrx_word' id='word_1_225' title='bbox 202 2462 237 2523; x_wconf 86' lang='lat' dir='ltr'><em>im</em></span> <span class='ocrx_word' id='word_1_226' title='bbox 252 2461 406 2524; x_wconf 82' lang='lat' dir='ltr'><em>ciuitatem</em></span> <span class='ocrx_word' id='word_1_227' title='bbox 417 2461 506 2522; x_wconf 77' lang='lat' dir='ltr'><em>&#39;modo</em></span> <span class='ocrx_word' id='word_1_228' title='bbox 516 2461 691 2542; x_wconf 84' lang='lat' dir='ltr'><em>accepimus,</em></span> <span class='ocrx_word' id='word_1_229' title='bbox 706 2461 860 2523; x_wconf 85' lang='lat' dir='ltr'><em>sedetiam</em></span> <span class='ocrx_word' id='word_1_230' title='bbox 872 2463 906 2523; x_wconf 87' lang='lat' dir='ltr'><em>im</em></span> <span class='ocrx_word' id='word_1_231' title='bbox 915 2463 1119 2544; x_wconf 78' lang='lat' dir='ltr'><em>patriciorum</em></span> <span class='ocrx_word' id='word_1_232' title='bbox 1128 2485 1185 2526; x_wconf 88' lang='lat' dir='ltr'><em>uu·</em></span> <span class='ocrx_word' id='word_1_233' title='bbox 1222 2474 1229 2486; x_wconf 92' lang='lat'>&#39;</span> 
     </span>
     <span class='ocr_line' id='line_1_28' title="bbox 127 2545 1186 2630; baseline 0.005 -21"><span class='ocrx_word' id='word_1_234' title='bbox 127 2549 266 2610; x_wconf 74' lang='lat' dir='ltr'><em>mm?</em></span> <span class='ocrx_word' id='word_1_235' title='bbox 288 2547 343 2608; x_wconf 82' lang='lat' dir='ltr'><em>Ee</em></span> <span class='ocrx_word' id='word_1_236' title='bbox 357 2547 563 2630; x_wconf 81' lang='lat' dir='ltr'><em>peregrinone</em></span> <span class='ocrx_word' id='word_1_237' title='bbox 578 2545 743 2627; x_wconf 83' lang='lat' dir='ltr'><em>patricius,</em></span> <span class='ocrx_word' id='word_1_238' title='bbox 760 2545 870 2609; x_wconf 86' lang='lat' dir='ltr'><em>deinde</em></span> <span class='ocrx_word' id='word_1_239' title='bbox 882 2547 1087 2629; x_wconf 71' lang='lat' dir='ltr'><em>constristat?</em></span> <span class='ocrx_word' id='word_1_240' title='bbox 1108 2551 1186 2615; x_wconf 84' lang='lat' dir='ltr'><em>ciuis</em></span> 
     </span>
    </p>
   </div>
   <div class='ocr_carea' id='block_1_3' title="bbox 259 2729 1055 2784">
    <p class='ocr_par' dir='ltr' id='par_1_9' title="bbox 259 2729 1055 2784">
     <span class='ocr_line' id='line_1_29' title="bbox 259 2729 1055 2784; baseline 0.003 -2"><span class='ocrx_word' id='word_1_241' title='bbox 259 2733 272 2772; x_wconf 78' lang='lat' dir='ltr'><em>b</em></span> <span class='ocrx_word' id='word_1_242' title='bbox 288 2749 332 2782; x_wconf 76' lang='lat' dir='ltr'><em>ron</em></span> <span class='ocrx_word' id='word_1_243' title='bbox 343 2735 409 2782; x_wconf 81' lang='lat' dir='ltr'><em>rucio</em></span> <span class='ocrx_word' id='word_1_244' title='bbox 421 2735 531 2783; x_wconf 73' lang='lat' dir='ltr'><em>Romame</em></span> <span class='ocrx_word' id='word_1_245' title='bbox 541 2729 615 2782; x_wconf 75' lang='lat' dir='ltr'><em>Gion.</em></span> <span class='ocrx_word' id='word_1_246' title='bbox 628 2736 696 2782; x_wconf 77' lang='lat' dir='ltr'><em>Cres.</em></span> <span class='ocrx_word' id='word_1_247' title='bbox 824 2736 836 2766; x_wconf 76' lang='lat'><strong><em>⁶</em></strong></span> <span class='ocrx_word' id='word_1_248' title='bbox 852 2735 972 2784; x_wconf 74' lang='lat' dir='ltr'><em>Demarati</em></span> <span class='ocrx_word' id='word_1_249' title='bbox 985 2736 1055 2784; x_wconf 76' lang='lat' dir='ltr'><em>cres.</em></span> 
     </span>
    </p>
   </div>
   <div class='ocr_carea' id='block_1_4' title="bbox 126 2901 1227 4379">
    <p class='ocr_par' dir='ltr' id='par_1_10' title="bbox 126 2901 1227 4379">
     <span class='ocr_line' id='line_1_30' title="bbox 161 2901 1185 2963; baseline -0.002 -13"><span class='ocrx_word' id='word_1_250' title='bbox 161 2901 324 2950; x_wconf 74' lang='lat' dir='ltr'><em>li&#39;l’erimle</em></span> <span class='ocrx_word' id='word_1_251' title='bbox 348 2902 390 2948; x_wconf 83' lang='lat' dir='ltr'><em>boe</em></span> <span class='ocrx_word' id='word_1_252' title='bbox 421 2903 489 2958; x_wconf 85' lang='lat' dir='ltr'><em>vnlcl,</em></span> <span class='ocrx_word' id='word_1_253' title='bbox 512 2902 642 2963; x_wconf 68' lang='lat' dir='ltr'><em>plebeiusne</em></span> <span class='ocrx_word' id='word_1_254' title='bbox 673 2916 689 2949; x_wconf 82' lang='grc' dir='ltr'>ι</span> <span class='ocrx_word' id='word_1_255' title='bbox 702 2901 865 2962; x_wconf 80' lang='lat' dir='ltr'><em>pontificibus,</em></span> <span class='ocrx_word' id='word_1_256' title='bbox 877 2901 919 2963; x_wconf 82' lang='lat' dir='ltr'><em>qui</em></span> <span class='ocrx_word' id='word_1_257' title='bbox 937 2907 990 2949; x_wconf 88' lang='lat' dir='ltr'><em>tum</em></span> <span class='ocrx_word' id='word_1_258' title='bbox 1007 2913 1092 2947; x_wconf 83' lang='lat' dir='ltr'><em>omnes</em></span> <span class='ocrx_word' id='word_1_259' title='bbox 1111 2903 1185 2960; x_wconf 80' lang='lat' dir='ltr'><em>putri·</em></span> 
     </span>
     <span class='ocr_line' id='line_1_31' title="bbox 128 2963 1185 3030; baseline -0.002 -16"><span class='ocrx_word' id='word_1_260' title='bbox 128 2968 205 3014; x_wconf 75' lang='lat' dir='ltr'><em>emar}</em></span> <span class='ocrx_word' id='word_1_261' title='bbox 215 2963 277 3030; x_wconf 65' lang='lat' dir='ltr'><em>flat]</em></span> <span class='ocrx_word' id='word_1_262' title='bbox 304 2965 337 3012; x_wconf 85' lang='lat' dir='ltr'><em>Et</em></span> <span class='ocrx_word' id='word_1_263' title='bbox 355 2979 432 3027; x_wconf 90' lang='lat' dir='ltr'><em>quum</em></span> <span class='ocrx_word' id='word_1_264' title='bbox 451 2969 497 3014; x_wconf 88' lang='lat' dir='ltr'><em>hoc</em></span> <span class='ocrx_word' id='word_1_265' title='bbox 517 2968 641 3028; x_wconf 69' lang='lat' dir='ltr'><em>quaritur,</em></span> <span class='ocrx_word' id='word_1_266' title='bbox 673 2967 704 3014; x_wconf 85' lang='lat' dir='ltr'><em>eii</em></span> <span class='ocrx_word' id='word_1_267' title='bbox 731 2973 811 3025; x_wconf 82' lang='lat' dir='ltr'><em>erent,</em></span> <span class='ocrx_word' id='word_1_268' title='bbox 838 2967 981 3014; x_wconf 78' lang='lat' dir='ltr'><em>cumbetur:</em></span> <span class='ocrx_word' id='word_1_269' title='bbox 1011 2969 1142 3025; x_wconf 85' lang='lat' dir='ltr'><em>utrumque</em></span> <span class='ocrx_word' id='word_1_270' title='bbox 1170 2980 1185 3012; x_wconf 82' lang='lat' dir='ltr'><em>u</em></span> 
     </span>
     <span class='ocr_line' id='line_1_32' title="bbox 127 3029 1185 3092; baseline -0.002 -14"><span class='ocrx_word' id='word_1_271' title='bbox 127 3032 213 3080; x_wconf 76' lang='lat' dir='ltr'><em>licetne</em></span> <span class='ocrx_word' id='word_1_272' title='bbox 231 3031 354 3090; x_wconf 85' lang='lat' dir='ltr'><em>plebeium</em></span> <span class='ocrx_word' id='word_1_273' title='bbox 371 3033 494 3078; x_wconf 84' lang='lat' dir='ltr'><em>consulem</em></span> <span class='ocrx_word' id='word_1_274' title='bbox 506 3032 568 3089; x_wconf 83' lang='lat' dir='ltr'><em>lieri,</em></span> <span class='ocrx_word' id='word_1_275' title='bbox 587 3045 640 3092; x_wconf 83' lang='lat' dir='ltr'><em>per-</em></span> <span class='ocrx_word' id='word_1_276' title='bbox 672 3031 738 3092; x_wconf 74' lang='lat' dir='ltr'><em>vulgi</em></span> <span class='ocrx_word' id='word_1_277' title='bbox 758 3031 844 3077; x_wconf 74' lang='lat' dir='ltr'><em>notitia</em></span> <span class='ocrx_word' id='word_1_278' title='bbox 860 3031 1035 3077; x_wconf 75' lang='lat' dir='ltr'><em>removebatur.</em></span> <span class='ocrx_word' id='word_1_279' title='bbox 1070 3029 1108 3076; x_wconf 87' lang='lat' dir='ltr'><em>De</em></span> <span class='ocrx_word' id='word_1_280' title='bbox 1129 3043 1185 3090; x_wconf 78' lang='lat' dir='ltr'><em>por-</em></span> 
     </span>
     <span class='ocr_line' id='line_1_33' title="bbox 128 3094 1185 3156; baseline 0.001 -15"><span class='ocrx_word' id='word_1_281' title='bbox 128 3096 182 3144; x_wconf 86' lang='lat' dir='ltr'><em>inde</em></span> <span class='ocrx_word' id='word_1_282' title='bbox 215 3097 263 3142; x_wconf 86' lang='lat' dir='ltr'><em>hcc</em></span> <span class='ocrx_word' id='word_1_283' title='bbox 295 3095 461 3156; x_wconf 79' lang='lat' dir='ltr'><em>accipiendum</em></span> <span class='ocrx_word' id='word_1_284' title='bbox 504 3105 550 3151; x_wconf 85' lang='lat' dir='ltr'><em>cst,</em></span> <span class='ocrx_word' id='word_1_285' title='bbox 587 3105 639 3142; x_wconf 85' lang='lat' dir='ltr'><em>ten·</em></span> <span class='ocrx_word' id='word_1_286' title='bbox 673 3096 758 3142; x_wconf 84' lang='lat' dir='ltr'><em>teriotc</em></span> <span class='ocrx_word' id='word_1_287' title='bbox 785 3095 892 3142; x_wconf 74' lang='lat' dir='ltr'><em>maxime</em></span> <span class='ocrx_word' id='word_1_288' title='bbox 918 3095 1013 3141; x_wconf 79' lang='lat' dir='ltr'><em>videtur</em></span> <span class='ocrx_word' id='word_1_289' title='bbox 1040 3094 1081 3141; x_wconf 88' lang='lat' dir='ltr'><em>hic</em></span> <span class='ocrx_word' id='word_1_290' title='bbox 1105 3107 1185 3142; x_wconf 80' lang='lat' dir='ltr'><em>sermo</em></span> 
     </span>
     <span class='ocr_line' id='line_1_34' title="bbox 174 3173 730 3210; baseline -0.004 -3"><span class='ocrx_word' id='word_1_291' title='bbox 174 3175 235 3210; x_wconf 86' lang='lat' dir='ltr'><em>m..</em></span> <span class='ocrx_word' id='word_1_292' title='bbox 248 3191 276 3208; x_wconf 90' lang='lat'><em>..</em></span> <span class='ocrx_word' id='word_1_293' title='bbox 671 3173 730 3205; x_wconf 79' lang='lat' dir='ltr'><em>esse.</em></span> 
     </span>
     <span class='ocr_line' id='line_1_35' title="bbox 127 3175 1185 3287; baseline -0.005 -15"><span class='ocrx_word' id='word_1_294' title='bbox 127 3175 191 3272; x_wconf 61' lang='lat' dir='ltr'><em>quii</em></span> <span class='ocrx_word' id='word_1_295' title='bbox 207 3225 236 3274; x_wconf 69' lang='lat' dir='ltr'><em>ss</em></span> <span class='ocrx_word' id='word_1_296' title='bbox 248 3223 389 3287; x_wconf 78' lang='lat' dir='ltr'><em>cliirplacei]</em></span> <span class='ocrx_word' id='word_1_297' title='bbox 407 3223 498 3272; x_wconf 83' lang='lat' dir='ltr'><em>llsiteta</em></span> <span class='ocrx_word' id='word_1_298' title='bbox 518 3227 543 3272; x_wconf 86' lang='lat' dir='ltr'><em>in</em></span> <span class='ocrx_word' id='word_1_299' title='bbox 561 3225 640 3286; x_wconf 77' lang='lat' dir='ltr'><em>indig·</em></span> <span class='ocrx_word' id='word_1_300' title='bbox 705 3222 996 3286; x_wconf 73' lang='lat' dir='ltr'><em>lscmmmtartu11n</em></span> <span class='ocrx_word' id='word_1_301' title='bbox 1015 3225 1104 3284; x_wconf 86' lang='lat' dir='ltr'><em>quibus</em></span> <span class='ocrx_word' id='word_1_302' title='bbox 1124 3237 1185 3285; x_wconf 85' lang='lat' dir='ltr'><em>pon·</em></span> 
     </span>
     <span class='ocr_line' id='line_1_36' title="bbox 126 3287 1183 3349; baseline 0.001 -14"><span class='ocrx_word' id='word_1_303' title='bbox 126 3291 225 3336; x_wconf 72' lang='lat' dir='ltr'><em>natione</em></span> <span class='ocrx_word' id='word_1_304' title='bbox 236 3288 351 3349; x_wconf 88' lang='lat' dir='ltr'><em>loquendi</em></span> <span class='ocrx_word' id='word_1_305' title='bbox 362 3287 473 3334; x_wconf 78' lang='lat' dir='ltr'><em>formula.</em></span> <span class='ocrx_word' id='word_1_306' title='bbox 671 3287 747 3333; x_wconf 74' lang='lat' dir='ltr'><em>utcu</em></span> <span class='ocrx_word' id='word_1_307' title='bbox 769 3301 867 3334; x_wconf 79' lang='lat' dir='ltr'><em>cuorum</em></span> <span class='ocrx_word' id='word_1_308' title='bbox 895 3293 1033 3348; x_wconf 64' lang='lat' dir='ltr'><em>temporum</em></span> <span class='ocrx_word' id='word_1_309' title='bbox 1057 3289 1183 3336; x_wconf 70' lang='lat' dir='ltr'><em>himerium</em></span> 
     </span>
     <span class='ocr_line' id='line_1_37' title="bbox 159 3350 1183 3416; baseline -0.002 -16"><span class='ocrx_word' id='word_1_310' title='bbox 159 3353 189 3400; x_wconf 82' lang='lat' dir='ltr'><em>tu</em></span> <span class='ocrx_word' id='word_1_311' title='bbox 206 3352 363 3416; x_wconf 65' lang='lat' dir='ltr'><em>umectans</em></span> <span class='ocrx_word' id='word_1_312' title='bbox 373 3353 430 3416; x_wconf 83' lang='lat' dir='ltr'><em>esse]</em></span> <span class='ocrx_word' id='word_1_313' title='bbox 448 3353 586 3400; x_wconf 79' lang='lat' dir='ltr'><em>Adversum</em></span> <span class='ocrx_word' id='word_1_314' title='bbox 601 3365 638 3400; x_wconf 84' lang='lat' dir='ltr'><em>re·</em></span> <span class='ocrx_word' id='word_1_315' title='bbox 672 3352 814 3398; x_wconf 76' lang='lat' dir='ltr'><em>summatim</em></span> <span class='ocrx_word' id='word_1_316' title='bbox 829 3352 1003 3400; x_wconf 75' lang='lat' dir='ltr'><em>describebant.</em></span> <span class='ocrx_word' id='word_1_317' title='bbox 1036 3350 1124 3400; x_wconf 75' lang='lat' dir='ltr'><em>Vtut.</em></span> <span class='ocrx_word' id='word_1_318' title='bbox 1138 3354 1183 3400; x_wconf 84' lang='lat' dir='ltr'><em>Vl.</em></span> 
     </span>
     <span class='ocr_line' id='line_1_38' title="bbox 127 3414 1185 3478; baseline -0.001 -14"><span class='ocrx_word' id='word_1_319' title='bbox 127 3417 228 3478; x_wconf 66' lang='lat' dir='ltr'><em>ligium</em></span> <span class='ocrx_word' id='word_1_320' title='bbox 249 3429 301 3464; x_wconf 81' lang='lat' dir='ltr'><em>esee</em></span> <span class='ocrx_word' id='word_1_321' title='bbox 322 3415 416 3464; x_wconf 85' lang='lat' dir='ltr'><em>dicunt.</em></span> <span class='ocrx_word' id='word_1_322' title='bbox 448 3415 507 3465; x_wconf 80' lang='lat' dir='ltr'><em>vu.</em></span> <span class='ocrx_word' id='word_1_323' title='bbox 529 3423 579 3466; x_wconf 88' lang='lat' dir='ltr'><em>not.</em></span> <span class='ocrx_word' id='word_1_324' title='bbox 599 3419 639 3466; x_wconf 77' lang='grc'><em>38,</em></span> <span class='ocrx_word' id='word_1_325' title='bbox 671 3430 694 3464; x_wconf 88' lang='lat' dir='ltr'><em>c.</em></span> <span class='ocrx_word' id='word_1_326' title='bbox 707 3414 729 3463; x_wconf 90' lang='lat' dir='ltr'><em>l.</em></span> <span class='ocrx_word' id='word_1_327' title='bbox 749 3415 789 3464; x_wconf 89' lang='lat' dir='ltr'><em>ubi</em></span> <span class='ocrx_word' id='word_1_328' title='bbox 809 3417 951 3476; x_wconf 76' lang='lat' dir='ltr'><em>ponuflcum</em></span> <span class='ocrx_word' id='word_1_329' title='bbox 963 3417 1133 3462; x_wconf 81' lang='lat' dir='ltr'><em>commentarii</em></span> <span class='ocrx_word' id='word_1_330' title='bbox 1147 3417 1185 3464; x_wconf 84' lang='lat' dir='ltr'><em>iu-</em></span> 
     </span>
     <span class='ocr_line' id='line_1_39' title="bbox 127 3479 1183 3544; baseline -0.001 -16"><span class='ocrx_word' id='word_1_331' title='bbox 127 3480 639 3544; x_wconf 77' lang='lat' dir='ltr'><em>ud1.82.deproprictatcvociesar,cui</em></span> <span class='ocrx_word' id='word_1_332' title='bbox 672 3487 709 3526; x_wconf 85' lang='lat' dir='ltr'><em>ter</em></span> <span class='ocrx_word' id='word_1_333' title='bbox 732 3479 845 3528; x_wconf 76' lang='lat' dir='ltr'><em>historice</em></span> <span class='ocrx_word' id='word_1_334' title='bbox 863 3485 1030 3528; x_wconf 81' lang='lat' dir='ltr'><em>monumenta</em></span> <span class='ocrx_word' id='word_1_335' title='bbox 1056 3493 1183 3527; x_wconf 77' lang='lat' dir='ltr'><em>recensen-</em></span> 
     </span>
     <span class='ocr_line' id='line_1_40' title="bbox 205 3543 1182 3606; baseline -0.001 -14"><span class='ocrx_word' id='word_1_336' title='bbox 205 3547 256 3592; x_wconf 88' lang='lat' dir='ltr'><em>itur</em></span> <span class='ocrx_word' id='word_1_337' title='bbox 266 3545 338 3606; x_wconf 60' lang='lat' dir='ltr'><em>uffae.</em></span> <span class='ocrx_word' id='word_1_338' title='bbox 671 3551 720 3592; x_wconf 88' lang='lat' dir='ltr'><em>tur.</em></span> <span class='ocrx_word' id='word_1_339' title='bbox 754 3543 830 3591; x_wconf 80' lang='lat' dir='ltr'><em>Penes</em></span> <span class='ocrx_word' id='word_1_340' title='bbox 849 3545 973 3606; x_wconf 77' lang='lat' dir='ltr'><em>pontifices</em></span> <span class='ocrx_word' id='word_1_341' title='bbox 993 3544 1067 3590; x_wconf 67' lang='lat' dir='ltr'><em>misce</em></span> <span class='ocrx_word' id='word_1_342' title='bbox 1085 3545 1182 3591; x_wconf 78' lang='lat' dir='ltr'><em>confici·</em></span> 
     </span>
     <span class='ocr_line' id='line_1_41' title="bbox 174 3607 1227 3672; baseline -0.003 -14"><span class='ocrx_word' id='word_1_343' title='bbox 174 3608 302 3672; x_wconf 77' lang='lat' dir='ltr'><em>lFartoel</em></span> <span class='ocrx_word' id='word_1_344' title='bbox 332 3607 398 3655; x_wconf 74' lang='lat' dir='ltr'><em>Facti</em></span> <span class='ocrx_word' id='word_1_345' title='bbox 420 3610 522 3670; x_wconf 81' lang='lat' dir='ltr'><em>duplicis</em></span> <span class='ocrx_word' id='word_1_346' title='bbox 545 3613 640 3670; x_wconf 76' lang='lat' dir='ltr'><em>generis</em></span> <span class='ocrx_word' id='word_1_347' title='bbox 671 3609 788 3655; x_wconf 85' lang='lat' dir='ltr'><em>endomm</em></span> <span class='ocrx_word' id='word_1_348' title='bbox 810 3610 935 3656; x_wconf 77' lang='lat' dir='ltr'><em>annalium</em></span> <span class='ocrx_word' id='word_1_349' title='bbox 956 3621 1040 3654; x_wconf 86' lang='lat' dir='ltr'><em>curam</em></span> <span class='ocrx_word' id='word_1_350' title='bbox 1062 3614 1183 3655; x_wconf 75' lang='lat' dir='ltr'><em>testantur</em></span> <span class='ocrx_word' id='word_1_351' title='bbox 1226 3661 1227 3666; x_wconf 65' lang='lat'><em>,</em></span> 
     </span>
     <span class='ocr_line' id='line_1_42' title="bbox 127 3671 1183 3734; baseline 0.001 -15"><span class='ocrx_word' id='word_1_352' title='bbox 127 3675 205 3722; x_wconf 75' lang='lat' dir='ltr'><em>tuerer</em></span> <span class='ocrx_word' id='word_1_353' title='bbox 217 3673 639 3734; x_wconf 76' lang='lat' dir='ltr'><em>eili,qutbueetliuiendrriinomen</em></span> <span class='ocrx_word' id='word_1_354' title='bbox 671 3685 747 3734; x_wconf 85' lang='lat' dir='ltr'><em>quum</em></span> <span class='ocrx_word' id='word_1_355' title='bbox 765 3674 806 3720; x_wconf 84' lang='lat' dir='ltr'><em>elii</em></span> <span class='ocrx_word' id='word_1_356' title='bbox 823 3673 904 3728; x_wconf 86' lang='lat' dir='ltr'><em>multi,</em></span> <span class='ocrx_word' id='word_1_357' title='bbox 922 3679 975 3719; x_wconf 91' lang='lat' dir='ltr'><em>tum</em></span> <span class='ocrx_word' id='word_1_358' title='bbox 993 3672 1041 3718; x_wconf 88' lang='lat' dir='ltr'><em>Cic.</em></span> <span class='ocrx_word' id='word_1_359' title='bbox 1060 3673 1076 3716; x_wconf 84' lang='lat' dir='ltr'><em>l.</em></span> <span class='ocrx_word' id='word_1_360' title='bbox 1095 3671 1129 3718; x_wconf 91' lang='lat'><em>11.</em></span> <span class='ocrx_word' id='word_1_361' title='bbox 1151 3673 1183 3720; x_wconf 84' lang='lat' dir='ltr'><em>de</em></span> 
     </span>
     <span class='ocr_line' id='line_1_43' title="bbox 126 3737 798 3798; baseline -0.004 -13"><span class='ocrx_word' id='word_1_362' title='bbox 126 3739 204 3793; x_wconf 68' lang='lat' dir='ltr'><em>istm,</em></span> <span class='ocrx_word' id='word_1_363' title='bbox 227 3739 253 3784; x_wconf 84' lang='lat' dir='ltr'><em>in</em></span> <span class='ocrx_word' id='word_1_364' title='bbox 274 3739 363 3798; x_wconf 82' lang='lat' dir='ltr'><em>quibus</em></span> <span class='ocrx_word' id='word_1_365' title='bbox 381 3744 431 3784; x_wconf 85' lang='lat' dir='ltr'><em>tota</em></span> <span class='ocrx_word' id='word_1_366' title='bbox 450 3739 545 3786; x_wconf 85' lang='lat' dir='ltr'><em>dierum</em></span> <span class='ocrx_word' id='word_1_367' title='bbox 564 3739 639 3786; x_wconf 82' lang='lat' dir='ltr'><em>iusto·</em></span> <span class='ocrx_word' id='word_1_368' title='bbox 670 3737 712 3784; x_wconf 89' lang='lat' dir='ltr'><em>0r.</em></span> <span class='ocrx_word' id='word_1_369' title='bbox 723 3749 747 3782; x_wconf 86' lang='lat' dir='ltr'><em>n.</em></span> <span class='ocrx_word' id='word_1_370' title='bbox 759 3737 798 3784; x_wconf 79' lang='lat'><em>⁵2.</em></span> 
     </span>
     <span class='ocr_line' id='line_1_44' title="bbox 127 3799 1181 3864; baseline -0.002 -14"><span class='ocrx_word' id='word_1_371' title='bbox 127 3815 180 3850; x_wconf 84' lang='lat' dir='ltr'><em>nun</em></span> <span class='ocrx_word' id='word_1_372' title='bbox 212 3802 421 3863; x_wconf 74' lang='lat' dir='ltr'><em>neimtcmmque,</em></span> <span class='ocrx_word' id='word_1_373' title='bbox 455 3803 572 3850; x_wconf 80' lang='lat' dir='ltr'><em>festorum</em></span> <span class='ocrx_word' id='word_1_374' title='bbox 600 3805 638 3850; x_wconf 85' lang='lat' dir='ltr'><em>vel</em></span> <span class='ocrx_word' id='word_1_375' title='bbox 703 3800 735 3849; x_wconf 81' lang='lat'><em>19</em></span> <span class='ocrx_word' id='word_1_376' title='bbox 744 3801 783 3848; x_wconf 76' lang='lat' dir='ltr'><em>Er</em></span> <span class='ocrx_word' id='word_1_377' title='bbox 792 3801 905 3864; x_wconf 77' lang='lat' dir='ltr'><em>umquam]</em></span> <span class='ocrx_word' id='word_1_378' title='bbox 923 3799 1106 3862; x_wconf 80' lang='lat' dir='ltr'><em>Nunquamne?</em></span> <span class='ocrx_word' id='word_1_379' title='bbox 1122 3800 1181 3848; x_wconf 78' lang='lat' dir='ltr'><em>vid.</em></span> 
     </span>
     <span class='ocr_line' id='line_1_45' title="bbox 128 3863 1116 3926; baseline -0.003 -13"><span class='ocrx_word' id='word_1_380' title='bbox 128 3867 287 3926; x_wconf 70' lang='lat' dir='ltr'><em>protaturum</em></span> <span class='ocrx_word' id='word_1_381' title='bbox 310 3871 359 3914; x_wconf 85' lang='lat' dir='ltr'><em>etc.</em></span> <span class='ocrx_word' id='word_1_382' title='bbox 381 3867 442 3912; x_wconf 81' lang='lat' dir='ltr'><em>ratio</em></span> <span class='ocrx_word' id='word_1_383' title='bbox 463 3867 637 3914; x_wconf 78' lang='lat' dir='ltr'><em>continebatur.</em></span> <span class='ocrx_word' id='word_1_384' title='bbox 670 3866 686 3912; x_wconf 91' lang='lat' dir='ltr'><em>l.</em></span> <span class='ocrx_word' id='word_1_385' title='bbox 699 3865 734 3912; x_wconf 82' lang='grc' dir='ltr'><em>Χ.</em></span> <span class='ocrx_word' id='word_1_386' title='bbox 746 3880 768 3915; x_wconf 83' lang='lat' dir='ltr'><em>r.</em></span> <span class='ocrx_word' id='word_1_387' title='bbox 778 3865 803 3914; x_wconf 81' lang='grc'><em>8.</em></span> <span class='ocrx_word' id='word_1_388' title='bbox 815 3865 911 3912; x_wconf 84' lang='lat' dir='ltr'>XXIV.</span> <span class='ocrx_word' id='word_1_389' title='bbox 925 3863 962 3910; x_wconf 74' lang='lat' dir='ltr'><em>tt</em></span> <span class='ocrx_word' id='word_1_390' title='bbox 975 3863 1064 3912; x_wconf 81' lang='lat' dir='ltr'>XXX.</span> <span class='ocrx_word' id='word_1_391' title='bbox 1076 3863 1116 3912; x_wconf 80' lang='lat' dir='ltr'><em>tt.</em></span> 
     </span>
     <span class='ocr_line' id='line_1_46' title="bbox 130 3927 1182 3993; baseline 0 -17"><span class='ocrx_word' id='word_1_392' title='bbox 130 3930 179 3978; x_wconf 76' lang='lat' dir='ltr'><em>flor</em></span> <span class='ocrx_word' id='word_1_393' title='bbox 190 3931 266 3977; x_wconf 77' lang='lat' dir='ltr'><em>festor</em></span> <span class='ocrx_word' id='word_1_394' title='bbox 277 3929 401 3992; x_wconf 75' lang='lat' dir='ltr'><em>evulgavit</em></span> <span class='ocrx_word' id='word_1_395' title='bbox 417 3931 460 3978; x_wconf 88' lang='lat' dir='ltr'><em>Cn.</em></span> <span class='ocrx_word' id='word_1_396' title='bbox 474 3929 570 3979; x_wconf 78' lang='lat' dir='ltr'><em>Pierius</em></span> <span class='ocrx_word' id='word_1_397' title='bbox 581 3933 639 3978; x_wconf 82' lang='lat' dir='ltr'><em>scri·</em></span> <span class='ocrx_word' id='word_1_398' title='bbox 703 3930 735 3978; x_wconf 80' lang='lat' dir='ltr'><em>to</em></span> <span class='ocrx_word' id='word_1_399' title='bbox 752 3927 809 3976; x_wconf 82' lang='lat' dir='ltr'><em>Nou</em></span> <span class='ocrx_word' id='word_1_400' title='bbox 820 3928 885 3976; x_wconf 78' lang='lat' dir='ltr'><em>macto</em></span> <span class='ocrx_word' id='word_1_401' title='bbox 896 3929 1018 3993; x_wconf 78' lang='lat' dir='ltr'><em>Borrama]</em></span> <span class='ocrx_word' id='word_1_402' title='bbox 1040 3927 1096 3976; x_wconf 81' lang='lat' dir='ltr'><em>Non</em></span> <span class='ocrx_word' id='word_1_403' title='bbox 1108 3932 1182 3976; x_wconf 84' lang='lat' dir='ltr'><em>modo</em></span> 
     </span>
     <span class='ocr_line' id='line_1_47' title="bbox 128 3992 1223 4054; baseline -0.007 -12"><span class='ocrx_word' id='word_1_404' title='bbox 128 3995 211 4048; x_wconf 48' lang='lat' dir='ltr'><em>knut</em></span> <span class='ocrx_word' id='word_1_405' title='bbox 229 3993 507 4044; x_wconf 79' lang='lat' dir='ltr'><em>hebeturLlX.e.ib.</em></span> <span class='ocrx_word' id='word_1_406' title='bbox 540 3995 637 4054; x_wconf 57' lang='lat' dir='ltr'><em>Alium</em></span> <span class='ocrx_word' id='word_1_407' title='bbox 669 4008 726 4041; x_wconf 87' lang='lat' dir='ltr'><em>non.</em></span> <span class='ocrx_word' id='word_1_408' title='bbox 739 3993 796 4040; x_wconf 80' lang='lat' dir='ltr'><em>vid.</em></span> <span class='ocrx_word' id='word_1_409' title='bbox 808 3993 823 4038; x_wconf 91' lang='lat'><em>1.</em></span> <span class='ocrx_word' id='word_1_410' title='bbox 837 3995 856 4040; x_wconf 87' lang='lat'><em>1.</em></span> <span class='ocrx_word' id='word_1_411' title='bbox 867 3992 940 4040; x_wconf 71' lang='lat' dir='ltr'><em>ctu</em></span> <span class='ocrx_word' id='word_1_412' title='bbox 1221 4023 1223 4034; x_wconf 82' lang='grc'><strong>.</strong></span> 
     </span>
     <span class='ocr_line' id='line_1_48' title="bbox 128 4055 1182 4121; baseline 0 -16"><span class='ocrx_word' id='word_1_413' title='bbox 128 4060 223 4118; x_wconf 72' lang='lat' dir='ltr'><em>qulbtn‘</em></span> <span class='ocrx_word' id='word_1_414' title='bbox 234 4059 337 4106; x_wconf 80' lang='lat' dir='ltr'><em>nomine</em></span> <span class='ocrx_word' id='word_1_415' title='bbox 355 4061 540 4118; x_wconf 75' lang='lat' dir='ltr'><em>magistratuum</em></span> <span class='ocrx_word' id='word_1_416' title='bbox 557 4055 640 4121; x_wconf 80' lang='lat' dir='ltr'><em>cujus·</em></span> <span class='ocrx_word' id='word_1_417' title='bbox 701 4059 730 4106; x_wconf 82' lang='lat'><em>21</em></span> <span class='ocrx_word' id='word_1_418' title='bbox 748 4057 851 4105; x_wconf 77' lang='lat' dir='ltr'><em>lrcolam</em></span> <span class='ocrx_word' id='word_1_419' title='bbox 867 4057 895 4106; x_wconf 81' lang='lat' dir='ltr'><em>ab</em></span> <span class='ocrx_word' id='word_1_420' title='bbox 915 4057 1062 4121; x_wconf 67' lang='lat' dir='ltr'><em>Tarquiniis]</em></span> <span class='ocrx_word' id='word_1_421' title='bbox 1084 4059 1133 4113; x_wconf 77' lang='lat' dir='ltr'><em>Qui</em></span> <span class='ocrx_word' id='word_1_422' title='bbox 1150 4059 1182 4105; x_wconf 85' lang='lat' dir='ltr'><em>eb</em></span> 
     </span>
     <span class='ocr_line' id='line_1_49' title="bbox 129 4121 1182 4184; baseline 0 -14"><span class='ocrx_word' id='word_1_423' title='bbox 129 4137 172 4183; x_wconf 86' lang='lat' dir='ltr'><em>que</em></span> <span class='ocrx_word' id='word_1_424' title='bbox 188 4125 257 4182; x_wconf 83' lang='lat' dir='ltr'><em>enni,</em></span> <span class='ocrx_word' id='word_1_425' title='bbox 276 4129 302 4168; x_wconf 85' lang='lat' dir='ltr'><em>et</em></span> <span class='ocrx_word' id='word_1_426' title='bbox 322 4137 361 4170; x_wconf 83' lang='lat' dir='ltr'><em>ree</em></span> <span class='ocrx_word' id='word_1_427' title='bbox 378 4131 453 4184; x_wconf 77' lang='lat' dir='ltr'><em>gestae</em></span> <span class='ocrx_word' id='word_1_428' title='bbox 474 4123 582 4170; x_wconf 78' lang='lat' dir='ltr'><em>maxime</em></span> <span class='ocrx_word' id='word_1_429' title='bbox 608 4127 640 4172; x_wconf 76' lang='lat' dir='ltr'><em>sd</em></span> <span class='ocrx_word' id='word_1_430' title='bbox 671 4125 730 4171; x_wconf 89' lang='lat' dir='ltr'><em>urbe</em></span> <span class='ocrx_word' id='word_1_431' title='bbox 757 4121 895 4182; x_wconf 73' lang='lat' dir='ltr'><em>Tarquiniis</em></span> <span class='ocrx_word' id='word_1_432' title='bbox 925 4123 1074 4169; x_wconf 85' lang='lat' dir='ltr'><em>domicilium</em></span> <span class='ocrx_word' id='word_1_433' title='bbox 1108 4135 1182 4171; x_wconf 79' lang='lat' dir='ltr'><em>cuum</em></span> 
     </span>
     <span class='ocr_line' id='line_1_50' title="bbox 129 4184 1182 4248; baseline -0.002 -14"><span class='ocrx_word' id='word_1_434' title='bbox 129 4189 267 4236; x_wconf 76' lang='lat' dir='ltr'><em>munorient</em></span> <span class='ocrx_word' id='word_1_435' title='bbox 293 4187 401 4248; x_wconf 70' lang='lat' dir='ltr'><em>insignes</em></span> <span class='ocrx_word' id='word_1_436' title='bbox 425 4189 638 4248; x_wconf 75' lang='lat' dir='ltr'><em>penenbebantur.</em></span> <span class='ocrx_word' id='word_1_437' title='bbox 670 4187 804 4234; x_wconf 73' lang='lat' dir='ltr'><em>contulerat</em></span> <span class='ocrx_word' id='word_1_438' title='bbox 822 4184 933 4232; x_wconf 72' lang='lat' dir='ltr'><em>Romam.</em></span> <span class='ocrx_word' id='word_1_439' title='bbox 953 4185 1032 4232; x_wconf 81' lang='lat' dir='ltr'><em>Incola</em></span> <span class='ocrx_word' id='word_1_440' title='bbox 1053 4187 1182 4248; x_wconf 81' lang='lat' dir='ltr'><em>opponitur</em></span> 
     </span>
     <span class='ocr_line' id='line_1_51' title="bbox 130 4249 1180 4314; baseline 0.004 -19"><span class='ocrx_word' id='word_1_441' title='bbox 130 4249 197 4298; x_wconf 75' lang='lat' dir='ltr'><em>‘iniec</em></span> <span class='ocrx_word' id='word_1_442' title='bbox 213 4259 271 4302; x_wconf 76' lang='lat' dir='ltr'><em>tunt</em></span> <span class='ocrx_word' id='word_1_443' title='bbox 291 4249 359 4298; x_wconf 68' lang='lat' dir='ltr'><em>emt</em></span> <span class='ocrx_word' id='word_1_444' title='bbox 375 4253 513 4314; x_wconf 73' lang='lat' dir='ltr'><em>Capitolini,</em></span> <span class='ocrx_word' id='word_1_445' title='bbox 525 4253 590 4300; x_wconf 71' lang='lat' dir='ltr'><em>Fusii</em></span> <span class='ocrx_word' id='word_1_446' title='bbox 602 4251 638 4299; x_wconf 86' lang='lat' dir='ltr'><em>Si·</em></span> <span class='ocrx_word' id='word_1_447' title='bbox 667 4253 725 4309; x_wconf 80' lang='lat' dir='ltr'><em>&#39;ciui,</em></span> <span class='ocrx_word' id='word_1_448' title='bbox 742 4258 767 4298; x_wconf 87' lang='lat' dir='ltr'><em>ct</em></span> <span class='ocrx_word' id='word_1_449' title='bbox 783 4252 803 4297; x_wconf 85' lang='lat' dir='ltr'><em>is</em></span> <span class='ocrx_word' id='word_1_450' title='bbox 818 4251 907 4310; x_wconf 81' lang='lat' dir='ltr'><em>estqui</em></span> <span class='ocrx_word' id='word_1_451' title='bbox 921 4251 1019 4298; x_wconf 73' lang='lat' dir='ltr'><em>aliunde</em></span> <span class='ocrx_word' id='word_1_452' title='bbox 1032 4251 1056 4296; x_wconf 90' lang='lat' dir='ltr'><em>ln</em></span> <span class='ocrx_word' id='word_1_453' title='bbox 1070 4250 1180 4312; x_wconf 74' lang='lat' dir='ltr'><em>siiqtum</em></span> 
     </span>
     <span class='ocr_line' id='line_1_52' title="bbox 131 4311 1127 4379; baseline 0.001 -20"><span class='ocrx_word' id='word_1_454' title='bbox 131 4315 174 4362; x_wconf 84' lang='lat' dir='ltr'><em>ruli</em></span> <span class='ocrx_word' id='word_1_455' title='bbox 188 4325 235 4366; x_wconf 89' lang='lat' dir='ltr'><em>etc.</em></span> <span class='ocrx_word' id='word_1_456' title='bbox 268 4315 408 4378; x_wconf 82' lang='lat' dir='ltr'><em>Utrumque</em></span> <span class='ocrx_word' id='word_1_457' title='bbox 426 4317 543 4365; x_wconf 71' lang='lat' dir='ltr'><em>tectorum</em></span> <span class='ocrx_word' id='word_1_458' title='bbox 561 4331 639 4379; x_wconf 77' lang='lat' dir='ltr'><em>genus</em></span> <span class='ocrx_word' id='word_1_459' title='bbox 670 4317 803 4378; x_wconf 75' lang='lat' dir='ltr'><em>regionem,</em></span> <span class='ocrx_word' id='word_1_460' title='bbox 814 4315 864 4361; x_wconf 81' lang='lat' dir='ltr'><em>sive</em></span> <span class='ocrx_word' id='word_1_461' title='bbox 876 4317 959 4364; x_wconf 88' lang='lat' dir='ltr'><em>urbem</em></span> <span class='ocrx_word' id='word_1_462' title='bbox 971 4311 1127 4378; x_wconf 71' lang='lat' dir='ltr'><em>immigrrvit.</em></span> 
     </span>
    </p>
   </div>
   <div class='ocr_carea' id='block_1_5' title="bbox 0 0 1508 4908">
    <p class='ocr_par' dir='ltr' id='par_1_11' title="bbox 0 0 1508 4908">
     <span class='ocr_line' id='line_1_53' title="bbox 0 0 1508 4908; baseline 0 0"><span class='ocrx_word' id='word_1_463' title='bbox 0 0 1508 4908; x_wconf 95' lang='lat' dir='ltr'><em> </em></span> 
     </span>
    </p>
   </div>
  </div>
 </body>
</html>
