3034 4916
308 148 365 214 592
699 139 979 202 T1T1L1v11

148 322 178 372 Π.
190 323 218 372 α
227 321 283 374 tte.
307 317 390 372 serto
403 305 522 372 moenia
542 301 673 372 militem
688 303 817 383 detinet,
832 326 874 370 ne
888 327 983 390 quarn
1003 303 1163 373 ,occultem
1178 305 1211 372 in
1225 305 1371 374 fraudem

147 387 179 436 Α·
188 389 215 438 α
226 389 281 439 ²⁹*
307 393 453 461 incautus
467 403 581 458 rueret.
619 391 711 457 Duas
725 405 844 456 turmas
859 390 1017 458 sociorum
1033 392 1144 458 Latini
1157 394 1297 458 nominis
1311 395 1370 458 cir·

306 480 520 566 eumequitare
544 479 674 556 moenia,
691 490 786 564 atque
807 476 975 562 explorare
996 479 1104 544 omnis
1124 478 1228 564 jubet.
1249 480 1370 568 equites

305 582 432 652 portem
448 587 544 630 unum
558 565 753 650 alteramque
765 563 791 602 ²⁸
800 563 908 628 eadem
925 564 1054 654 regione
1067 566 1101 630 in
1116 567 1299 652 propinquo
1313 588 1369 653 ps·

306 665 406 718 tentes
428 651 636 738 conspiciunt,
651 648 880 736 itineribusque
902 650 940 714 iis
955 650 1087 735 vestigia
1106 667 1274 716 noeturnoe
1296 651 1369 718 hos-

305 742 385 806 tium
399 738 495 828 fugae.
539 736 738 824 Adequitant
751 734 867 802 deinde
880 737 994 802 sensim
1012 738 1123 822 portis,
1140 737 1318 826 urbemque
1331 761 1369 804 ex

304 837 377 892 tuto
391 826 484 892 rectis
505 822 671 890 itineribus
684 822 826 908 pervium
847 823 1062 909 conspiciunt:
1086 825 1127 888 ad
1140 824 1305 889 consulem
1320 848 1369 889 re·

254 947 258 954 ·
304 911 421 991 ferunt,
437 932 602 977 excessum
624 908 721 983 urbe;
744 908 914 975 solitudine
937 909 1021 974 haud
1043 909 1142 975 dubie
1162 909 1195 976 id
1209 911 1368 997 ²⁹perspi-

304 1021 400 1064 cuum
425 1020 501 1074 esse,
517 1009 549 1062 et
571 995 749 1062 recentibus
769 994 906 1078 vestigiis
930 994 1025 1081 flagae,
1041 1019 1080 1060 nc
1098 996 1126 1036 ³⁰
1133 1009 1238 1084 strage
1259 1019 1367 1064 rerum

304 1085 339 1150 in
360 1084 570 1169 trepidatione
591 1095 749 1148 nocturne
773 1081 888 1166 passim
913 1081 1106 1148 relictarum.
1151 1083 1212 1148 His
1238 1084 1367 1165 auditis,

303 1171 415 1238 consul
429 1171 469 1236 sd
485 1192 554 1235 eam
575 1181 698 1255 purtem
714 1167 817 1246 urbis,
833 1189 897 1254 qua
917 1167 1062 1235 adierant
1083 1171 1214 1256 equites,
1228 1171 1368 1236 eircum-

304 1257 392 1324 ducit
405 1279 537 1344 agmen:
561 1254 799 1342 constitutisque
813 1253 900 1318 heud
914 1255 1028 1340 procul
1041 1269 1135 1342 ports
1149 1256 1255 1344 signis,
1272 1258 1367 1344 quin-

303 1366 366 1431 que
386 1345 506 1432 equites
522 1341 615 1428 jubet
630 1342 749 1406 intrare
762 1340 886 1419 urbem,
902 1353 943 1419 et,
960 1340 1121 1408 modicum
1137 1343 1275 1428 spatium
1289 1365 1366 1428 pro-

301 1453 436 1519 gressos,
450 1442 513 1494 tres
528 1449 653 1494 menete
666 1426 776 1494 εοάοω
792 1426 873 1505 loeo,
889 1427 914 1491 si
929 1440 998 1494 tuta
1010 1427 1193 1506 videmtur3
1215 1429 1297 1494 duos
1312 1453 1366 1496 eu·

302 1516 427 1603 plorate
441 1515 482 1581 ed
496 1537 529 1581 se
543 1515 669 1580 referre.
714 1512 781 1591 Qui
796 1513 853 1578 ubi
873 1513 1047 1592 redierunt,
1061 1513 1311 1602 retuleruntque,
1326 1539 1366 1581 eo

302 1626 336 1670 se
357 1623 553 1690 progressos,
577 1600 664 1666 unde
684 1600 718 1664 in
743 1621 852 1665 omnes
877 1613 982 1686 partes
1007 1601 1252 1688 circumspectus
1273 1617 1363 1681 esset,

301 1689 397 1777 longe
420 1689 544 1775 lateque
572 1685 731 1752 silentium
755 1707 794 1752 se
822 1686 1024 1752 solitudinem
1049 1687 1181 1765 vidisse3
1204 1689 1365 1775 extemplo

301 1775 414 1841 eonsul
428 1775 574 1840 cobortes
585 1771 747 1858 expeditas
761 1773 794 1836 in
809 1771 920 1838 urbem
935 1771 1079 1852 induxit3
1101 1786 1221 1839 ceteros
1236 1774 1364 1840 interim

301 1874 403 1928 castre
425 1860 621 1926 communire
639 1858 742 1944 jussit.
763 1857 897 1942 ingressi
923 1859 1048 1936 milites,
1066 1859 1208 1926 refractis
1230 1859 1364 1941 foribus,

300 1969 421 2034 peuces
450 1967 563 2033 graves
593 1957 686 2010 aetete
707 1953 763 2008 sut
791 1945 946 2010 invalidos
975 1946 1153 2025 inveniunt,
1179 1946 1363 2034 relictoque,

299 2055 372 2120 quoe
387 2033 525 2120 migratu
539 2029 679 2096 difficilia
700 2042 811 2096 essent
858 2031 908 2096 Ea
928 2031 1069 2117 direpta}
1091 2046 1124 2098 et
1140 2033 1307 2122 cognitum
1321 2057 1363 2100 ex

299 2119 430 2206 captiuis
444 2131 500 2196 est,
517 2114 679 2183 communi
700 2116 833 2182 consilio
850 2116 972 2206 aliquot
992 2119 1076 2184 circa
1097 2119 1193 2184 urbes
1206 2123 1365 2188 conscisse

297 2203 404 2292 fugam
416 2230 426 2284 ;
446 2227 521 2272 suos
544 2205 650 2290 prims
674 2203 781 2291 vigilis
805 2203 972 2289 proiectos.
998 2205 1136 2284 credere,
1159 2208 1302 2272 eamdem
1328 2208 1362 2272 in

297 2291 366 2358 aliis
378 2293 510 2358 urbibus
524 2288 727 2356 solitudinem
748 2291 942 2355 inventuros.
987 2291 1092 2358 Dictis
1106 2292 1306 2379 captivorum
1322 2293 1361 2360 li·

297 2378 352 2445 des
366 2379 503 2444 exstitit:
526 2377 660 2444 desertis
674 2375 800 2462 oppidis
814 2376 926 2442 consul
941 2377 1072 2463 potitur.

190 2542 196 2554 Ι
341 2465 490 2531 XXXV.
512 2461 616 2530 Alteri
637 2462 759 2528 consuli
775 2461 826 2528 M.
841 2463 941 2528 Atilio
966 2485 1164 2566 nequequam
1185 2478 1252 2534 tem
1269 2467 1361 2537 facile

295 2551 415 2626 bellum
430 2550 499 2618 tuit
522 2550 632 2626 Quum
648 2549 688 2614 ed
699 2549 868 2614 Luceriam
884 2547 1014 2617 duceret
1027 2550 1177 2639 legiones,
1189 2575 1287 2639 quam
1302 2553 1360 2618 ob-

295 2635 1360 2810 stetissetisstetissent“stit

295 2833 409 2899 anceps
423 2810 500 2876 fuit:
524 2809 642 2875 tristius
655 2821 762 2874 tamen
776 2822 891 2876 eventu
910 2810 1082 2888 Romanis3
1104 2822 1137 2878 et
1151 2812 1226 2899 quia
1240 2813 1359 2880 insueti

294 2912 386 2964 erent
399 2897 493 2974 vinci,
509 2907 541 2962 et
554 2896 630 2982 quie
643 2893 856 2984 digredientes
878 2897 988 2985 magis,
1004 2919 1100 2984 quarn
1122 2899 1241 2984 inipso
1256 2912 1357 2966 certa·

293 2985 388 3062 mine,
398 2994 573 3060 senserunt,
585 2994 739 3068 quantum
753 2981 787 3045 in
802 3005 859 3047 sua
872 2996 965 3067 parte
979 2982 1049 3068 plus
1061 2983 1227 3050 vulnerum
1236 3009 1281 3051 nc
1294 3009 1356 3052 cae·

293 3069 343 3136 dis
356 3070 473 3136 fuisset.
518 3067 669 3154 ltaqueis
687 3081 791 3132 terror
806 3069 838 3133 in
854 3070 1077 3149 cestrisortus,
1094 3072 1190 3154 quisi
1207 3093 1356 3161 pugnan-

291 3168 339 3223 tes
360 3157 505 3242 cepisset,
525 3153 659 3242 insignis
683 3165 815 3240 accepta
834 3153 940 3221 eludes
954 3155 1046 3222 foret.
1089 3156 1115 3198 ⁸¹
1128 3156 1214 3222 Tum
1230 3181 1355 3247 quoque

292 3244 426 3311 sollicita
440 3263 506 3308 nox
521 3240 581 3306 luit
596 3241 663 3325 jum
686 3240 870 3306 invasurum
890 3256 991 3309 cestra
1006 3243 1181 3308 Samnitem
1196 3246 1355 3310 credenti·

291 3329 366 3412 bus,
390 3342 446 3395 aut
470 3328 575 3414 prima
605 3327 674 3392 luce
699 3347 772 3392 cum
796 3328 968 3394 victoribus
992 3331 1201 3396 conserendas
1232 3355 1353 3398 manus.

291 3415 405 3502 Minus
419 3415 527 3493 cledis,
543 3427 682 3480 ceterum
704 3434 770 3477 non
792 3413 864 3499 plus
878 3415 1068 3493 animorum,
1084 3415 1126 3481 sd
1148 3417 1254 3482 hostes
1274 3433 1352 3484 erat.

291 3503 346 3568 ubi
360 3503 499 3589 primum
520 3501 646 3578 inluxit,
662 3499 751 3564 ubire
764 3499 832 3564 sine
849 3502 1022 3568 certamine
1035 3503 1179 3588 cupiunt.
1225 3504 1288 3570 Sed
1305 3508 1353 3571 vis

291 3609 365 3670 unt,
380 3601 413 3655 et
427 3611 464 3654 es
478 3587 548 3675 ipsa
568 3597 685 3672 praeter
700 3587 813 3665 hostes,
829 3601 914 3652 erat:
936 3587 1051 3675 ”quus‘
1065 3588 1208 3677 ingressi,
1225 3591 1351 3677 praebn·

734 3745 827 3804 'quum
838 3745 906 3793 Creu.

321 3879 470 3930 ΨΜ
497 3879 590 3940 micae
613 3878 638 3924 lu
658 3874 802 3938 propinquo]
835 3889 921 3924 cusum
936 3877 1004 3924 urbe:
1020 3874 1145 3924 solitudine
1162 3875 1226 3922 houd
1243 3875 1311 3924 dudm
1325 3875 1351 3922 id

288 3945 389 3993 Vicinus
406 3945 453 3992 eibi
471 3945 576 3990 invicem
593 3941 619 3988 in
635 3941 719 3990 eedem
737 3941 803 3988 urbis
833 3943 1044 4002 perspicuumst.

286 4009 393 4070 regione
867 4004 1013 4066 ³0'Straga
1034 4004 1125 4068 rerum]
1151 4005 1238 4052 stratu
1251 4005 1347 4066 ,passim

319 4073 351 4122 te
367 4075 522 4135 Perspicuum
539 4071 598 4134 erae]
617 4070 727 4126 Qustuor
747 4083 803 4118 nos·
835 4071 940 4131 pervim
949 4072 1029 4119 rebus.
1141 4089 1143 4094 ·

285 4139 319 4185 tri
335 4139 499 4194 sodomites
514 4135 804 4194 cenomannenses
868 4132 993 4183 Sl'i'unt
1016 4133 1114 4197 quoque]
1138 4133 1243 4195 Etiamsi
1269 4133 1348 4180 minua

286 4201 429 4250 vetusn'ores
454 4203 514 4250 editi
540 4202 630 4248 hebent
656 4199 682 4244 id
705 4202 802 4264 perapt-
833 4200 934 4260 periculi
951 4206 1004 4246 tum
1020 4199 1103 4254 merit,
1115 4199 1223 4260 quamsi
1237 4201 1259 4247 ia
1275 4207 1349 4244 terror
1471 4243 1472 4258 ¹

284 4279 369 4313 cisum:
388 4274 416 4312 ut
438 4267 472 4313 sie
491 4265 697 4326 interpungendus
719 4279 747 4312 ec
765 4267 800 4314 le·
832 4269 969 4326 pugnentes
978 4265 1088 4325 cepisset.

285 4331 379 4392 gentius
398 4343 449 4378 esse
470 4332 510 4378 hic
530 4331 597 4377 locus
616 4329 743 4376 videatur:
760 4344 800 4376 en·
864 4327 897 4376 82
914 4327 1112 4390 Quamtngms]
1132 4328 1203 4378 Hune
1220 4328 1346 4376 lectionem
