3056 4928
1282 211 1290 242 l

336 231 392 289 see
433 225 437 240 '
712 229 824 290 τιτι
849 229 1012 291 atvar·
1060 239 1071 302 ς

186 399 215 446 υ.
228 399 319 451 αισι
342 388 465 454 laribus
469 389 601 479 jussere.
621 389 677 454 „R
696 389 820 456 Valerio
836 391 1008 456 Publicolas
1023 391 1115 460 dectus
1133 416 1150 460 e
1166 391 1259 476 plebe
1277 391 1398 478 beilega

185 465 251 574 ig·
263 463 320 544 mii
343 475 381 540 C.
400 475 539 540 Marcius
559 476 708 542 Rutulus.
752 479 913 544 inclinetis
927 480 1084 544 semelen
1106 479 1309 548 concordiam
1329 479 1397 545 eni·

184 530 328 644 Epfissgg'
343 563 411 638 mis,
434 563 507 626 novi
529 563 681 640 consules,
705 563 877 629 loeaebrcm
901 587 1030 651 quoque
1055 575 1133 641 rem,
1155 587 1227 652 quse
1249 565 1397 630 distinere

185 659 219 707 11.
230 660 295 708 coss.
345 648 508 718 unanimos
525 649 817 726 videbaturslavaru
838 651 983 739 adgressi,
1000 650 1188 716 solutionem
1211 652 1305 716 alieni
1326 651 1398 715 aeris

340 735 377 798 in
399 735 558 817 publicam
576 737 884 814 curamverterunt3
907 737 1120 824 quinqueviris
1144 739 1267 815 creetis,
1282 737 1397 824 1iquos

231 838 238 852 ·
341 822 514 886 mensarios
541 823 583 887 ab
607 824 838 908 dispensatione
863 827 1008 910 pecunias
1034 823 1242 909 adpellaruut.
1288 823 1399 888 Mariti

342 911 492 993 aequitate
505 929 641 996 curaque
655 923 739 985 suot
755 925 790 974 ut
808 933 865 996 per
878 911 1021 974 omnium
1036 911 1195 976 annalium
1211 929 1399 974 pronomen·

341 1005 375 1057 ts
390 994 525 1060 celebres
549 995 730 1070 nominibus
751 1009 875 1061 essent*
908 997 1009 1062 Fuere
1029 1011 1131 1062 autem
1150 997 1188 1062 C.
1206 994 1345 1072 Duilius,
1364 995 1398 1062 P.

344 1080 462 1145 Decius
475 1081 562 1157 Mus,
581 1081 628 1146 M.
643 1082 799 1166 Ropirius,
814 1081 857 1158 Q.
873 1081 1037 1160 Publilius,
1050 1095 1081 1148 et
1092 1083 1146 1147 Ti.
1157 1079 1326 1166 AEmilius:
1344 1082 1399 1168 qui

344 1186 421 1252 ram,
433 1165 650 1232 difficillimam
664 1181 810 1250 tractatu,
825 1184 857 1232 et
867 1169 1055 1255 plerumque
1069 1169 1151 1254 parti
1166 1169 1302 1254 utrique,
1317 1190 1399 1232 sem-

340 1270 398 1336 per
423 1271 508 1318 certe
521 1256 627 1331 alteri,
648 1273 787 1344 gravem
806 1277 904 1342 quum
929 1255 990 1318 alia
1014 1255 1242 1331 moderatione,
1258 1267 1327 1320 tum
1348 1253 1400 1318 in-

341 1339 458 1424 pendio
480 1342 739 1427 magis-publico,
757 1363 851 1428 quum
869 1343 1002 1427 jectum,
1027 1341 1252 1406 sustinuerunt.
1274 1339 1400 1406 warda
1435 1413 1439 1427 ,

339 1426 426 1492 euim
443 1427 582 1505 nomine,
599 1439 630 1492 et
652 1427 841 1512 inpeditiora
862 1429 973 1492 inertia
987 1428 1175 1506 debitorum,
1189 1435 1284 1513 quarn
1299 1425 1399 1492 lacul-

261 1574 263 1583 ,
343 1511 469 1589 tatibus,
486 1529 540 1576 aut
561 1514 720 1589 aerarium,
742 1515 853 1578 mensis
874 1535 946 1577 cum
967 1537 1032 1578 aere
1053 1515 1089 1577 in
1108 1513 1177 1578 loro
1200 1513 1321 1598 positis,
1336 1513 1400 1579 dis·

343 1597 445 1676 solvit,
461 1611 497 1663 ut
518 1600 637 1684 populo
660 1600 747 1683 prius
763 1613 945 1674 reveratum
972 1615 1026 1664 aut
1048 1600 1213 1665 aestimatio
1233 1601 1333 1686 aequis
1350 1623 1400 1664 re-

337 1695 414 1748 'rum
436 1687 544 1769 pretiis
565 1687 725 1760 liberavit:
750 1703 784 1749 ut
801 1707 862 1750 non
885 1687 982 1751 modo
998 1688 1064 1751 sine
1085 1687 1209 1773 injuris,
1225 1689 1279 1750 secl
1302 1686 1398 1751 etiam

343 1773 409 1834 sine
423 1773 630 1857 querimoniis
650 1775 749 1855 partis
773 1775 942 1858 utriusque,
958 1772 1111 1838 mbsusta
1130 1774 1175 1838 uis
1198 1774 1309 1860 ingens
1331 1774 1401 1838 aeris

342 1858 437 1920 alieni
449 1857 498 1920 sit.
544 1859 665 1924 Terror
679 1858 753 1922 inde
768 1880 864 1922 venus
879 1859 951 1922 belli
970 1859 1105 1938 Etrusci,
1121 1879 1218 1945 quum
1239 1859 1400 1946 conjuras-

343 1965 375 2006 se
404 1943 738 2030 drrodecim-populos
763 1945 847 2009 bare
872 1960 960 2021 esset,
986 1945 1173 2010 dictatorem
1197 1943 1259 2010 dici
1286 1947 1400 2033 coegit.

336 2029 443 2094 dictus
466 2033 497 2093 in
518 2035 626 2095 castris
641 2037 692 2116 (eo
715 2031 860 2096 anim-ad
881 2031 1024 2096 consules
1049 2033 1175 2096 missum
1197 2045 1400 2096 senatuscon-

183 2131 209 2206 c.
221 2131 302 2196 cullius
342 2116 458 2180 sultam
479 2119 538 2198 est)
555 2118 591 2183 C.
608 2117 720 2194 Julius,
732 2119 787 2182 ‘cui
810 2119 958 2206 magister
971 2119 1110 2206 equitum
1126 2117 1265 2204 adjectus
1281 2118 1323 2182 L.
1341 2117 1400 2182 AE·

134 2203 138 2218 ’
182 2195 291 2247 cautu.
342 2202 454 2268 tullius.
496 2204 650 2276 'Ceterum
667 2203 740 2269 loris
754 2203 1154 2291 tranquillaomniafuere.

348 2361 351 2372 ¹
387 2289 503 2356 XXII.
528 2293 701 2356 Teutatum
714 2291 803 2355 domi
825 2313 882 2376 per
896 2291 1092 2368 dictatorem,
1111 2304 1146 2355 ut
1159 2290 1254 2355 ambo
1273 2291 1398 2376 patricii

331 2377 483 2442 consules
503 2391 695 2450 crearentur,
712 2399 778 2441 rem
795 2379 836 2442 ad
860 2377 1074 2460 interregnum
1098 2378 1254 2460 perduxit
1270 2378 1337 2441 duo
1351 2378 1400 2442 in·

342 2478 478 2549 terreges
505 2463 542 2530 C.
566 2464 724 2550 Sulpicius
749 2477 780 2528 et
806 2465 853 2527 M.
877 2464 992 2528 Fabius
1021 2463 1196 2548 interpositi
1220 2463 1399 2541 obtinuere,

340 2553 423 2634 quod
447 2553 583 2614 (lictatur
608 2550 721 2614 frustra
742 2549 929 2627 tetenderat,
946 2550 1069 2614 initiare
1086 2551 1152 2636 jam
1173 2548 1268 2634 plebe
1288 2550 1332 2614 ob
1351 2571 1400 2614 re·

335 2639 581 2701 commeritum
606 2636 697 2702 levati
719 2637 792 2700 reris
814 2635 917 2712 alieni,
933 2649 969 2700 ut
990 2636 1085 2700 ambo
1107 2637 1232 2721 patricii
1256 2636 1402 2702 consules

180 2733 210 2782 tt.
222 2734 318 2782 caol.
340 2737 530 2788 crearentur.
552 2724 649 2787 creati
663 2727 729 2804 ipse
745 2722 782 2786 C.
801 2722 960 2806 Sulpicius
981 2722 1114 2798 Peticus,
1155 2723 1185 2786 ui
1200 2723 1289 2806 prior
1303 2725 1400 2788 inter·

150 2815 156 2823 ¹
179 2799 210 2909 ἑ
219 2798 324 2924 gigig„
340 2831 438 2892 leiim
452 2809 539 2884 &bilis
555 2823 587 2873 ⁰2
602 2809 644 2872 T«
660 2808 830 2892 Quinctius
846 2809 984 2874 Pennus.
1000 2808 1128 2896 quidam
1181 2830 1329 2886 resonem,
1345 2809 1399 2872 elii

85 2963 88 2970 ,
180 2927 251 2974 Η,
337 2889 487 2958 ”Caium
503 2915 619 2958 nomen
636 2893 789 2970 Quinctio
804 2894 965 2980 adjiciunt.
1009 2895 1062 2959 Ad
1081 2894 1310 2961 bellumambc
1324 2917 1399 2981 pro·

178 2991 293 3046 Qureeao
337 2981 422 3056 lecti,
439 2981 596 3066 lialiscum
612 2980 793 3058 Quinctius,
811 2981 969 3064 Sulpicius
984 2981 1224 3068 Tarquiniense,
1240 3003 1400 3068 nusquam

179 3055 246 3104 ⁰⁰⁸⁸
338 3068 405 3152 acie
426 3087 600 3154 congresso,
615 3066 715 3142 hoste,
731 3089 803 3131 cum
825 3068 909 3154 egris
923 3069 1033 3156 magis,
1048 3089 1143 3154 quam
1166 3089 1238 3132 cum
1261 3066 1400 3132 bomini-

151 3151 160 3160 “
293 3217 295 3222 ,
340 3152 408 3231 bas,
425 3153 546 3218 urendo
562 3153 805 3240 populandoque
818 3168 982 3242 gesserunt
996 3153 1097 3219 belle:
1120 3155 1208 3218 cu'us
1222 3153 1319 3218 lentae
1333 3153 1398 3218 vel-

336 3246 374 3303 ut
390 3240 469 3303 tabis
485 3240 574 3304 senio
587 3242 669 3305 victa
689 3241 852 3327 utriusque
873 3240 1046 3325 pertinacia
1067 3240 1180 3326 popul
1200 3253 1259 3318 est,
1275 3255 1311 3305 ut
1332 3239 1400 3326 pri-
1499 3241 1502 3244 ’

372 3509 423 3559 le·
432 3511 493 3567 Quor
508 3515 634 3560 maeatae
646 3512 850 3572 „suspensam
882 3521 924 3560 aut
940 3511 1042 3572 pneuma
1055 3526 1085 3560 ex
1103 3512 1187 3560 mano
1203 3509 1306 3571 prebits
1318 3512 1399 3560 seluta

332 3579 440 3638 prosaica
455 3576 612 3641 appelipreat}
629 3577 716 3624 Meam
732 3578 797 3624 enim
814 3577 849 3623 di·
882 3584 947 3631 suna
959 3579 994 3624 ita
1008 3583 1100 3635 umen,
1111 3583 1139 3624 ut
1153 3577 1220 3635 prius
1235 3577 1337 3636 populo.
1347 3577 1365 3624 i.
1375 3589 1399 3622 e.

336 3643 399 3688 citur
409 3655 453 3702 pro
463 3641 537 3688 abaco
546 3642 745 3703 ugenteiicrum.
779 3640 849 3686 Mra·
882 3640 1225 3701 eudopublicocavsrerun
1243 3647 1286 3686 eut
1301 3639 1400 3700 praediis

335 3707 398 3753 rarii
412 3713 494 3753 tamen
511 3705 626 3753 differrant
642 3707 672 3752 ab
689 3705 848 3766 armatoriis.-
882 3706 1022 3753 domibusve
1033 3705 1146 3752 debitoris
1159 3719 1227 3765 equo
1243 3706 1322 3764 pretio
1333 3705 1399 3752 esti-

335 3771 532 3832 quiartesaeae
542 3771 577 3817 rei
588 3771 732 3818 nummariae
746 3770 849 3828 publicae
882 3771 963 3828 metis,
982 3778 1007 3816 et
1028 3769 1139 3817 creditori
1161 3769 1265 3823 badium
1285 3771 1400 3830 expedite

335 3842 431 3883 curator
441 3840 486 3888 est,
499 3835 648 3895 egesarius
660 3835 766 3893 private.
801 3834 849 3880 tta-
881 3841 946 3883 sunt.
979 3831 1072 3880 Nemee
1089 3846 1152 3894 raepe
1168 3835 1287 3894 accipimur
1305 3847 1349 3893 pro
1359 3832 1399 3880 dr·

334 3915 382 3960 que
407 3901 520 3948 mensarii
540 3901 683 3946 creabantur
703 3912 718 3945 a
743 3899 847 3960 populos
881 3899 936 3958 bito,
950 3898 1009 3960 qula
1023 3899 1126 3945 creditor
1144 3899 1169 3945 ia
1186 3899 1282 3945 tabulas
1298 3899 1399 3958 expensi

334 3965 393 4018 (vid
419 3963 483 4013 inira
510 3961 614 4010 xxnr.
641 3963 691 4020 21.)
718 3964 850 4023 argentarii
881 3971 906 4009 et
923 3963 1012 4024 accepti
1031 3963 1103 4009 refert
1119 3975 1208 4010 acmen
1225 3959 1341 4026 ejuqeui
1357 3975 1400 4024 pe·

334 4037 419 4089 aptante
440 4044 494 4089 sus,
513 4041 557 4076 suo
578 4027 685 4081 nomine,
696 4019 848 4090 ¹negotiatio·
880 4029 978 4075 cuniam
989 4040 1119 4090 expensam
1130 4028 1195 4074 tulit.

334 4107 391 4140 uem
409 4107 488 4149 suam,
505 4101 621 4154 tauquam
640 4093 712 4140 reteri
732 4099 850 4140 mercato·
913 4083 1399 4154 20Caiamacmea101iul0er'meeg-

333 4159 541 4212 res‚exercebant.
880 4170 969 4204 mea.
1001 4157 1107 4207 Mutavit
1126 4155 1249 4216 Sigonius,
1267 4170 1298 4203 eo
1316 4163 1399 4205 motus

366 4221 396 4268 lo
415 4221 496 4270 Tarda
519 4223 582 4270 caim
607 4217 714 4284 nomiae]
748 4221 846 4277 Debita,
879 4222 943 4282 quod
961 4219 1036 4268 Caice
1054 4233 1190 4280 prenomen
1209 4227 1256 4276 est,
1273 4234 1323 4267 noa
1342 4233 1399 4282 scg-

332 4301 388 4347 quas
412 4289 503 4336 tardius
524 4295 549 4334 et
570 4285 662 4348 egrius
683 4287 845 4340 solvebantur,
880 4298 976 4333 nornen.
1007 4285 1331 4332 Nomanauteminomnia
1341 4297 1399 4331 ccu-

332 4365 380 4398 nou
397 4352 454 4412 qaia
469 4351 549 4410 inopie
566 4351 701 4398 laborarent
717 4351 846 4404 debitores,
880 4351 954 4406 venit,
966 4357 990 4397 et
1000 4351 1064 4398 sumi
1076 4354 1153 4410 potest
1165 4361 1209 4408 pro
1220 4350 1379 4410 prenomine.

332 4417 373 4462 sed
384 4415 441 4477 quia
457 4417 546 4463 inerter
556 4429 583 4462 ac
598 4415 746 4484 negligentes
756 4421 845 4470 essent,
