2986 4930
328 199 367 268 rc
606 277 609 299 Ι
676 179 693 227 ·’
723 199 835 263 τιτι
863 201 1000 264 ntvrt
1042 167 1083 306 ὐ

327 369 498 452 Imperium
507 362 648 432 namnum
664 369 771 432 Βοπιιτ
784 369 915 445 habebit,
940 369 995 454 qu'i
1008 367 1136 433 ursinico
1151 371 1283 451 primas,
1300 367 1391 448 oja-

328 475 424 530 venes,
440 453 569 517 caucium
583 457 679 518 matri
698 457 813 520 aderit.
859 455 1037 540 Tarquinii,
1054 467 1089 518 ut
1105 457 1231 532 Sextus,
1247 456 1303 542 qui
1321 455 1390 518 Ro-

328 563 391 604 ntae
415 537 541 603 relictus
556 537 667 620 iuerat,
686 541 814 628 ignarus
835 542 979 628 responsi
1006 563 1178 628 expersque
1199 541 1326 626 imperii
1342 563 1390 604 es·

328 637 386 706 set,
402 648 469 689 rent
480 649 603 690 summa
618 649 638 690 o
662 631 799 693 etacari'
808 628 939 714 jubent3
963 629 1021 714 ipsi
1045 629 1128 694 inter
1142 651 1184 705 se,
1202 642 1272 692 uter
1288 627 1388 711 prior,

327 733 426 794 quum
444 712 580 777 Romam
596 735 614 777 r
655 715 762 792 issent,
778 715 870 780 matri
887 718 1028 779 osculum
1045 713 1145 792 daret,
1162 716 1240 779 sorti
1256 715 1390 798 permit·

327 813 411 868 tunt.
458 799 587 878 Brutus,
603 800 667 864 alio
681 815 767 865 ratus
783 815 923 890 spectare
944 801 1010 865 19Ρ
1033 799 1148 865 thicam
1166 821 1285 880 vocent,
1302 801 1391 864 velut

327 886 354 950 ai
382 885 550 972 prolapsus
578 887 752 966 cecidisset,
784 903 899 952 terram
930 823 1038 952 oscuio
1068 888 1222 976 contigit:
1256 885 1389 962 scilicet,

327 973 414 1060 quod
430 995 468 1038 ea
482 974 659 1037 contmunis
674 988 774 1039 mater
792 973 935 1038 omnium
956 973 1137 1038 mortalium
1154 989 1244 1038 esset.
1293 972 1393 1037 Redi-

327 1072 398 1124 tum
413 1058 488 1124 inde
503 1059 649 1137 Romam,
670 1059 725 1128 ubi
746 1061 897 1125 adversus
920 1060 1057 1125 Rutulos
1079 1060 1194 1124 bellum
1220 1081 1343 1124 summa
1358 1059 1391 1122 xi

182 1193 187 1202 .
328 1146 513 1234 parabatur.

165 1255 263 1302 umam
374 1233 483 1299 LVII.
506 1233 646 1298 Ardeam
674 1232 783 1299 Rutuli
797 1233 968 1311 habebant,
990 1257 1079 1322 gens,
1102 1248 1138 1300 ut
1159 1235 1191 1297 in
1208 1257 1245 1299 ea
1259 1235 1392 1322 regione

161 1332 220 1366 ‘¹²¹³
233 1319 314 1368 Μ·
330 1334 363 1387 at
386 1343 427 1386 ue
440 1321 473 1384 in
489 1343 526 1384 ea
536 1335 630 1386 aetate
656 1319 774 1384 divitiis
789 1321 989 1407 praepollens.
1004 1343 1104 1407 eaque
1117 1323 1188 1406 ipsa
1197 1343 1309 1384 caussa
1321 1319 1392 1384 bel·

163 1383 202 1434 υ*
329 1343 438 1484 illuit,
459 1407 543 1492 quod
559 1429 615 1472 rex
631 1370 797 1471 llotnantm
812 1421 878 1473 tum
899 1409 967 1493 ipse
984 1407 1089 1483 ditari,
1110 1409 1285 1472 exhaustus
1301 1429 1392 1494 mag·

186 1501 191 1512 “
328 1493 491 1559 nificentia
505 1493 706 1577 publicorum
721 1515 866 1578 operum,
882 1508 950 1558 tum
973 1491 1084 1580 praeda
1099 1491 1232 1558 delinire
1254 1493 1393 1580 populo·
1479 1523 1480 1530 ¹

327 1581 412 1644 rium
427 1579 550 1644 animoa
565 1579 733 1656 studebat3
756 1595 873 1665 proeter
894 1581 987 1645 aliam
1011 1579 1191 1664 superbiam
1214 1602 1316 1681 regno
1341 1580 1391 1644 in·

326 1665 421 1732 festos
435 1666 542 1743 ctiam,
563 1666 650 1753 quod
667 1689 699 1730 se
712 1667 745 1730 in
761 1665 923 1730 fabrorum
939 1667 1120 1731 ministeriis
1135 1689 1173 1732 ac
1187 1666 1292 1731 servili
1309 1681 1392 1732 tam·

326 1753 382 1818 diu
399 1752 522 1820 habitos
536 1773 633 1837 opere
656 1753 696 1817 ab
717 1773 792 1840 rege
806 1753 1063 1836 indignabantur.
1109 1753 1245 1818 Tentata
1262 1774 1311 1818 res
1331 1769 1392 1832 est,

326 1840 353 1906 ai
372 1840 479 1925 primo
493 1837 602 1924 inpetu
626 1839 697 1922 capi
720 1839 826 1904 Ardea
842 1853 955 1922 posset.
970 1839 1024 1904 ubi
1039 1839 1073 1903 id
1098 1861 1208 1922 parum
1226 1843 1390 1925 processit,

239 1919 243 1930 ’
326 1925 493 1992 obsidione
524 1925 814 2012 munitionibusque
846 1927 943 2010 coepti
971 1927 1074 2011 premi
1104 1925 1219 1990 hostes.
1280 1925 1319 1990 In
1355 1928 1393 1991 iis

327 2012 459 2096 stativis,
490 2026 524 2077 ut
549 2011 584 2075 fit
607 2010 704 2101 longo
730 2015 838 2100 magis,
862 2035 958 2100 quam
983 2013 1048 2077 acri
1075 2011 1167 2089 bello,
1194 2013 1269 2076 satis
1298 2013 1392 2078 liberi

327 2109 522 2166 commeatus
544 2111 654 2176 erant;
677 2099 871 2185 primoribus
898 2111 1005 2164 tamen
1024 2101 1134 2184 magis,
1159 2121 1255 2184 quam
1280 2101 1392 2165 militi·

165 2195 295 2244 conantio
327 2184 399 2251 bur.
445 2185 539 2288 liegii
554 2185 680 2274 quidem
699 2187 831 2272 juvenca
857 2185 1015 2250 interdum
1036 2186 1136 2250 otium
1163 2186 1317 2250 conviviis
1337 2209 1394 2250 cn·

131 2341 134 2348 ,
161 2259 630 2387 mdemessattootbusquc
659 2273 742 2338 inter
772 2295 804 2336 aa
833 2273 986 2336 terebant.
1008 2271 1090 2336 forte
1125 2272 1313 2356 potantibus
1343 2273 1394 2338 his

157 2387 289 2440 'mm
328 2359 414 2446 apud
433 2359 506 2424 Sex.
519 2357 744 2509 Tarquinium,
764 2359 818 2423 ubi
842 2371 874 2422 et
891 2357 1069 2424 Collatinus
1089 2357 1235 2423 coenabat
1250 2358 1393 2447 Tarqui·

327 2447 410 2524 nius,
424 2445 452 2486 ⁸⁰
464 2445 573 2534 Egerii
611 2445 680 2524 lius,
695 2445 808 2511 incidit
822 2447 862 2508 de
872 2444 1024 2510 uxoribus
1038 2445 1174 2510 mentio:
1198 2468 1287 2510 suam
1304 2449 1393 2532 quis·

327 2555 390 2622 que
403 2532 534 2598 laudare
557 2533 644 2597 miris
668 2532 780 2597 modis.
805 2532 883 2612 inde
904 2531 1074 2596 certamine
1097 2553 1240 2608 accens0,
1258 2531 1394 2600 Collati·

328 2643 388 2686 nus
402 2633 498 2706 negat
513 2621 612 2684 verbis
630 2641 705 2702 opus
718 2641 789 2695 esse,
796 2621 908 2702 parteis
922 2621 957 2681 id
969 2619 1089 2702 quidem
1107 2619 1392 2700 transponant,

329 2717 473 2792 musarum
489 2707 596 2770 ceteris
605 2714 734 2788 prccsiei
749 2705 898 2768 Lucretia
917 2725 983 2768 niu.
1031 2703 1127 2782 Quin,
1142 2707 1171 2769 si
1185 2705 1394 2790 vigorjuven-

328 2805 370 2858 tce
379 2795 466 2868 inest,
476 2793 698 2855 conscendimus
704 2811 802 2874 equos,
811 2792 1025 2876 invisimusque
1034 2802 1202 2873 praesentes
1217 2801 1393 2858 nosirmam

330 2879 481 2943 increata?
497 2878 540 2941 Id
551 2875 689 2960 ³¹cuique
699 2878 946 2959 spectatissimum
956 2880 1007 2954 sit,
1021 2879 1103 2962 quod
1115 2899 1169 2941 nec
1183 2881 1312 2961 opinato
1327 2884 1395 2944 viri

329 2987 350 3028 c
374 2974 463 3028 ventu
476 2963 645 3027 obctrrrerii
659 2965 761 3026 onais.
792 2963 995 3028 incaluerant
1010 2964 1095 3028 vino.
1115 2961 1142 3004 ³²
1152 2986 1210 3049 age
1223 2987 1306 3042 sane,
1324 2989 1394 3030 ont·

330 3073 395 3115 nea.
411 3049 513 3114 ‘citatis
535 3051 624 3136 equis
643 3047 789 3112 avolant*
814 3049 958 3114 Romam.
1003 3051 1077 3119 Quo
1097 3051 1333 3136 quamprimo
1358 3077 1393 3116 se

330 3134 564 3200 intendentibus
590 3134 739 3215 tenebris,
773 3137 997 3221 pervenissent,
1021 3151 1159 3225 pergunt
1187 3137 1263 3202 iude
1283 3137 1395 3204 Colla·

331 3221 426 3286 tiam:
449 3223 506 3286 ubi
523 3223 712 3299 Lucretiam,
730 3221 972 3309 haudquaquam
995 3237 1031 3287 ut
1057 3223 1159 3311 regias
1181 3245 1292 3300 nurus,
1309 3247 1392 3311 quas

329 3307 357 3348 ⁸⁵
368 3309 400 3372 in
416 3309 562 3374 convivio
585 3307 728 3394 luxuque
749 3330 822 3373 cum
838 3308 1015 3393 aequalibus
1029 3311 1173 3374 viderant
1194 3324 1320 3396 tempus
1346 3326 1395 3377 te-

329 3407 444 3474 rentes,
460 3393 514 3460 sed
529 3407 622 3460 nocte
636 3417 704 3458 sera
719 3394 857 3459 deditam
874 3394 955 3460 lanae
972 3397 1054 3460 inter
1069 3395 1270 3462 lucubrantes
1292 3399 1394 3465 ancil·

633 3615 636 3624 Ι
662 3527 666 3536 .
710 3561 925 3610 tadwianiGron.
936 3561 1005 3611 Cret.

362 3727 394 3776 29
411 3727 536 3790 Pythicam
553 3727 641 3790 uocem]
658 3727 790 3774 oracutum
809 3729 843 3776 A·
876 3735 925 3786 tur,
936 3731 1002 3791 quod
1017 3729 1202 3790 deprehenderit
1213 3731 1250 3778 vir
1266 3731 1398 3794 inopinato

328 3793 432 3854 pollinis.
467 3793 581 3854 Pythicas
597 3793 663 3840 enim
677 3806 754 3839 unum
765 3799 843 3841 estex
875 3795 1053 3854 superveniens.

329 3859 449 3919 Apollinis
474 3858 668 3918 cognominibus,
689 3857 712 3902 ei
741 3857 844 3906 inditum
908 3859 940 3906 82
957 3858 1009 3920 Aga
1027 3857 1192 3920 mnc1Vcrba
1211 3867 1269 3906 aunt
1290 3861 1396 3924 Tarqui.

329 3923 368 3969 vel
389 3937 404 3970 a
426 3929 535 3983 aupente
558 3921 668 3984 Pythone
689 3923 844 3983 interempto,
877 3924 974 3969 ntorum
982 3923 1165 3970 assentientium
1177 3925 1247 3970 dictis
1255 3925 1379 3975 Collatini.

329 3987 368 4034 val
384 3999 400 4032 a
414 3989 500 4034 Graeco
516 3988 589 4032 verbo
610 3985 845 4048 nativomquod
908 3987 987 4034 331n
999 3987 1223 4052 wariviolaaaqac]
1242 3989 1291 4038 llic
1307 4005 1397 4053 agnos-

329 4059 366 4098 cat
377 4051 499 4101 aciacitari.
517 4051 578 4110 Ejus
589 4053 735 4100 sacerdotem
745 4053 846 4114 Delphis
878 4053 956 4098 cimus
974 4052 1076 4110 figuram
1096 4051 1161 4098 illam
1179 4067 1253 4114 quarn
1269 4069 1398 4116 pamm..

330 4115 445 4181 Pythiam
466 4123 576 4163 vocamur
597 4117 679 4172 fuisse,
708 4131 780 4164 nemo
809 4125 846 4162 eat
879 4117 920 4162 tici
932 4121 1018 4162 cocant
1029 4113 1049 4161 t,
1058 4111 1094 4162 iai
1103 4111 1165 4164 imis.
1196 4117 1344 4166 lacescivit»
1360 4124 1399 4168 iu-

330 4181 372 4242 qui
380 4182 480 4241 ignoret.
877 4193 953 4240 caque
969 4179 1034 4225 idern
1045 4189 1082 4228 est
1093 4189 1176 4242 atque,
1186 4181 1212 4228 in
1228 4185 1343 4230 convivio
1358 4189 1397 4236 lu.

350 4245 394 4292 '80
411 4245 577 4310 Egeriistliac]
596 4245 687 4308 Nepos.
697 4261 726 4293 ex
739 4247 810 4293 Dion.
878 4245 983 4302 xurioso,
995 4245 1021 4289 id
1034 4251 1080 4301 eat,
1096 4247 1208 4306 delicato,
1218 4247 1322 4295 lautitiis
1342 4265 1398 4303 om.

362 4309 393 4358 81
411 4311 443 4358 Id
459 4312 539 4370 cubuc
558 4311 761 4374 spectatissimum]
788 4310 843 4356 Cer·
858 4320 860 4328 ¹
877 4310 948 4357 nibua
959 4309 1084 4360 instructo.

329 4376 453 4426 tissimum
471 4379 645 4424 commentum
667 4389 698 4422 ex
717 4388 746 4422 ao
768 4376 845 4434 capie-
1026 4375 1028 4380 '
