2986 4930
286 191 325 248 40
602 219 606 228 ·
676 182 786 252 'l'l'l'l
814 191 951 253 L1V11

286 362 346 428 rat,
370 363 405 416 ut
429 351 535 418 hastas
559 341 680 440 equites
705 355 826 440 erigere
845 355 967 443 jubeat.
1012 353 1050 420 Id
1075 353 1192 420 laetum
1218 373 1346 437 magnes

286 437 369 524 parti
397 439 539 524 peditum
575 441 792 506 Romanorum
823 457 1024 526 conspectum
1054 441 1199 506 abeuntis
1227 438 1346 504 Albani

287 524 444 610 exercitus
466 527 652 614 intersepsit.
675 529 730 614 qui
753 529 907 606 viderant,
930 529 973 609 id,
989 526 1073 614 quod
1096 527 1135 592 ab
1158 547 1233 614 rege
1254 525 1347 590 sudi·

288 621 355 674 tum
371 623 448 690 ernt,
464 612 537 690 rati,
553 636 592 678 eo
607 614 716 694 acrius,
748 628 879 702 ugnant.
902 613 1024 679 Terror
1037 613 1077 678 ad
1093 611 1198 678 liostes
1211 611 1346 676 transit:

287 705 321 760 st
329 695 514 764 audiverant
524 699 610 764 clera
620 723 696 765 voce
710 635 846 766 dictum:
863 717 894 765 et
909 721 1024 782 magna
1038 721 1112 786 pers
1130 698 1346 775 Fidenatium,

160 778 174 802 “
286 781 347 848 'tut
361 783 416 870 qui
430 784 536 849 coloni
551 784 649 852 additi
666 786 819 851 Romanis
833 801 946 864 essent,
964 787 1077 850 Latine
1092 783 1242 851 sciebant.
1280 783 1347 850 Ita·

287 889 359 956 que,
370 891 410 934 ne
424 870 529 936 subito
539 895 580 936 ex
594 872 728 938 collibus
737 874 871 938 decursu
883 874 1083 938 Albanorum
1095 869 1348 937 interduderen·

287 970 341 1019 tur
355 955 396 1020 sb
412 956 542 1043 oppido,
559 971 607 1024 ter
629 983 648 1024 a
662 971 800 1024 vertunt.
845 960 945 1024 lnstet
960 958 1087 1036 Tullus,
1102 959 1235 1042 fusoque
1251 955 1349 1022 Fide·

289 1042 413 1108 natium
430 1065 541 1120 cornu,
557 1045 589 1108 in
606 983 782 1121 i'eientem,
798 1043 901 1110 alieno
922 1063 1039 1132 pavore
1059 1044 1248 1130 perculsum,
1264 1044 1349 1108 fero·

292 1127 361 1194 oior
373 1127 465 1196 redit.
511 1131 579 1196 Nec
592 1131 638 1194 illi
660 1131 760 1196 tulere
774 1132 936 1217 inpetumt
958 1131 1011 1196 sed
1028 1131 1067 1196 ab
1081 1131 1180 1196 effuso
1199 1129 1274 1214 luga
1287 1129 1350 1194 flu-

291 1235 365 1279 men
380 1215 537 1302 objectum
552 1239 571 1282 a
585 1230 675 1305 tergo
692 1219 827 1284 arcebat
872 1217 949 1294 Quo
969 1233 1137 1303 postquam
1158 1216 1234 1302 fuga
1256 1214 1350 1280 incli-

288 1301 393 1376 navitt
415 1301 479 1380 alii,
500 1325 589 1368 arma
613 1303 696 1368 foede
713 1306 879 1391 jactantes,
901 1305 934 1368 in
956 1326 1069 1390 equam
1091 1305 1169 1369 caci
1192 1301 1349 1379 ruebant3

288 1387 353 1466 alii,
375 1387 454 1454 dum
479 1403 667 1456 cunctantur
689 1391 721 1454 in
747 1391 833 1477 ripis,
855 1390 937 1455 inter
957 1389 1041 1476 suga
1066 1411 1245 1478 pugnosque
1269 1411 1350 1454 oon-

288 1473 392 1626 aliurn
418 1476 568 1560 obpressi.
614 1477 688 1541 Non
714 1477 776 1541 alis
800 1489 874 1543 ante
901 1477 1046 1542 Romana
1074 1497 1183 1564 pugna
1208 1477 1350 1540 atrocior

323 1560 356 1626 it.

333 1645 503 1714 XXVIII.
527 1647 614 1716 Tum
628 1649 770 1715 Albanus
791 1651 959 1729 exercitus,
975 1663 1132 1736 spectator
1152 1648 1348 1728 certaminis,

288 1732 442 1798 deductus
463 1735 496 1798 in
518 1757 657 1820 campos.
703 1735 824 1802 Mettus
840 1737 939 1802 Tullo
953 1739 1090 1802 devictos
1111 1735 1216 1802 hostes
1237 1747 1350 1822 gratu·

288 1819 395 1885 laturi
413 1834 526 1885 contra
545 1822 659 1888 Tullus
676 1821 814 1888 Mettum
837 1824 975 1910 benigne
996 1822 1187 1909 adloquitur.
1224 1821 1348 1899 ⁸Qu0d

287 1905 369 1972 bene
384 1917 493 1985 uertat,
509 1921 612 1972 castre
626 1908 770 1974 Albanos
787 1911 941 1975 Romanis
955 1910 1063 1975 castris
1080 1911 1138 1996 jun
1181 1931 1216 1974 re
1231 1909 1348 1995 jubet:

287 1991 496 2058 ⁹ssctilicium
511 1993 640 2060 lustrale
659 1995 691 2058 in
707 1994 791 2060 diem
805 2011 967 2082 posterum
983 2007 1084 2080 parat.
1165 1996 1197 2060 bi
1214 1995 1347 2074 inluxit,

286 2080 406 2165 paratis
419 2079 579 2161 omnibus,
594 2097 629 2145 ut
644 2081 773 2158 adsolet,
790 2083 893 2148 vocari
914 2084 953 2146 ad
976 2081 1160 2148 concionem
1175 2097 1350 2167 utrumque

286 2167 463 2232 exercitum
479 2167 582 2254 jubet.
628 2167 806 2244 Praecones,
825 2169 866 2234 ab
888 2183 1030 2234 extremo
1052 2171 1126 2246 orsi,
1148 2171 1268 2254 primos
1290 2191 1348 2232 ex·

286 2252 390 2318 civero
404 2251 555 2318 Albanos.
578 2253 612 2318 hi
625 2255 765 2320 novitate
778 2256 872 2320 etiem
887 2256 933 2320 rei
948 2257 1037 2335 moti,
1051 2267 1087 2320 ut
1101 2277 1207 2343 regern
1226 2255 1348 2320 Roma-

287 2357 363 2404 num
380 2338 619 2406 concionantem
637 2342 794 2419 audirent,
810 2342 947 2424 proximi
968 2341 1146 2408 constitere.
1189 2339 1242 2407 Ex
1258 2361 1348 2406 com-

286 2426 391 2511 posito
414 2439 536 2492 armeta
557 2427 771 2493 circumdatur
789 2429 815 2468 ¹⁰
826 2429 970 2494 Romane
990 2427 1084 2517 legio.
1107 2427 1349 2494 centurionibus

286 2512 397 2578 datum
419 2535 460 2578 ne
483 2517 581 2579 otium
604 2529 681 2592 erat,
698 2528 733 2579 ut
747 2515 814 2579 sine
835 2537 923 2579 mora
943 2516 1076 2599 imperia
1089 2528 1348 2600 exsequerentur.

124 2601 273 2662 suppletum
287 2597 374 2664 Tum
389 2600 434 2665 ita
482 2600 564 2664 ullus
577 2600 664 2664 infit:
689 2603 834 2678 Romani,
850 2604 879 2666 si
896 2623 1034 2686 umquem
1049 2611 1121 2666 ante
1138 2605 1219 2666 alies
1232 2603 1296 2665 ullo
1312 2604 1348 2665 irs

125 2667 247 2778 ffiffi'
286 2686 447 2771 benefitii
460 2689 541 2770 quod
547 2689 681 2769 primum
693 2689 769 2766 Diis
783 2687 995 2751 inmortalibus
1004 2690 1129 2772 gratias
1139 2689 1280 2773 ageretis,
1293 2691 1347 2752 de-

285 2773 359 2836 inde
372 2779 479 2836 uestrce
493 2774 625 2855 ipsomm
639 2774 759 2848 virtuti,
774 2773 942 2837 hesternum
957 2775 993 2836 r'd
1006 2775 1236 2860 proeliumfuit.
1280 2775 1348 2838 Di·

285 2859 427 2922 micatum
442 2859 572 2922 estem'm
588 2879 648 2920 uon
662 2860 831 2942 mogiseum
846 2859 987 2936 hostibus,
999 2881 1098 2944 quum,
1110 2862 1348 2945 qrtaedimr'cotio

285 2942 384 3028 major
396 2953 489 3028 atque
497 2943 503 2978 ¹
511 2945 715 3026 periculosior
724 2953 777 3019 est,
790 2967 855 3008 cunt
863 2947 1045 3028 proditione
1058 2969 1095 3010 oc
1103 2947 1239 3029 perfidio
1249 2948 1347 3010 socio-

285 3049 362 3094 rum.
390 3029 502 3108 Nam,
517 3049 556 3092 ne
576 3031 729 3114 vessulso
749 3032 856 3114 opinio
877 3041 989 3110 teneat,
1011 3032 1126 3118 injussu
1146 3055 1210 3097 meo
1228 3033 1349 3097 Albani

284 3116 402 3180 subiere
416 3117 459 3179 ad
471 3125 604 3180 montes:
627 3137 681 3180 uec
694 3119 852 3200 imperium
868 3119 947 3182 illud
959 3141 1062 3195 meum,
1078 3121 1132 3184 sed
1144 3119 1300 3184 consilium
1315 3130 1347 3184 et

285 3203 410 3286 imperii
429 3204 585 3274 simulatio
593 3201 685 3287 suit:
708 3213 742 3267 ut
763 3225 826 3281 nec,
842 3204 925 3270 vobis
938 3205 1152 3291 ignorantibus
1165 3207 1264 3270 deseri
1282 3227 1346 3284 oss,

707 3363 752 3418 loe
763 3372 839 3420 Gron.
852 3373 922 3420 Cret.

319 3521 334 3568 'i
354 3519 388 3565 Ut
397 3518 529 3582 puteolani]
542 3519 574 3566 Ut
582 3521 799 3582 quiadliomauos
831 3537 886 3570 rum
910 3523 1063 3576 Fidenatium
1086 3523 1192 3584 reliquiis
1214 3529 1347 3582 constaret,

286 3585 384 3632 colonos
406 3583 432 3629 in
449 3595 525 3648 'susm
553 3585 637 3632 urbam
659 3601 674 3633 a
694 3587 799 3644 Romub
832 3587 960 3636 Fidenates
987 3589 1081 3636 Etrusci
1108 3591 1140 3635 ab
1164 3588 1274 3635 admistis
1299 3588 1348 3634 sibl

285 3650 402 3696 deductos
420 3653 445 3694 et
460 3647 507 3708 lpsl
517 3649 593 3696 additi
612 3661 692 3698 essent
710 3653 799 3712 coloni,
831 3653 922 3699 colonis
940 3653 1056 3700 Romania
1075 3653 1153 3700 edocti
1172 3653 1256 3700 lactine
1273 3653 1348 3712 pleri-

287 3708 498 3772 eodemjuraquo
518 3713 630 3760 Romani.
662 3716 734 3770 Quod
744 3717 798 3776 qui·
831 3719 1003 3778 qusseiebent.

286 3779 341 3824 dem
358 3785 441 3836 postes
459 3775 484 3822 sn
503 3777 576 3824 Antio
594 3781 687 3826 colonia
706 3782 798 3828 laetum
862 3781 973 3837 S’Quod
988 3783 1041 3828 benc
1052 3780 1138 3844 uertet]
1157 3779 1267 3828 Solennls
1283 3780 1347 3827 bene

286 3841 370 3897 ndns,
392 3841 486 3886 disertis
509 3843 586 3889 verbis
612 3854 692 3890 narrat
715 3845 799 3891 Livius
831 3847 944 3906 merendi
960 3846 1173 3903 formulausitate
1187 3845 1212 3891 in
1228 3844 1349 3904 inclmen-

287 3904 365 3952 vlu.
387 3904 424 3950 lt
459 3905 521 3952 Herc
535 3906 642 3954 dseobus
655 3909 798 3956 Gronovius.
831 3911 869 3957 dis
879 3911 991 3958 omnibus
1002 3923 1057 3971 quse
1072 3916 1129 3956 sunt
1142 3910 1214 3972 paulo
1227 3909 1347 3969 gravioris

287 3967 424 4016 Fatendum
439 3975 520 4017 tamen
541 3979 578 4017 est
591 3973 631 4020 hic
649 3974 799 4032 nescioquid
831 3975 957 4021 momenti.

287 4046 339 4079 assa
365 4035 521 4081 salebrosum.
561 4035 712 4094 Emendsbat
737 4039 797 4084 Tan.
863 4038 1040 4102 ssmrtstctem
1066 4037 1172 4102 lustrale]
1207 4037 1265 4086 Vld.
1292 4045 1346 4086 not.

287 4095 374 4155 Faber,
393 4102 421 4144 ut
437 4100 500 4158 queis
515 4100 587 4146 celent
603 4099 678 4146 addid
700 4101 800 4148 nouere
831 4101 1076 4150 &nadeldinl'ra
1295 4138 1298 4153 .

285 4165 374 4208 emt.-
392 4159 515 4225 Dujatius,
528 4166 605 4224 urqet
621 4165 800 4211 eulmteddttte
825 4187 832 4196 ·
866 4167 896 4213 10
912 4165 1017 4214 nonem
1032 4165 1104 4230 tegre]
1130 4167 1255 4214 liomsnus
1276 4181 1346 4216 exer»

287 4224 400 4274 nmen
418 4231 497 4274 esunt.
519 4228 626 4282 'ernm-
645 4229 798 4276 Fidenatium
831 4232 901 4279 citus.
935 4229 1320 4292 stcnumtaouatuatcgu.
1375 4283 1379 4286 ,

285 4290 371 4342 nutu
380 4305 411 4342 cx
421 4293 512 4341 colonis
527 4293 643 4342 llomenit
656 4300 721 4340 etex
733 4299 797 4339 vste·
