3032 4924
471 241 563 306 ΗΒ.
584 245 619 304 V.
647 241 750 306 CAV.
771 245 861 307 Xlll.
1109 255 1167 310 805

104 409 252 476 tribuum
276 407 415 475 militum
436 409 544 496 priore
569 431 654 476 anno
677 409 790 488 fuerat,
812 410 1026 564 ⁴⁶triplexque
1046 412 1167 499 stipen-
1175 421 1321 487 tressa

105 496 192 562 dium
220 495 381 584 equitibus
400 496 540 573 dederat,
556 497 658 584 gratia
672 511 848 562 extractum
863 522 884 563 a
920 512 1043 564 tantum
1064 499 1312 566 honest-m·
1358 547 1361 550 -

105 605 171 648 rem
187 585 335 648 credunt.
365 581 416 647 alii
439 583 613 648 orationem
628 585 729 669 ipsam
745 588 962 669 tempestivam
978 585 1019 650 de
1032 601 1167 652 concor·

104 668 157 734 dia
185 670 351 746 ordinum,
377 668 524 734 Patribus
551 668 698 757 plebique
725 677 859 758 gratam,
889 671 1046 738 habuisse.
1092 671 1168 740 Hac

104 756 238 822 victoria
248 756 449 822 comitiorum
461 755 657 821 exsultantes
671 753 791 822 tribuni
803 756 917 842 plebis,
929 760 1014 844 quod
1028 759 1169 827 maxime

104 843 339 925 rempublicam
366 842 557 928 inpediebat,
580 842 621 906 de
650 842 772 908 tributo
796 847 981 910 remiserunt
1004 843 1167 912 conlatum

103 929 302 1009 obedienter,
318 929 510 1016 missumque
523 928 563 993 ad
579 930 751 994 exercitum
766 943 822 995 est.

145 1015 252 1084 Xlll.
277 1016 453 1082 Anausin
477 1015 599 1080 Volscis
627 1015 715 1080 brevi
742 1027 900 1102 receptum
928 1029 984 1094 est,
1014 1039 1035 1082 n
1076 1019 1166 1086 lectis

102 1100 154 1167 die
177 1102 261 1168 lesto
284 1103 434 1168 custodiis
458 1100 554 1168 urbis.
600 1101 737 1191 Insignis
758 1125 860 1168 annus
886 1103 989 1168 hieme
1063 1105 1114 1170 rda
1128 1129 1166 1172 ac

101 1189 211 1254 nivosa
225 1189 302 1271 suit,
318 1189 398 1254 adeo
413 1200 448 1254 ut
461 1189 522 1253 rias
540 1191 666 1265 clausae,
682 1189 810 1254 Tiberis
825 1189 1007 1278 innavigabi
1020 1213 1046 1254 rs
1061 1193 1165 1259 luerit.

101 1297 230 1342 annona
262 1299 303 1341 ex
333 1289 557 1341 anteccnrecta
587 1276 680 1362 copia
707 1276 786 1340 nibil
818 1279 961 1342 mutavit.
1018 1277 1062 1342 Et
1090 1279 1166 1364 quia

103 1361 138 1426 Ρ.
165 1361 329 1438 Licinius,
359 1375 395 1426 ut
424 1374 549 1446 ceperat
583 1361 668 1426 haud
706 1361 901 1428 tumultuose
933 1363 1164 1452 magistratum,

101 1448 223 1536 majore
237 1450 358 1536 gaudio
370 1447 482 1534 plebis,
498 1469 593 1533 quam
609 1448 828 1536 indignatione
845 1449 988 1530 Petrum,
1003 1451 1049 1514 ita
1068 1453 1164 1516 etiam

100 1537 213 1622 gemin
241 1533 380 1602 dulcedo
393 1534 508 1600 invasit
534 1535 683 1618 proximis
703 1535 839 1600 comitiis
863 1535 1064 1601 tribunorum
1080 1537 1165 1602 mili·

101 1633 165 1686 tum
179 1623 329 1708 plebeios
350 1621 488 1688 creandi.
536 1621 628 1686 Unus
642 1622 690 1686 M.
706 1621 857 1687 Veturius
870 1643 910 1688 ex
923 1623 1066 1708 patriciis
1088 1645 1164 1690 can»
1172 1645 1204 1694 u.
1215 1645 1243 1694 c.
1253 1645 1311 1696 sss.

100 1707 218 1775 didatis
245 1709 352 1774 locum
377 1709 496 1773 tenuit:
525 1709 665 1792 plebeios
678 1708 756 1772 alios
771 1709 914 1774 tribunos
936 1709 1071 1776 militum
1087 1711 1202 1776 con-lv
1215 1709 1310 1760 &⁸9⁰-

101 1795 195 1860 solari
213 1809 491 1882 potestateomnes
505 1793 570 1859 sere
580 1795 731 1860 centuriae
742 1795 859 1872 dixere,
872 1797 921 1860 M.
936 1791 1162 1882 Pomponium,
1171 1775 1326 1889 &iffi
1385 1863 1388 1872 .

102 1881 138 1946 C.
154 1881 321 1959 Duilium,
338 1881 529 1946 Voleronem
547 1881 729 1959 Publilium,
747 1882 808 1948 Cn.
825 1882 1016 1961 Genucium,
1035 1883 1073 1949 L.
1092 1885 1164 1949 Ati·

100 1965 186 2035 lium.
239 1967 381 2033 Tristem
406 1967 553 2044 hiemem,
580 1969 644 2033 sive
670 1989 709 2032 ex
732 1969 919 2054 intemperie
939 1967 1022 2048 coeli,
1046 1973 1163 2056 raptim

100 2055 282 2122 mutatione
294 2056 326 2118 in
342 2054 535 2120 contrarium
551 2053 642 2132 laeta,
658 2055 721 2118 sive
741 2057 803 2120 alia
822 2078 886 2142 qua
900 2057 939 2120 de
952 2079 1071 2135 caussa,
1088 2081 1163 2144 gra·

100 2141 142 2205 ris
162 2140 385 2230 pestilensque
410 2140 557 2205 omnibus
582 2139 770 2205 animalibus
792 2159 883 2206 restas
906 2145 1044 2227 excepit.
1073 2146 1318 2231 cujusnoefflsnm.

98 2227 273 2294 insanabili
295 2227 468 2312 ⁴⁷pernicie
482 2226 610 2314 quando
634 2247 693 2291 nec
716 2249 825 2292 caussa
846 2249 906 2292 nec
926 2227 999 2293 linis
1020 2231 1162 2298 invenie·

97 2314 209 2392 batur,
221 2313 294 2378 libri
311 2313 457 2416 Sibyllini
471 2333 510 2377 ex
526 2313 797 2378 senatusconsulto
811 2313 889 2378 aditi
905 2328 988 2379 sunt.
1032 2315 1299 2387 Duum-mem.

99 2403 158 2466 riri
191 2401 288 2465 sacris
316 2399 480 2478 sacrandis,
503 2399 726 2464 ⁴⁸lectisternio
752 2414 829 2464 tunc
857 2399 994 2484 primum
1024 2401 1058 2464 in
1081 2401 1238 2468 urbenium
1249 2405 1299 2466 1²1·

101 2487 255 2554 Romana
276 2487 370 2569 facto,
392 2508 450 2572 per
469 2485 535 2550 dies
557 2499 630 2550 octo
660 2484 853 2571 Apollinem,
881 2487 1103 2574 Latonamque
1130 2481 1247 2555 etmqm.

100 2573 257 2651 Dianam,
283 2573 469 2652 Herculem,
483 2571 692 2637 Mercurium
715 2585 807 2660 atque
835 2571 1020 2658 Neptunum
1045 2574 1162 2653 tribus,

99 2683 198 2748 quam
213 2659 408 2745 amplissime
421 2674 488 2725 turn
505 2659 651 2745 adparari
670 2671 804 2744 poterat,
819 2659 924 2724 stratis
947 2660 1034 2725 lectis
1056 2659 1164 2746 placa·

99 2769 184 2814 rere.
233 2746 386 2812 Privatim
423 2767 549 2838 quoque
573 2745 606 2810 id
635 2765 758 2810 sacrum
781 2745 971 2811 celebratum
1001 2759 1058 2812 esc
1095 2759 1164 2813 tota

100 2837 181 2900 urbe
195 2835 381 2919 putentibus
393 2835 511 2920 januis,
524 2833 767 2919 promiscuoque
782 2855 839 2898 usu
854 2854 959 2898 rerum
971 2833 1113 2898 omnium
1128 2835 1163 2899 in

99 2919 276 3006 propatulo
295 2921 409 3006 posito,
426 2932 518 2984 notos
541 2920 728 3006 ignotosque
751 2920 866 3004 passim
891 2919 1028 2984 adrem
1043 2921 1075 2984 in
1092 2922 1164 2986 hos-

99 3008 217 3092 pitium
239 3007 350 3071 ductos
374 3007 495 3080 lerunt:
518 3019 636 3070 etcum
659 3005 796 3070 inimicis
816 3027 943 3093 quoque
968 3003 1106 3095 benigne
1125 3029 1163 3072 ac

101 3095 237 3160 comiter
261 3113 420 3158 sermones
448 3089 583 3169 habitos,
601 3091 716 3191 jurgiis
740 3113 778 3157 ac
800 3091 907 3158 litibus
930 3097 1162 3179 temperatum

10 3213 11 3216 ¹
101 3179 216 3246 vinctis
236 3200 364 3266 quoque
385 3179 491 3244 dernta
512 3178 545 3260 in
568 3199 621 3241 eos
635 3179 700 3242 dees
714 3178 857 3256 vincula3
887 3178 1032 3268 religioni
1047 3180 1164 3246 deinde

58 3267 61 3278 '
100 3263 337 3352 luisse,quibns
351 3287 420 3330 eam
440 3285 534 3415 opem
555 3263 613 3330 Dii
635 3262 788 3345 tulissent,
803 3267 926 3330 vinciri.
972 3265 1104 3332 Interim
1119 3267 1161 3332 ad

102 3351 200 3420 Veios
224 3367 328 3417 terror
350 3351 464 3438 multip
476 3373 517 3416 ex
530 3350 608 3427 sult;
630 3349 731 3414 tribus
746 3353 778 3414 in
797 3372 896 3416 unum
910 3351 1001 3417 bellis
1015 3352 1286 3424 commiserantium

102 3459 240 3528 namque
262 3438 386 3516 eodem,
409 3459 474 3523 quo
498 3450 599 3513 antea,
616 3436 713 3502 modo
734 3437 818 3502 circa
840 3439 1047 3515 munimenta,
1061 3441 1291 3526 quum¹dV0l⁰⁸

102 3540 234 3614 repente
259 3525 438 3610 Capenates
465 3523 641 3610 Faliscique
667 3522 807 3591 subsidio
821 3524 988 3604 venissent,
1012 3525 1162 3591 adeamus

132 3771 164 3818 44
184 3767 618 3842 respice-...elipandlasal'l'rlplum
649 3767 748 3816 ablativi
767 3768 826 3818 nudi
846 3767 1162 3816 emereamur.

104 3831 153 3897 q‘ur
163 3837 231 3897 quod
240 3835 316 3896 pediti
326 3834 445 3882 dabrtme
463 3841 491 3880 ut
500 3833 619 3896 ωιῃίωο
650 3831 748 3878 omen.
760 3845 781 3878 c.
794 3832 832 3880 17.

104 3913 131 3948 α
151 3913 181 3948 eo
204 3913 344 3961 mutnus,
358 3899 423 3958 quod
439 3897 523 3957 Polyb.
539 3897 557 3944 l·
568 3895 619 3944 Vl.
682 3895 715 3944 48
730 3893 893 3960 team]
919 3897 967 3944 llic
999 3896 1163 3944 cuncordia·

104 3963 164 4012 banc
174 3965 267 4012 mari
282 3977 336 4011 aro
354 3963 522 4022 sucrdpendli
534 3973 620 4022 quer·
650 3961 701 4008 rius
722 3961 770 4007 llsit
788 3961 940 4020 supplicandi
958 3961 1005 4008 dlis
1022 3961 1091 4008 ritus.
1123 3961 1165 4008 Ad

104 4029 145 4076 aa
154 4030 186 4078 ad
198 4029 311 4089 pedestre
321 4028 440 4076 rationem
451 4027 540 4074 scribit.
648 4027 732 4086 epulas
752 4024 787 4071 dii
808 4025 982 4081 invitabantur,
1004 4025 1081 4086 iisque
1108 4025 1164 4072 leetl

131 4095 163 4143 44
180 4092 303 4156 Pemlrbl
328 4091 390 4140 Hoec
411 4104 459 4138 vox
479 4091 618 4153 aeelpbnda
649 4091 826 4143 sumebatur,
842 4089 868 4135 ln
889 4092 978 4150 quibua
991 4103 1076 4137 aarum
1095 4103 1165 4151 repo-

10 4143 11 4176 3
105 4149 196 4208 ridetur
215 4159 241 4206 lu
257 4156 526 4217 medicamentisque.
561 4154 618 4201 Pot-
650 4157 769 4202 uehuntur
787 4151 931 4200 simulacrar
952 4161 1005 4202 tum
1024 4155 1165 4202 conelelun

104 4229 138 4270 ert
154 4231 237 4272 umen
254 4221 616 4283 intelllglmaulerendiearnr
650 4219 821 4280 apponebatm.
855 4218 1166 4267 Vtrumlibet.

103 4283 170 4350 euim
190 4301 270 4350 quom
290 4285 431 4334 insanabilis
448 4286 619 4346 paeninae·-
651 4285 771 4340 observat,
780 4281 850 4330 loeis
860 4284 932 4342 epulo
939 4283 1020 4343 ipsum
1027 4284 1127 4343 quidem
1138 4284 1165 4330 in

105 4357 146 4398 ret.
178 4351 218 4402 ste
234 4354 252 4402 l.
264 4351 346 4400 Vl.c.
357 4349 382 4399 4.
393 4350 501 4397 absalom
510 4349 618 4410 ponitur.
651 4349 778 4403 lectulum,
794 4347 918 4394 lunonem
936 4353 1020 4394 autem
1035 4353 1061 4394 et
1072 4347 1164 4396 umer-

104 4417 166 4462 usto
187 4415 215 4464 dc
242 4431 266 4464 rc
294 4428 403 4464 mamre·
429 4415 541 4463 ciuitatis.
581 4413 619 4461 De
652 4410 1088 4462 vaminsettmucoemmtnvttut.

144 4497 216 4546 401..
232 4495 266 4544 1.'
697 4495 719 4539 Χ
