3056 4928
353 190 410 250 tte
708 201 710 204 ·
741 184 1018 246 T1t1L1v11
1250 189 1252 199 ’

82 445 83 454 ¹
194 366 331 484 llil
355 347 1406 519 ididiffllii‘itiiiiiiffliissuiiiidi

354 533 465 588 remum
488 522 593 600 labeo,
610 522 685 605 quid
706 522 771 586 illis
792 542 856 597 nos,
877 523 992 585 Patres
1013 522 1187 604 corumpti,
1210 521 1350 585 sollicitis
1371 539 1408 582 ac

354 608 584 692 *tundentibus
596 608 696 671 animi
709 608 889 694 renunciare
898 605 1047 690 jubentia
1084 606 1222 671 Alterum
1235 625 1408 688 responsum

353 697 490 771 salutm
501 694 668 768 uictoriam,
676 694 779 770 lucem,
791 715 828 756 ac
837 693 1024 766 libertatem
1047 693 1176 756 adetum
1189 692 1325 756 ominari
1337 691 1408 753 lror-

354 803 416 856 reo,
432 779 602 865 quieseunt.
644 781 784 843 Proinde
797 789 831 842 ut
844 788 900 844 aut
913 780 951 842 de
963 780 1070 844 astris
1075 779 1200 863 suturis
1212 780 1303 844 sociis
1316 785 1409 860 atque

355 867 470 942 amicis,
485 876 541 932 aut
554 887 699 949 nusquam
712 867 784 929 ullis
790 865 915 949 fidutia
928 863 1024 940 uoltis,
1039 867 1192 932 corttulite.

398 951 535 1025 XXXI.
559 950 721 1017 Submotis
741 949 856 1016 deinde
878 949 1000 1036 legatis,
1017 971 1115 1050 quum
1135 948 1297 1014 consultus
1317 968 1406 1012 sene·

355 1051 407 1104 tus
420 1051 509 1115 esset,
525 1038 583 1102 etsi
599 1057 723 1125 magnoe
743 1036 827 1123 parti
848 1035 924 1102 urbs
945 1057 1087 1100 maxima
1108 1035 1408 1121 opulentissimaque

356 1124 467 1203 ltalioe,
490 1124 667 1190 uberrimus
691 1146 765 1212 eger
790 1123 930 1209 marique
952 1123 1148 1208 propinquus
1176 1121 1217 1187 ad
1242 1123 1409 1203 varietates

355 1232 490 1277 annonae
506 1213 652 1276 horreum
664 1209 774 1294 populi
788 1208 925 1274 Romani
939 1205 1006 1272 fore
1016 1208 1198 1286 videbatur3
1220 1206 1325 1274 tameit
1338 1220 1408 1271 tan·

237 1341 238 1344 =
355 1309 388 1363 ta
402 1297 536 1363 utilitate
550 1297 628 1362 fides
642 1297 800 1382 antiquior
814 1283 883 1375 fuit,
898 1294 1123 1381 responditque
1144 1295 1187 1358 ita
1209 1317 1250 1360 ex
1269 1294 1408 1358 auctori-

157 1456 158 1465 ,
197 1405 308 1466 negetur
356 1397 420 1450 tate
434 1397 559 1450 cenatus
578 1382 706 1448 consul:
730 1383 859 1446 Aurilio
873 1403 932 1457 uos,
951 1381 1111 1464 Campani,
1128 1384 1236 1466 dignos
1249 1390 1349 1446 cerret
1362 1402 1408 1444 se-

195 1471 315 1518 ⁸²¹¹¹¹³¹¹¹²¹
355 1481 464 1538 nonar
487 1473 540 1536 ted
552 1472 599 1534 ita
613 1469 757 1534 vobiscum
769 1469 936 1532 amicitiam
951 1469 1074 1532 imtitui
1081 1490 1145 1550 por
1159 1478 1212 1543 est,
1229 1489 1267 1532 ae
1281 1489 1344 1552 qua
1358 1488 1408 1531 ve·

195 1534 333 1596 cmm
354 1559 465 1624 iratior
474 1557 795 1638 amicitioocsoaietos
805 1556 942 1619 violetur.
972 1552 1409 1638 Samnitesnobiscumfoedere

344 1643 451 1728 juncti
462 1653 542 1708 tunt.
565 1645 668 1726 itaque
679 1663 776 1719 orma,
792 1642 876 1706 Deos
891 1641 993 1722 prius,
1009 1661 1097 1723 quom
1111 1640 1255 1719 ltomines,
1274 1641 1409 1720 uiolatu-
1468 1667 1474 1674 ·

293 1726 295 1737 ’
354 1731 556 1806 raadversus
572 1727 722 1791 Samnites
736 1727 817 1792 nolis
831 1747 983 1810 negamus.
1025 1725 1171 1810 Legatos,
1184 1727 1261 1790 sicut
1269 1724 1407 1810 fotjus·

354 1817 533 1983 tituil
545 1815 639 1962 ...qq
650 1814 1034 1981 tltttttft’ttttl
1041 1813 1408 1982 tittttffl

353 1985 462 2051 datum
478 1984 668 2066 adtulerunt)
687 1919 946 2068 Quondtiquidgeb,
958 1983 1069 2070 inquit,
1084 1995 1189 2048 nostra
1203 1986 1285 2048 tueri
1297 1987 1411 2050 aduer-

354 2094 404 2138 mts
417 2075 477 2138 vim
488 2081 579 2155 atque
590 2070 829 2154 injuriomjutta
844 2072 877 2135 oi
890 2091 950 2132 noa
959 2071 1059 2142 uultis,
1069 2080 1168 2136 vestro
1177 2080 1256 2134 certe
1264 2072 1409 2156 desende-

354 2161 405 2224 trs.
451 2159 558 2242 ltaqrte
577 2159 722 2240 popttlum
747 2157 943 2240 Campanum,
958 2156 1116 2240 urbemque
1132 2159 1280 2240 Capsam,
1304 2180 1408 2244 agrae,

354 2243 480 2310 delubra
495 2243 605 2317 Deim
622 2245 729 2308 diviua
750 2244 939 2326 hamanaque
959 2244 1061 2306 omnia
1084 2244 1118 2306 ia
1137 2253 1275 2320 uestram,
1294 2245 1410 2310 Patres

353 2332 528 2414 conscripti,
538 2331 705 2414 populique
716 2330 853 2394 Romam
862 2329 1005 2392 ditionem
1017 2330 1151 2396 dedimus
1155 2363 1167 2402 ,·
1191 2331 1344 2414 quidquid
1356 2334 1410 2396 de-

355 2419 428 2481 iude
436 2416 601 2500 patiemur,
614 2417 754 2480 dediticii
762 2416 995 2497 vestripassuri.
1034 2413 1102 2479 Sub
1113 2413 1182 2480 haec
1192 2415 1278 2482 dicta
1286 2438 1407 2496 omnes,

355 2523 466 2568 munus
481 2502 521 2568 ad
537 2501 679 2567 consules
693 2501 868 2582 tendentes,
881 2499 967 2585 pleni
981 2499 1182 2566 lacrimarum
1204 2503 1237 2566 in
1252 2503 1410 2570 vestibulo

354 2589 453 2656 ouriae
466 2587 715 2673 procubuerunt.
750 2586 911 2652 Commoti
928 2585 1043 2652 Patres·
1055 2589 1121 2653 vice
1134 2585 1334 2654 fortunarum
1349 2589 1410 2656 bu·

355 2697 530 2751 manarum,
546 2675 571 2738 si
586 2673 639 2738 ille
652 2685 832 2759 prtepotens
845 2671 968 2758 opibus,
981 2675 1129 2759 populus,
1149 2672 1275 2740 luxuria
1297 2697 1410 2762 super·

355 2761 468 2847 bisque
487 2761 600 2838 clerus,
617 2781 711 2846 equo
726 2759 832 2844 paullo
846 2773 919 2824 ante
933 2759 1081 2824 auxilium
1102 2759 1228 2824 finitimi
1242 2762 1408 2847 petissent,

354 2846 435 2912 adeo
456 2845 604 2910 infractos
627 2862 750 2931 gereret
771 2846 902 2921 animos,
921 2858 954 2909 ut
968 2867 1001 2910 se
1015 2845 1083 2930 ipse
1096 2869 1213 2932 suaque
1227 2849 1336 2912 omnia
1350 2871 1409 2934 po-

354 2934 472 2996 testatis
483 2932 594 3012 alienat
608 2931 740 2996 faceret:
764 2947 830 2998 tum
842 2933 907 3017 jam
923 2931 949 2975 ⁴⁷
957 2931 1035 2996 fides
1048 2933 1100 3021 agi
1116 2934 1190 3010 visa,
1202 2933 1328 3000 deditos
1343 2957 1410 3000 uon

354 3018 459 3102 prodi,
472 3040 530 3082 nec
540 3018 694 3082 lecturum
703 3039 796 3103 aequa
811 3017 1002 3084 Samnitium
1018 3019 1170 3105 populum
1186 3021 1371 3098 oebsebant,
1382 3022 1410 3086 si

192 3113 318 3190 pecipitur
355 3103 499 3191 ⁴8agrurn
521 3103 704 3188 urbemque,
721 3125 776 3188 per
788 3103 982 3168 deditionem
997 3103 1112 3170 iactum
1127 3105 1236 3208 populi
1254 3106 1407 3186 Romani,

190 3178 341 3288 ppqepmte-
354 3189 586 3276 obpugnarent.
630 3189 767 3278 Legatos
787 3191 891 3276 itaque
912 3190 1073 3276 extemplo
1093 3195 1173 3257 muti
1195 3193 1233 3256 nd
1250 3194 1412 3260 Samnites

354 3275 484 3361 placuit.
505 3276 580 3348 data
601 3279 758 3354 mandate,
780 3286 814 3340 ut
833 3297 937 3358 preces
952 3279 1183 3359 cantuariorum,
1199 3277 1410 3362 ⁴‘’responsum

144 3445 147 3456 .
353 3373 476 3428 amiotus
490 3363 630 3428 ontuitiae
645 3363 826 3427 Samnitium
846 3384 965 3440 monor,
981 3365 1157 3429 deditionem
1169 3374 1320 3449 postremo
1334 3364 1410 3449 soc-

35 3505 44 3524 .
192 3457 308 3519 tegrun-
353 3461 426 3526 tora,
441 3449 624 3514 samnitium
643 3459 830 3532 exponerent.
876 3449 1015 3514 Peterem
1028 3472 1083 3532 pro
1096 3453 1235 3516 sociante
1256 3453 1411 3520 amicitio-

192 3521 319 3636 ἐπ’.
352 3557 420 3620 que,
436 3547 469 3600 ut
483 3536 632 3600 dediticiis
645 3537 706 3600 tuit
716 3544 893 3616 parcerent.-
915 3555 1009 3618 neque
1028 3537 1059 3600 in
1072 3558 1138 3600 eum
1153 3559 1274 3622 agrum
1288 3541 1342 3623 qni
1354 3563 1409 3622 po-

349 3623 416 3704 puli
429 3623 562 3686 Romani
573 3619 679 3704 sactus
699 3631 784 3698 esset,
806 3619 931 3686 ltottilio
945 3641 1033 3685 arma
1055 3619 1209 3704 iqfetrent.
1253 3625 1287 3690 tt
1302 3626 1413 3690 uniter

278 3763 282 3772 .
351 3711 471 3795 agendo
504 3729 614 3791 porum
640 3707 822 3790 perficerem,
852 3707 1059 3773 dmundarent
1086 3709 1268 3774 tonantum
1301 3713 1412 3796 popuii

384 3948 416 3996 tt
433 3947 587 3996 Penlnttilus
603 3947 688 4012 animi]
707 3947 761 3996 lice
779 3961 861 3995 emau-
925 3943 957 3994 :49
974 3947 1154 4010 Responsum..
1167 3949 1284 4014 memor]
1298 3951 1408 4013 Respon-

351 4013 436 4060 datum
451 4019 488 4058 est
499 4025 529 4058 ex
544 4013 635 4073 sigonii
646 4019 670 4058 et
681 4013 796 4059 Grouorii
808 4026 862 4060 seu·
894 4025 959 4070 sum,
969 4025 1000 4059 cx
1013 4027 1061 4074 quo
1079 4021 1204 4074 appareret
1223 4023 1338 4063 senatum
1352 4017 1409 4062 reti.

351 4079 434 4122 mnan.
467 4075 533 4122 Olim
543 4078 636 4125 amlmit.
894 4077 976 4123 uuicos
1003 4079 1145 4124 memoriam
1169 4078 1285 4127 amicitias
1312 4081 1409 4128 Samni.

383 4138 515 4187 mutata
531 4142 573 4201 agi
589 4141 650 4206 ulra]
668 4141 734 4206 Fidei
746 4143 861 4189 interesse
893 4141 963 4187 tium.
996 4141 1119 4189 Audacius
1136 4143 1215 4189 adhuc
1235 4145 1297 4190 dixit
1313 4145 1411 4200 Livius.

351 4203 431 4250 visum
442 4211 487 4251 cat.
894 4205 914 4252 1.
927 4205 965 4251 28.
981 4205 1094 4266 Earnmll
1108 4220 1196 4268 parunt
1205 4209 1316 4255 mentoris
1330 4211 1408 4270 tegunt

382 4266 414 4315 ⁴⁸
436 4269 532 4328 agnam
552 4269 693 4330 urbertate·
711 4301 718 4314 ·
735 4269 859 4334 quam]
892 4269 1053 4317 lemma·

351 4329 497 4394 regesta
