3056 4928
410 213 503 272 Ltu.
526 213 613 274 VIII.
643 213 745 273 CAI'.
769 212 859 272 XIII.
1108 205 1165 269 aas

107 385 271 458 acceptum
288 373 386 440 cladis
402 375 442 440 ab
453 376 638 462 consulibus,
649 399 686 442 ae
700 377 863 449 dictatore,
879 392 973 459 quam
985 393 1025 434 ex
1035 370 1165 436 uictoria

106 483 218 612 gopprp
231 461 422 548 ,bellicisque
439 463 530 528 rebus
544 463 619 528 soris
634 476 761 528 auctum
779 461 956 546 imperium,
975 457 1083 524 Patras
1097 479 1164 522 cre·

130 569 147 612 e
212 561 234 610 i.

151 633 585 722 x111.snnotnsequeta
614 636 653 701 a.
679 635 777 699 Furto
800 633 945 709 otmaro,
974 632 1012 696 c.
1029 609 1306 703 brettonem.

107 720 300 794 consulibus,
326 743 390 806 quo
415 722 592 808 insignitius
614 723 728 785 omissa
751 742 799 785 res
824 720 968 796 AEmilio‚
995 717 1307 802 superiacto-³3⁵·

107 805 182 870 armi
197 806 329 884 consuli,
346 797 599 893 exprobraretur,
618 806 738 873 Pedum
761 811 856 871 armis
880 807 1014 891 virisque
1028 821 1060 868 et
1074 784 1302 896 ⁰¹¹¹”lb'ltugllo

107 890 139 954 ri
161 895 410 979 expugnandum
437 917 474 958 ac
497 895 665 960 delendum
695 910 821 958 senatus
851 891 969 966 fremit3
1000 891 1237 976 coactiquecoea
1272 969 1275 976 .

106 979 180 1040 nori
206 979 350 1044 consules
364 979 546 1046 ⁹⁸omuibus
560 1003 627 1046 eam
644 1003 709 1044 rem
725 979 884 1065 praeverti,
907 977 1161 1062 proficiscuntur.

105 1061 178 1127 dam
200 1063 296 1129 Latio
317 1065 343 1128 is
357 1079 454 1132 status
465 1081 532 1132 erut
547 1090 664 1146 reram,
682 1080 716 1130 ut
733 1089 832 1153 neque
843 1063 959 1128 bellum
985 1085 1086 1149 neque
1106 1075 1307 1148 pa·1.arrntnee

106 1169 174 1225 cem
198 1151 263 1234 pati
310 1168 423 1217 ossent.
447 1153 487 1217 ad
503 1153 618 1218 bellum
634 1175 710 1238 opes
731 1153 878 1216 deerant:
902 1173 1010 1236 pacem
1030 1149 1072 1214 ob
1094 1142 1323 1237 ogrib⁸¹¹¹¹¹¹‘·²¹⁸,e

106 1235 224 1300 ademti
246 1173 388 1302 dolorem
413 1239 672 1322 aspernabantur.
719 1237 836 1304 Mediis
858 1236 995 1301 consiliis
1014 1237 1160 1300 standum
1171 1215 1314 1331 {ffilfm

106 1322 284 1400 videbatur,
310 1337 343 1388 ut
367 1325 492 1410 oppidis
515 1349 547 1390 se
570 1339 728 1402 tencreut;
753 1348 792 1390 ne
815 1323 974 1388 lacessitus
1000 1323 1163 1386 Romanus

106 1429 249 1474 caussam
268 1409 342 1476 belli
362 1409 507 1488 haberet3
532 1425 573 1490 et,
589 1413 614 1477 si
630 1412 718 1497 cujus
737 1411 847 1498 oppidi
870 1409 993 1474 obsidio
1014 1412 1163 1474 nunciato

105 1509 195 1574 esset,
213 1496 352 1583 undique
366 1520 407 1562 ex
424 1499 570 1564 omnibus
590 1497 715 1584 populis
737 1497 891 1562 atrxilium
913 1497 1045 1561 obsessis
1067 1495 1163 1560 ierre·

105 1597 167 1647 tur.
216 1581 327 1670 Neque
344 1598 458 1662 tomen,
475 1586 535 1648 nisi
549 1584 719 1652 admodum
736 1607 755 1648 a
772 1585 877 1667 paucis
888 1583 1024 1668 populis,
1042 1582 1161 1646 Pedani
1171 1599 1311 1646 vincuntur

103 1668 207 1754 adjuti
221 1683 304 1734 sunt.
348 1669 499 1736 Tiburtes
518 1671 775 1757 Praenestinique,
790 1691 925 1757 quorum
941 1693 1016 1757 ager
1031 1664 1298 1793 propiorffimul·

105 1767 183 1831 erat,
208 1755 328 1820 Pedum
354 1779 535 1839 praevenere.
580 1757 1022 1842 Aricinos⁹⁴Lanurinosquc
1052 1757 1162 1821 etVe-
1215 1760 1222 1777 ’

104 1839 248 1918 liternos,
266 1842 447 1908 Antiatibus
463 1843 586 1908 Volscis
601 1867 633 1908 se
652 1846 890 1930 conjungentes,
906 1843 945 1907 ad
963 1843 1089 1908 Asturae
1103 1844 1162 1908 flu·

104 1949 179 1992 men
197 1925 351 2004 Mantus,
363 1929 523 2014 inproviso
534 1931 676 2007 adortus,
692 1931 782 1996 iirdit.
822 1929 975 1994 Camillus
987 1930 1026 1994 od
1042 1929 1161 1996 Pedum

105 2035 179 2078 cum
205 2013 405 2092 Tiburtibus,
432 2017 567 2082 maxime
592 2017 696 2080 valido
718 2017 869 2094 exercitu,
892 2015 1045 2102 ⁹⁶nrajore
1068 2017 1162 2094 mole,

105 2121 298 2186 quamquam
311 2123 401 2188 aeque
413 2125 564 2188 prospero
576 2121 699 2179 eventu,
715 2117 844 2202 pugnat.
892 2101 1081 2168 Tumultum
1097 2127 1164 2167 rua·

106 2185 195 2251 uisne
209 2189 373 2272 repentina
395 2189 477 2254 inter
499 2189 645 2274 proelium
669 2205 794 2274 eruptio
815 2187 1047 2274 oppidanorum
1069 2188 1161 2255 fecit:

105 2271 246 2358 io'quos
268 2290 358 2359 parte
383 2276 539 2340 exercitus
564 2297 725 2352 converso,
748 2275 901 2338 Camillus
924 2295 988 2338 non
1011 2277 1164 2360 compulit

105 2357 208 2423 solum
223 2382 277 2424 eos
292 2361 376 2424 intra
401 2363 529 2442 moeuia,
545 2361 598 2426 sed
624 2361 734 2426 eotlem
758 2361 852 2425 etism
878 2359 940 2436 die,
956 2381 1052 2447 quum
1082 2361 1165 2446 ipsos

105 2445 288 2532 attxiliaque
301 2469 409 2512 eorum
427 2447 618 2533 perculisset,
635 2447 787 2534 oppidum
800 2446 890 2511 scalis
902 2449 994 2531 capit.
1041 2445 1165 2513 Placuit
1224 2451 1228 2460 '

105 2531 191 2608 inde,
202 2534 269 2618 jam
292 2534 411 2618 majore
432 2549 546 2598 conatu
574 2537 742 2619 animoque
762 2533 802 2598 ab
826 2534 918 2597 unius
931 2535 1165 2618 expugnatione

105 2617 194 2682 urbis
209 2620 248 2682 ad
265 2619 517 2704 perdomandum
534 2621 662 2686 Latium
687 2621 836 2684 victorem
860 2618 1096 2684 circumducere
1110 2643 1163 2684 eun

104 2704 251 2768 ercitum.
275 2727 334 2768 nec
348 2707 496 2790 quievere
510 2722 594 2784 ante,
605 2728 713 2793 quam,
729 2705 943 2793 expugnando
957 2717 1014 2770 aut
1028 2705 1060 2769 iu
1075 2705 1164 2770 dedi-

106 2793 226 2854 tiouetu
242 2791 426 2873 accipicudo
440 2791 580 2892 singulas
606 2791 708 2870 urbes,
725 2792 854 2857 Latium
880 2813 974 2856 ornae
999 2791 1162 2880 subegere.
1173 2811 1270 2860 tartum

107 2875 272 2942 Praesidiis
296 2877 370 2943 iude
395 2879 551 2964 dispositis
577 2901 632 2964 per
659 2887 783 2964 recepta
808 2879 935 2964 oppida,
966 2879 1101 2944 Romam
1125 2878 1308 2944 adrumetum.

105 2962 300 3030 destinatum
330 2964 472 3030 omnium
506 2985 660 3031 consensu
691 2965 886 3051 triumphum
914 2965 1083 3030 decessere.
1110 2966 1164 3030 nd-

107 3048 193 3114 ditus
221 3049 385 3136 trIumpho
407 3050 519 3128 bonos,
545 3065 581 3116 ut
603 3065 715 3116 statuae
783 3067 898 3117 uestras
926 3051 980 3128 ais,
1011 3074 1080 3117 rara
1110 3052 1165 3116 iila

106 3149 202 3200 estate
226 3158 285 3214 res,
312 3137 344 3200 in
371 3135 439 3202 foro
471 3152 675 3224 ponerentur.
726 3075 869 3216 ilelibius,
900 3159 994 3223 quam
1029 3139 1165 3204 camillis

105 3222 139 3286 in
155 3223 373 3310 insequentem
390 3245 508 3288 annum
528 3223 671 3289 consules
692 3239 853 3312 rogarent,
871 3223 1024 3296 Camillus
1044 3224 1086 3289 de
1102 3226 1290 3290 Lat-amm.

107 3309 182 3372 tinia
219 3309 345 3393 populis
382 3309 422 3376 ad
454 3326 598 3376 senatum
630 3308 749 3387 retulit,
786 3323 817 3374 at
842 3333 882 3374 ue
918 3311 962 3374 ita
996 3307 1287 3376 dtaeruirzesaffi

107 3397 222 3460 Patres
236 3398 409 3479 conscripti,
426 3399 507 3482 qttod
520 3397 598 3462 dello
608 3399 761 3482 annisque
775 3399 808 3460 irs
820 3333 918 3461 latio
931 3398 1162 3481 agendamfait‚
1173 3377 1285 3482 {mm
1296 3371 1326 3418 α’

106 3480 227 3566 idjam
250 3481 348 3546 Derim
371 3483 559 3569 benignitate
573 3505 610 3548 ac
624 3485 737 3548 virtute
750 3483 878 3546 militum
901 3483 1050 3566 adfinem
1072 3485 1164 3547 uertit.

105 3571 177 3634 raesi
187 3569 232 3633 ad
239 3569 356 3632 Pedum
367 3570 569 3654 Asturamque
579 3571 804 3646 oratecercitus
813 3569 957 3632 Iastium:
973 3569 1088 3650 oppida
1097 3570 1164 3633 La·

108 3655 177 3718 tina
192 3656 306 3732 omnia,
319 3665 349 3719 rt
363 3655 491 3722 Antium
505 3677 544 3720 ea
565 3657 685 3730 Volscis,
701 3664 756 3718 aut
766 3657 799 3719 vi
811 3664 913 3738 capta,
930 3663 985 3716 aut
995 3658 1164 3737 receptam
1208 3705 1210 3710 .

464 3784 476 3824 f
490 3791 642 3855 usum
653 3794 728 3840 Gran.
740 3795 808 3841 Creu.

140 3915 437 3974 evomueram
452 3927 575 4004 pravorti]
592 3927 622 3974 id
687 3925 843 3988 usurpare
861 3924 1087 3996 male-..pugnatl
1114 3927 1168 3973 Ms-

107 3989 233 4050 negotium
251 3997 308 4036 ante
327 3991 410 4038 omnia
430 3993 487 4048 sits,
509 3993 623 4039 omnibus
650 3987 717 4053 jor-es
728 3989 917 4036 difficultatum
932 4001 1168 4051 pugnsexruperan·

103 4053 578 4118 duspostpoettts,curareetperagere.
655 4055 800 4102 dusbabuit.

138 4117 171 4164 st
187 4117 312 4182 wislae]
330 4119 369 4166 Sic
384 4123 434 4168 due
451 4135 465 4166 e
480 4119 568 4167 narrt·
582 4133 621 4167 co·
687 4119 719 4166 96
735 4117 896 4178 Priusquam.
909 4117 1028 4164 marala
1046 4119 1166 4183 rogarent]

104 4183 215 4236 dlelbosr
251 4195 316 4230 uuus
349 4183 458 4232 Motum.
506 4185 621 4232 ceterum
654 4183 798 4244 Priusquun
821 4189 933 4244 mgarent
954 4183 1071 4242 papulum
1093 4197 1168 4230 aoros

105 4247 302 4308 ratssigcalum
313 4248 372 4295 editi
385 4249 621 4296 exhibebantLatttt-
653 4249 773 4300 morales.
804 4248 865 4306 sive,
897 4247 1037 4308 priusquam
1070 4249 1169 4295 comitis

104 4312 177 4357 cinca
222 4309 267 4358 Ille
289 4313 468 4360 ementitmdum
495 4325 549 4361 esse
576 4315 621 4361 boc
654 4313 723 4359 noris
744 4311 882 4358 constdibus
908 4313 1017 4358 mnata
1044 4313 1168 4372 baberent,

105 4387 195 4420 nemea
207 4376 341 4424 admonuit.
654 4377 749 4437 mappic,
760 4377 777 4422 t'i
788 4377 831 4436 qui
843 4383 896 4424 turn
908 4377 1017 4424 consules
1027 4385 1104 4423 eraut.

150 4457 223 4503 roa.
239 4459 263 4505 r.
696 4460 719 4502 u
738 4441 757 4503 b
