2978 4918
330 235 387 296 loll
714 235 827 300 r1rt
856 235 994 302 L1v11

165 417 195 468 u.
207 421 235 466 c.
245 413 302 466 ets.
327 399 516 466 Latinorum
532 400 573 465 sd
588 402 822 470 Aristodemum
837 417 1010 492 tyrannum
1021 404 1206 470 contulerat.
1240 399 1289 469 Eo
1302 421 1377 468 nun·

78 516 82 524 ·
164 486 300 538 ΗΜ·
327 487 377 552 cio
395 487 491 552 erecti
511 487 633 568 Patres,
647 504 752 556 erecte
772 491 889 577 plebes.
911 492 966 556 sed
983 491 1130 557 Patribus
1143 490 1271 565 ”nimis
1291 489 1379 554 luxu·

162 553 303 677 ffiffl'
326 573 412 638 riusa
432 597 471 638 es
494 572 555 638 fuit
579 575 709 643 tenna:
732 577 828 663 plebi,
844 579 896 644 cui
915 577 955 642 ad
980 597 1050 642 earn
1076 578 1159 643 diem
1182 598 1303 642 summe
1322 597 1377 660 ope

326 661 511 725 inservitum
525 675 605 746 crat,
620 663 745 748 iujuriae
760 687 779 728 e
794 665 986 750 primoribus
999 664 1069 730 fieri
1083 669 1220 750 coepere.
1262 661 1377 726 Eodem

325 769 413 814 anno
428 747 538 834 Signia
553 751 687 826 colonia,
704 772 799 836 quam
821 772 879 815 rex
897 751 1095 834 Tarquinius
1108 753 1294 825 deduxerat,
1310 768 1378 832 sup-

324 833 413 918 pleto
427 855 561 898 numero
575 834 771 914 colonorum,
788 839 901 902 iterum
917 837 1053 904 deducta
1066 850 1122 902 est.
1169 837 1282 902 Romae
1294 834 1380 897 ²⁴tri·

326 921 387 1072 pus
402 935 514 1072 {pest
529 921 640 1010 viginti
663 921 763 988 lectae.
808 923 911 988 AEdes
927 919 1083 991 Mercurii
1104 923 1250 988 dedicato
1263 935 1308 986 est
1324 919 1379 984 idi·

352 1029 387 1071 us
446 1030 512 1074 erre.

372 1093 494 1159 XXll.
517 1094 600 1159 Cum
617 1093 807 1161 Volscorum
830 1111 926 1185 gente
945 1096 1062 1162 Latino
1083 1097 1168 1162 bello
1192 1117 1291 1182 neque
1312 1113 1378 1178 pax,

327 1202 431 1268 neque
446 1181 564 1246 bellum
580 1180 691 1246 luerat.
715 1204 788 1246 nam
803 1198 835 1248 et
850 1184 956 1248 Volsci
978 1198 1238 1268 comparaverant
1258 1177 1378 1252 auxilia,

259 1259 267 1276 ⁹
326 1289 399 1354 quae
419 1270 582 1333 mitterent
602 1268 734 1344 Latinis,
750 1268 784 1332 ni
807 1282 998 1336 maturatum
1014 1269 1054 1333 ab
1068 1269 1225 1335 dictatore
1241 1268 1381 1332 Romano

326 1365 426 1432 essem
448 1369 481 1420 et
507 1355 678 1419 maturavit
706 1355 880 1434 Romanus,
896 1377 937 1420 ne
957 1355 1072 1441 proelio
1094 1379 1159 1422 uno
1181 1376 1254 1420 cum
1270 1349 1380 1417 Latino

325 1440 423 1506 Volso
467 1464 506 1506 ue
536 1439 751 1507 contenderet.
797 1441 872 1506 Huc
908 1445 955 1506 irs
987 1442 1134 1507 consules
1168 1444 1201 1506 in
1234 1439 1376 1504 Volscum

324 1550 438 1615 agrum
466 1529 593 1615 egiones
607 1527 738 1593 duxere.
770 1528 911 1605 Volscos,
922 1529 1045 1593 consilii
1062 1550 1190 1615 pcensm
1204 1548 1268 1592 non
1284 1537 1380 1589 metu·

323 1627 422 1690 entes,
438 1615 628 1698 necopinato
649 1633 698 1678 res
712 1615 857 1699 perculit.
903 1617 1076 1680 Armorum
1098 1616 1290 1679 inmemores
1303 1609 1380 1674 obsi·

323 1700 380 1765 des
392 1699 471 1764 dant
484 1712 645 1764 trecentos
662 1701 843 1786 principum
858 1723 877 1763 a
893 1704 979 1766 Cora
993 1715 1087 1788 atquo
1103 1701 1250 1766 Pometia
1262 1697 1379 1762 liberos.

323 1786 369 1852 ita
386 1785 454 1850 sine
475 1785 743 1852 certamineinde
764 1786 911 1852 ebductae
934 1788 1083 1876 legiones.
1127 1788 1199 1853 Nec
1222 1788 1265 1850 ita
1285 1783 1380 1849 multo

213 1897 217 1910 ·
322 1885 397 1958 post
413 1871 534 1936 Volscis
548 1871 657 1938 levatis
671 1887 758 1938 motu
775 1895 866 1938 suum
887 1875 981 1940 rediit
1002 1874 1188 1963 ingenium:
1212 1893 1317 1938 rursus
1331 1889 1380 1932 oc·

324 1958 445 2024 cultum
475 1971 590 2045 parant
618 1957 745 2037 bellum,
775 1961 921 2026 Hernicis
949 1961 983 2025 in
1013 1962 1195 2026 societatem
1225 1975 1379 2024 annorum

323 2043 487 2110 adsumtis.
527 2044 664 2133 Legatos
678 2067 805 2133 quoque
819 2047 857 2110 ad
874 2047 1107 2112 sollicitandum
1124 2047 1254 2112 Latium
1270 2042 1377 2130 passim

323 2131 500 2198 dimittunt.
546 2132 609 2198 Sed
631 2154 740 2197 recens
764 2132 805 2197 sd
823 2133 983 2220 Regillum
1005 2134 1109 2200 locum
1132 2147 1262 2221 accepta
1282 2127 1380 2196 clades

323 2217 349 2258 ¹⁵
364 2219 495 2284 Latinos
509 2220 558 2284 ire
572 2219 645 2283 odio
672 2241 710 2282 ue
724 2219 800 2304 ejus,
812 2222 1006 2307 quicumque
1019 2243 1108 2285 arms
1121 2222 1275 2294 suaderet,
1290 2237 1330 2280 ne
1343 2214 1379 2277 sb

323 2304 435 2392 legatis
455 2305 588 2393 quidem
604 2241 758 2370 violandis
779 2305 942 2371 abstinuit·
987 2305 1243 2394 Comprehensos
1259 2303 1380 2369 Volscos

326 2391 464 2458 Romam
482 2391 612 2458 duxere.
658 2391 709 2456 lbi
730 2393 837 2458 traditi
858 2393 1053 2459 consulibus.
1076 2393 1314 2478 indicatumque
1326 2399 1380 2466 est,

323 2478 458 2545 Volscos
481 2479 705 2566 Hernicosque
726 2501 839 2564 parare
863 2479 979 2552 bellum
1004 2479 1169 2545 Romanis.
1216 2479 1327 2544 liciata
1348 2493 1380 2536 re

322 2565 363 2630 sd
386 2566 639 2644 senatum'sdeo
662 2564 722 2631 luit
746 2579 872 2653 gratum
892 2566 1051 2644 Patribus,
1071 2581 1108 2631 ut
1132 2578 1165 2631 et
1186 2565 1378 2652 captivorum

323 2674 381 2717 sex
396 2653 497 2724 millia
511 2650 636 2717 Latinis
658 2652 864 2730 remitterent,
880 2652 966 2718 etde
984 2651 1113 2728 foedere,
1128 2653 1216 2739 quod
1238 2671 1336 2737 prope
1349 2645 1380 2709 in

321 2753 511 2824 perpetuum
535 2749 684 2821 negatum
707 2737 818 2814 fuerat,
834 2759 901 2802 rem
917 2737 958 2804 sd
980 2759 1081 2802 novos
1098 2739 1299 2827 magistratus
1313 2733 1380 2819 reji-

323 2837 441 2889 cerent.
486 2821 659 2888 Enimvero
681 2837 750 2887 tum
766 2823 870 2888 Latini
892 2825 1031 2911 gaudere
1052 2824 1147 2901 facto,
1168 2827 1256 2910 pacis
1277 2834 1380 2889 aucto·

322 2933 373 2975 res
387 2909 414 2950 '⁶
426 2912 459 2974 in
473 2908 594 3009 ingenti
613 2908 716 2995 glorie
729 2931 804 2974 esse.
850 2910 1011 2976 Coronam
1032 2933 1160 2976 auream
1176 2912 1250 2977 Jovi
1263 2910 1379 2976 donum

322 2997 355 3060 in
381 2995 576 3082 Capitolrum
599 2996 739 3060 mittunt.
762 3017 834 3061 cum
856 2997 968 3085 legatis
989 2999 1147 3086 donoque,
1167 2999 1224 3086 qui
1246 2995 1379 3082 captivo-

322 3104 394 3148 rum
408 3081 533 3148 remissi
553 3081 595 3146 sd
617 3105 690 3148 suos
713 3081 848 3161 suerent,
865 3105 979 3172 magna
1001 3083 1192 3150 circumfuso
1213 3079 1379 3150 multitudo

322 3171 419 3234 venit.
464 3167 609 3255 Pergunt
629 3169 741 3232 domos
761 3191 883 3249 eorum,
899 3170 985 3258 apud
1006 3193 1100 3258 quem
1115 3171 1248 3258 quisque
1269 3167 1378 3235 servie-

355 3395 388 3445 23
403 3395 489 3444 Nimis
498 3395 629 3463 lusorium]
646 3399 772 3445 Non'sstir
783 3413 835 3446 mo·
869 3412 985 3446 numerus
1004 3399 1035 3445 sd
1054 3398 1161 3460 quinque
1180 3402 1206 3444 α
1225 3392 1379 3458 qundrsgin¹⁸

321 3465 412 3512 dmte
868 3465 1016 3518 excessisset,
1028 3475 1105 3522 quum
1120 3469 1202 3508 temen
1218 3461 1284 3522 apud
1300 3463 1380 3505 omna

355 3525 835 3592 24⁶t'stnnosoerctgsutsactoe1nn·
868 3535 962 3589 constet
988 3528 1096 3588 quinque
1118 3533 1215 3573 tentum
1237 3531 1263 3572 et
1284 3521 1380 3592 efigiem

322 3595 383 3651 dita,
401 3599 430 3640 ut
447 3591 552 3650 videtur,
571 3593 635 3640 tribu
651 3593 760 3641 menda
776 3593 835 3640 Vid.
868 3594 946 3641 tribus
962 3593 1085 3638 Romanos
1100 3591 1183 3638 fuisse.
1216 3589 1327 3648 Denique
1346 3583 1380 3630 8¹·

322 3665 373 3708 nct·
391 3656 431 3706 32.
447 3657 478 3704 nd
497 3657 517 3704 1.
529 3654 568 3703 48.
581 3663 606 3704 et
623 3663 674 3704 not.
692 3657 731 3705 92.
748 3659 779 3704 sd
797 3657 835 3704 16.
868 3660 955 3720 genius
973 3657 1000 3703 in
1015 3656 1066 3702 sui·
1082 3655 1149 3702 libris
1165 3654 1252 3716 legisse
1268 3667 1294 3699 se
1310 3653 1380 3697 tesn-

321 3721 836 3848 :nsstnsttsnstmsrs
868 3729 983 3848 nnn
998 3725 1027 3832 t
1040 3720 1231 3844 ”neuun
1245 3725 1272 3828 t
1286 3723 1380 3827 :sn
1444 3807 1445 3813 t

319 3841 396 3914 grisa.
431 3850 477 3899 Sed
494 3817 626 3912 Dionysius
643 3851 660 3900 l.
676 3849 737 3897 Vll.
755 3851 783 3897 in
794 3845 836 3912 ju·
869 3851 959 3898 Merito
972 3851 1048 3912 igitur
1062 3849 1103 3895 ille
1118 3850 1184 3896 hunc
1201 3857 1330 3895 numerum
1344 3853 1379 3887 1²·

320 3919 383 3966 dicio
399 3916 607 3978 currerentque
623 3916 695 3978 paulo
712 3921 766 3976 post
782 3916 836 3961 hoec
868 3915 955 3975 poenit·

320 3987 431 4044 tempora
456 3981 550 4028 fuctum
577 3987 623 4036 est,
651 3993 727 4027 unam
753 3987 778 4027 et
799 3980 836 4025 vi·
901 3977 932 4027 25
948 3969 1377 4046 nuno...seao1egstteqeldgq

319 4047 383 4108 glrrti
393 4051 490 4092 tentum
506 4043 585 4092 tribus
600 4051 728 4092 memorat.
761 4045 835 4092 Etex
867 4043 979 4090 violandis
996 4041 1127 4105 obmissio]
1159 4039 1228 4088 Fecit
1249 4045 1278 4087 ut
1298 4037 1376 4084 Lettffl

321 4111 431 4158 Lirienoe
450 4109 556 4157 hutone
573 4110 645 4157 variis
660 4109 728 4168 locis,
747 4121 835 4169 nempe
867 4123 897 4156 ne
912 4109 943 4154 ab
958 4107 1044 4167 legetis
1055 4107 1154 4166 quidem
1166 4104 1283 4152 violandis
1299 4115 1325 4148 se
1338 4095 1378 4144 ab·

321 4171 834 4223 vtsvtnlsvtlnlt.1x.20.x.9.
866 4173 991 4219 stinerent.
1342 4226 1343 4230 Ἰ
1369 4223 1375 4234 Ι

318 4237 540 4301 strepitum.
557 4239 673 4285 discimus
688 4239 834 4298 queruorde-
893 4236 930 4284 '26
945 4236 978 4282 In
997 4236 1088 4297 ingrati
1103 4236 1182 4298 glorio
1201 4232 1259 4295 erre]
1292 4227 1376 4285 Soriptl

318 4303 368 4350 elta
390 4305 491 4352 druria
517 4303 666 4366 temporibus
693 4303 770 4350 tribus
792 4303 834 4347 ad·
865 4301 966 4362 quidem
982 4305 1007 4347 et
1026 4301 1174 4364 campanus,
1190 4300 1302 4361 ignorent
1318 4303 1377 4352 prt-

314 4366 394 4432 jeeess
412 4381 481 4416 eece:
504 4369 539 4416 its
555 4376 593 4425 ut,
610 4367 631 4413 sl
650 4379 716 4412 nunc
733 4365 833 4426 triginta
866 4365 1017 4426 positionem.

318 4440 343 4481 et
369 4447 420 4482 une
447 4435 535 4490 torem,
558 4443 641 4479 earum
664 4431 832 4478 retrusorum
894 4427 898 4434 '
