3034 4916
325 211 406 276 536-
726 209 835 270 TiTi
867 207 999 272 Livii

170 397 198 443 u.
209 397 236 456 c.
248 393 304 442 444
320 400 394 452 ¹rum
404 398 495 453 crees,
505 377 659 458 emplemu
669 376 759 460 regni
773 396 888 452 nornen,
900 385 934 440 ut
944 377 999 459 qui
1008 377 1123 459 optimo
1126 374 1202 459 jure
1216 395 1272 436 rec
1282 373 1392 436 Roma

170 457 305 512 A·⁰·³⁰⁸·
328 465 707 540 centumcentumn
728 455 835 525 dicet?
857 483 942 548 quem
966 463 1101 526 semestri
1122 463 1289 537 dictatura,
1305 479 1392 542 quem

332 552 506 632 interregno
526 545 658 630 quinque
672 549 788 612 dionem
801 558 970 612 contentum
980 549 1059 633 fore
1067 551 1187 630 putes?
1209 567 1295 630 qam
1309 545 1392 608 claui

317 635 454 720 figendi,
469 642 525 696 out
537 635 674 696 lurionem
689 655 795 698 caussa
806 635 984 699 dictatorem
998 636 1145 698 audacter
1157 636 1264 696 crees?
1291 629 1394 706 Quam

334 723 387 786 isti
401 721 526 784 stolidos
539 741 576 782 oe
589 721 726 784 socordes
735 721 833 784 videri
845 721 971 784 creditis
983 741 1045 795 eos,
1103 721 1109 734 '
1123 721 1208 782 intro
1222 719 1394 782 vicesimum

334 809 423 882 dion,
434 805 605 890 ingentibus
615 805 702 869 rebus
708 807 814 890 gestis,
825 808 981 870 dictatura
992 827 1023 870 se
1033 741 1259 880 ubbiemnun,
1271 812 1329 866 eset
1338 803 1395 886 qui

335 895 411 958 vitio
421 893 519 957 crecti
532 891 674 956 obinunt
684 893 894 976 magistratu?
920 891 1007 968 Qoie
1019 913 1074 976 ego
1087 893 1217 974 antiqua
1227 892 1392 972 repetam?

334 978 480 1061 ³⁸Nuper
499 980 583 1042 intra
605 979 702 1040 &cem
724 999 821 1042 annos
836 979 871 1043 C.
889 978 1025 1042 Manius
1044 978 1186 1053 dictator,
1201 978 1287 1060 quia,
1303 995 1394 1060 quum

335 1065 513 1149 quaestiones
534 1065 674 1140 severius,
692 1085 782 1147 qecam
804 1063 979 1148 quibusdam
1000 1063 1176 1146 potentibus
1195 1071 1292 1126 tutum
1314 1071 1394 1135 erat,

335 1161 494 1224 exerceret,
504 1152 646 1234 corrtagio
656 1148 729 1234 ejus,
741 1152 822 1234 quod
831 1150 985 1234 querebat
995 1153 1085 1232 ipse',
1094 1149 1232 1214 criminis
1241 1145 1395 1231 οᾷεοίαια

336 1237 375 1300 ob
390 1237 523 1301 inimicis
539 1245 593 1311 est,
608 1245 643 1300 ut
663 1237 806 1318 privatus
826 1235 1025 1300 oboiamssiret
1043 1237 1176 1311 omnini,
1191 1236 1349 1298 dietam
1362 1255 1396 1297 se

337 1322 502 1388 abdicauit.
525 1323 608 1386 Nolo
618 1343 672 1405 ego
684 1324 772 1386 istam
788 1323 821 1385 in
835 1323 1068 1386 temodestiam:
1084 1343 1122 1384 ne
1132 1321 1393 1406 degenerooem'su

325 1411 459 1494 famina
469 1410 715 1490 imperiosissimo
723 1418 753 1472 et
761 1409 991 1490 superbissimo.-
1003 1429 1064 1472 non
1072 1407 1282 1485 die,uonlrora
1291 1407 1394 1481 cilices,

338 1519 426 1580 quam
442 1516 555 1559 necesse
568 1503 621 1570 est,
638 1491 821 1578 magistram
834 1493 965 1566 allois,
983 1497 1071 1558 modo
1085 1515 1123 1556 ne
1136 1493 1395 1574 eccedasfinitun

337 1595 463 1666 tempus.
477 1582 561 1646 Setis
572 1589 625 1654 est,
634 1589 689 1643 oret
700 1582 790 1658 diem,
802 1591 856 1644 out
867 1601 990 1644 meruem
1002 1601 1134 1645 censura
1144 1578 1300 1662 adjicere?
1322 1577 1394 1642 Pri·

336 1672 468 1744 ennium,
480 1669 590 1751 iuquit,
601 1675 690 1738 etsee
697 1688 808 1730 menses
816 1669 1006 1750 ullrn,qucm
1015 1669 1087 1732 licet
1096 1667 1231 1729 AEmilic
1239 1661 1316 1750 lege,
1325 1685 1394 1728 cero·

337 1777 438 1820 surum
449 1761 608 1838 geramel
621 1754 701 1816 solus
710 1773 827 1836 gerum.
842 1753 898 1816 loc
911 1755 1030 1836 quidem
1034 1751 1105 1836 jum
1120 1771 1213 1836 regno
1225 1751 1328 1815 simile
1340 1761 1395 1816 est.

339 1842 391 1904 ⁴rin
405 1841 549 1922 collegam
570 1838 756 1921 subrogabis,
772 1859 857 1921 quem
879 1859 917 1902 ne
938 1841 1138 1904 indemortui
1158 1839 1277 1922 quidem
1299 1839 1396 1900 lacrum

337 1927 499 2008 subrogari
506 1923 568 2008 sos
581 1928 648 1988 est?
670 1921 843 1987 ”Punitet
863 1927 954 2000 euim,
969 1927 1051 2008 quod
1069 1926 1314 2009 antiquissimum
1337 1925 1396 1987 sol·

337 2015 442 2086 lenm,
458 2019 488 2074 et
501 2011 593 2074 mum
609 2007 647 2072 nb
661 2011 737 2091 ipso,
751 2011 860 2093 cuifit,
875 2013 1045 2076 institutum
1055 2013 1135 2088 Deo,
1146 2011 1187 2074 ab
1201 2011 1396 2074 nobilissimis

337 2096 525 2162 antistitibus
539 2095 601 2180 q'us
610 2097 692 2160 socri
701 2096 745 2160 ad
753 2118 904 2162 seruorum
913 2099 1112 2162 ministerium
1124 2098 1283 2182 religiones
1292 2117 1397 2161 censor

336 2184 500 2248 deducisti.
511 2203 587 2268 gens
600 2183 760 2265 antiquior
773 2183 944 2266 originibus
957 2184 1041 2250 serbis
1053 2182 1151 2268 leq'us,
1162 2184 1297 2266 bospitio
1311 2184 1395 2246 Deo·

337 2293 403 2334 rum
426 2270 634 2336 inmortalium
654 2277 771 2345 suncla,
782 2279 912 2352 propter
925 2279 956 2334 te
973 2293 1012 2333 ac
1027 2280 1111 2334 trram
1131 2291 1288 2334 cennercm
1310 2269 1395 2332 intre

337 2379 449 2420 arcsmm
461 2357 501 2420 ab
514 2357 611 2437 stirpe
624 2356 774 2418 castineto
788 2364 852 2420 est:
875 2357 938 2421 nisi
950 2358 1120 2422 urtiocrsam
1134 2355 1349 2438 rempublicam
1362 2375 1397 2418 eo

338 2444 460 2524 anorio
480 2441 689 2516 obstrinxeris,
704 2443 786 2524 quod
804 2443 940 2506 ominari
959 2445 1052 2508 etiem
1073 2442 1254 2528 rq‘ormidet
1267 2443 1397 2506 unimus.

343 2529 422 2594 Urbs
436 2549 470 2592 eo
488 2529 584 2592 lustro
604 2537 697 2608 cepto
718 2537 772 2604 est,
788 2549 856 2610 queo,
872 2531 1025 2594 demortuo
1044 2531 1160 2612 collega
1176 2530 1211 2592 C.
1226 2529 1316 2595 Jule'o
1330 2549 1396 2592 cen·

336 2638 414 2694 socc,
426 2615 467 2678 L.
478 2615 631 2696 Papirius
643 2611 757 2678 Cursor
762 2621 784 2690 ¹,
796 2635 835 2678 rue
844 2613 946 2679 obiret
955 2617 1147 2700 magistratu
1160 2615 1212 2679 M.
1222 2615 1397 2680 Cornelium

339 2701 584 2783 Maluginensem
598 2700 743 2782 collegam
757 2697 942 2784 subrogavit.
986 2703 1031 2766 Et
1048 2711 1162 2786 quanto
1181 2701 1345 2764 modestior
1359 2701 1397 2762 il·

338 2789 398 2850 lius
411 2788 565 2869 cupiditas
565 2784 649 2869 ficit,
666 2805 755 2868 quam
769 2795 834 2862 tuo,
847 2785 957 2869 Appii
979 2787 1045 2852 Nec
1057 2789 1145 2862 solun,
1161 2809 1215 2852 nec
1228 2787 1396 2869 ultrofini-

339 2883 401 2938 tum
415 2874 481 2955 lege
493 2881 608 2954 tempus
621 2871 663 2934 L.
677 2872 831 2953 Papiriou
843 2894 998 2936 censuram
1013 2875 1119 2958 gessit,
1132 2883 1234 2936 tamen
1248 2875 1395 2936 mminem

340 2959 468 3035 irenenit,
477 2959 531 3040 qui
544 2979 576 3020 se
583 2965 693 3038 posteo
707 2965 857 3036 oecctorem
866 2969 1049 3042 sequeretur.
1064 2981 1164 3023 omnes
1173 2961 1315 3042 deinceps
1328 2979 1396 3022 cen·

338 3064 420 3106 sores
436 3053 508 3124 post
521 3053 644 3106 mortem
657 3043 779 3126 collega
791 3065 823 3108 se
836 3047 1019 3128 magistratu
1032 3045 1224 3108 abdicarunt.
1273 3045 1329 3119 Te,
1345 3065 1397 3108 nec

340 3131 421 3214 quod
434 3131 500 3192 dies
513 3129 592 3192 ecity
607 3148 748 3208 censuros,
758 3151 811 3194 nec
825 3133 906 3213 quod
918 3133 1033 3216 college
1047 3133 1230 3214 megislrntu
1240 3130 1331 3208 obiit,
1344 3151 1396 3194 rece

464 3347 616 3410 ”ipn'liron
630 3347 698 3394 Cres.
763 3349 874 3398 ¹Cenmr
886 3351 961 3402 Gron.
1026 3351 1275 3400 tceittflron.0rsv.

339 3551 855 3681 &cnissis
887 3562 1399 3686 rursm*

994 3645 1008 3674 e
1109 3643 1123 3671 n
1388 3649 1398 3660 ·

336 3681 393 3756 juso
410 3685 550 3733 rennuente
565 3693 660 3734 croesus
676 3689 716 3742 sit,
729 3695 753 3735 et
769 3639 854 3736 iisdem
888 3698 927 3737 tus
942 3692 981 3738 hie
997 3643 1074 3740 uberius
1087 3692 1167 3751 agitur
1182 3691 1213 3735 ab
1226 3701 1265 3744 ⁰⁰2
1278 3701 1327 3748 ‘1¹¹⁰
1339 3685 1399 3732 ΜΕ·

335 3762 392 3810 Juse
409 3749 454 3794 sibi
471 3751 560 3810 ηςίιιπ
579 3759 732 3811 poscentem,
742 3767 791 3814 quo
804 3755 856 3814 Ap·
888 3757 956 3803 nium
967 3759 1108 3804 dictatorem
1120 3755 1204 3800 Livius
1216 3751 1336 3799 unionis.
1367 3753 1401 3795 M

340 3813 394 3873 pius
410 3814 613 3874 quinquennalem
631 3830 766 3872 consutum,
779 3819 855 3866 vindi·
889 3819 955 3867 run
965 3821 1093 3881 Capitolini
1109 3819 1167 3864 totis
1177 3819 1261 3864 aecem
1273 3823 1330 3862 tute
1341 3815 1401 3860 hunc

339 3878 411 3924 cubit·
444 3879 481 3924 De
498 3893 554 3940 rege
570 3880 702 3927 sucriflcnio
718 3882 766 3928 vid.
782 3895 855 3944 supra
888 3885 1023 3946 Sempronii
1037 3885 1156 3932 actionem
1173 3881 1243 3928 unius
1259 3893 1317 3926 sum
1328 3880 1402 3925 diete-

339 3940 373 3990 11.
386 3941 410 3987 2.
426 3942 497 3996 Quod
512 3943 750 3998 addicundictnturn
764 3959 854 3994 summ·
887 3957 963 3996 torem
981 3951 1076 3997 hubent.
1110 3947 1212 3994 Videtur
1228 3945 1303 4005 igitur
1319 3949 1400 3990 sudo·

339 4005 380 4059 ni,
408 4013 433 4052 et
461 4007 568 4068 quinque
595 4009 689 4056 dierum
717 4011 855 4072 interregno
887 4027 925 4060 res
941 4015 1001 4060 aiios
1020 4021 1116 4061 secutus
1135 4025 1187 4058 eure
1205 4009 1290 4056 Livius
1307 4008 1334 4053 in
1351 4019 1400 4052 Μ·

339 4083 387 4114 non
407 4069 458 4116 iore
479 4079 605 4120 comnotus
626 4074 854 4130 inminentium
887 4079 1003 4125 morinis
1023 4080 1075 4138 ipsa
1095 4075 1181 4123 Maenii
1197 4075 1328 4131 dieucum,
1344 4071 1402 4116 nuos

338 4134 398 4178 setis
408 4134 504 4180 videtur
514 4145 661 4184 secuntum.
694 4139 776 4194 Quum
788 4141 854 4187 enim
887 4143 911 4188 in
930 4143 975 4189 hnc
987 4142 1121 4204 Sempronii
1137 4139 1244 4188 untione
1258 4137 1402 4184 concianan-

339 4209 464 4256 nunquam
478 4201 649 4248 auctionatum
661 4203 724 4250 ultre
734 4217 775 4251 sex
787 4219 854 4251 men·
887 4209 925 4254 da.
938 4207 992 4254 vid
1005 4207 1101 4268 rigui
1114 4205 1146 4250 V.
1158 4203 1245 4251 Anna.
1261 4203 1292 4249 ud
1309 4213 1364 4246 amu
1376 4211 1399 4243 ⁸1·

338 4275 385 4314 soc,
408 4267 451 4307 eut
474 4261 638 4324 interregnum
663 4267 727 4314 uiue
748 4270 855 4330 quinque
887 4271 977 4320 um

336 4327 388 4372 dies
404 4327 677 4390 excurrisset,Appinne
692 4335 854 4382 mrillniiood
919 4335 1078 4384 Sil'Poenitet
1092 4331 1241 4396 curulibus
1260 4331 1327 4377 enim
1347 4328 1401 4376 ⁸⁸¹2!

335 4404 366 4438 es
382 4404 485 4438 munero
499 4391 562 4438 ulus
579 4395 622 4441 hos
638 4400 775 4456 temporum
795 4399 853 4446 lines
886 4402 985 4450 tibieu·
1020 4402 1079 4450 iius
1089 4399 1178 4450 ironice
1188 4397 1253 4445 uem
1263 4395 1352 4455 socii&
