3032 4924
334 197 394 268 uo
535 185 540 198 '
755 197 869 294 ptri
899 197 1038 260 nr-vrr

174 377 243 426 tao
255 375 313 426 atr.
381 355 483 426 XIX.
507 361 548 424 At
568 359 600 424 in
623 372 714 443 parte
734 357 835 424 altera
856 369 982 422 senatus
995 357 1037 424 de
1050 357 1274 437 “seomsiona‘
1290 359 1325 424 in
1341 357 1400 422 do-

174 447 206 490 l·
217 443 245 491 ⁰·
256 441 312 490 ³⁸¹·
337 469 424 513 mum
439 447 607 532 privaturi,
623 443 735 530 plebis,
751 444 834 512 forte
853 445 946 510 etiam
971 445 1003 508 in
1019 467 1091 510 arce
1105 445 1252 531 positam,
1267 444 1336 510 “et
1350 448 1399 509 in·

172 507 318 620 ἓξὲξ
338 533 471 598 minanti
496 533 579 608 molo
604 531 752 609 libertati,
778 533 886 620 agitat.
931 530 1054 620 Magna
1080 555 1152 616 pars
1172 531 1397 608 vociferantur,

175 637 269 685 Manno
338 622 470 686 Servilio
484 620 589 684 Abala
603 639 678 702 opus
690 615 761 693 esse,
778 621 832 704 qai
845 639 907 682 uon
918 617 952 682 in
962 621 1083 683 oinmla
1095 619 1309 700 asaijutenao
1324 621 1398 682 irri-

175 703 258 763 ’ΒΜ
336 718 380 772 tet
396 707 550 790 publicum
565 707 686 782 hostem,
701 707 756 770 sed
776 707 865 769 ataias
875 706 1006 789 jactura
1021 708 1207 789 civisflrtiat
1222 707 1399 770 intestinum

337 791 455 858 bellura.
501 791 694 856 Decurritur
708 789 749 856 ad
764 791 916 855 leniorem
931 791 1035 856 verbis
1049 791 1250 872 sententiam,
1265 791 1329 854 vim
1353 805 1400 857 ta·

337 898 409 944 men
420 879 562 944 eamdem
575 877 754 954 habentem,
770 878 796 917 ⁸⁶
812 879 855 942 Ur
867 879 992 942 uideant
1002 881 1211 964 magistratus,
1226 877 1267 942 ue
1277 880 1355 962 qaid
1363 901 1402 942 er

330 967 515 1050 perniciosis
539 967 677 1030 consiliis
692 965 742 1030 M.
760 965 881 1028 Manlii
894 965 1064 1047 respublica
1084 967 1261 1029 decimati
1282 967 1400 1047 capiat.

322 1052 424 1120 .Tum
439 1052 558 1116 tribuni
573 1051 731 1116 consulari
752 1063 916 1135 potestate,
933 1051 1115 1137 tribunique
1138 1051 1252 1136 plebi·
1275 1049 1400 1134 (⁸⁷nam

315 1189 321 1203 .
336 1153 378 1216 et,
396 1139 470 1224 quia
489 1139 632 1202 eumdem
648 1150 680 1201 et
699 1157 763 1202 susa
780 1137 951 1222 potcstatis,
968 1159 1060 1224 quem
1073 1137 1227 1202 libertatis
1242 1137 1399 1215 omniurn,

336 1225 432 1289 tinem
453 1227 636 1312 cernebant,
654 1221 786 1288 Petrum
801 1224 981 1288 auctoritati
1004 1245 1037 1287 se
1056 1222 1257 1304 dediderant)
1280 1221 1315 1288 hi
1330 1237 1399 1288 tum

336 1330 459 1392 omnes,
474 1311 551 1398 quid
565 1333 647 1396 opus
663 1313 750 1375 facto
769 1311 818 1385 sit,
840 1312 1031 1375 consultant.
1076 1307 1186 1386 Quum
1203 1321 1321 1396 praeter
1337 1312 1400 1374 vim

336 1411 367 1466 et
387 1398 506 1464 cadem
523 1398 602 1462 nihil
617 1397 763 1484 cuiquam
779 1395 976 1476 obcurreret,
991 1417 1059 1460 eam
1076 1411 1181 1461 autem
1198 1398 1229 1460 in
1272 1397 1338 1460 ntis
1353 1399 1402 1460 di·-

336 1485 515 1550 mioationis
530 1484 597 1548 iore
611 1481 795 1570 adpareret3
805 1485 809 1494 “
819 1499 885 1548 tum
909 1481 959 1564 M.
977 1482 1118 1547 Maenius
1134 1496 1166 1548 et
1181 1481 1224 1559 Q.
1274 1481 1403 1548 oblilius

328 1571 456 1636 tribuni
472 1570 583 1656 plebis,
603 1570 689 1647 Quid
702 1573 835 1635 Parrum
849 1579 879 1634 et
886 1569 988 1652 plebis
1000 1580 1152 1634 certamen
1181 1572 1306 1648 acincus,
1323 1573 1405 1656 qaod

335 1660 473 1722 umectis
487 1679 548 1722 esse
562 1659 806 1722 adversaturum
815 1655 996 1740 pacificum
1006 1658 1099 1720 ciuem
1110 1659 1148 1720 de
1183 1663 1223 1720 t?
1242 1655 1403 1732 Quidem

329 1745 421 1828 plebe
434 1745 633 1830 adgredimur
646 1763 721 1819 eam,
738 1763 823 1826 qoem
833 1763 894 1826 per
909 1743 1006 1826 tirsum
1024 1741 1141 1825 plebeae
1160 1746 1255 1808 tutius
1269 1745 1404 1828 adgredi

336 1841 390 1904 est,
405 1840 440 1893 ut
454 1832 518 1894 sctis
532 1832 598 1912 ipse
611 1839 755 1893 oneratus
768 1829 884 1898 viritas
897 1835 996 1894 neat?
1012 1831 1107 1894 Diem
1117 1832 1218 1894 dicere
1228 1831 1259 1894 ei
1269 1831 1359 1894 nubis
1370 1833 1403 1893 irc

270 1911 274 1922 Ν
336 1919 441 1979 animo
453 1925 510 1980 est.
525 1917 607 1978 nteit
621 1917 719 1979 minas
727 1918 882 1999 populare
892 1935 981 1999 quam
992 1937 1116 2000 reguum
1131 1927 1182 1981 ast.
1217 1916 1317 1981 simut
1327 1919 1403 1980 mal·

336 2004 438 2066 titudo
452 2003 510 2065 illa
525 2023 585 2065 non
599 2021 694 2066 secum
709 2004 826 2066 certari
840 2003 984 2074 uiderint,
1001 2013 1030 2066 et
1044 2025 1082 2066 ea
1099 2002 1125 2042 ⁸⁸
1136 2004 1295 2067 admcatis
1309 2003 1403 2086 juat-

337 2090 477 2173 cessactr'
491 2099 590 2163 aaut,
607 2098 637 2151 et
651 2099 840 2152 accusatores
854 2090 892 2150 de
910 2090 1008 2172 plebe,
1019 2091 1187 2174 patricium
1203 2109 1287 2152 ream
1303 2093 1403 2154 intue-

337 2175 458 2251 buntur,
475 2185 505 2239 et
519 2177 610 2260 regui
622 2177 734 2243 crimen
747 2177 780 2238 ia
791 2177 910 2247 meato,
935 2177 1015 2239 ciuili
1025 2178 1133 2260 magis,
1146 2195 1236 2260 quam
1250 2177 1403 2253 libertati,

353 2262 484 2326 numne
510 2283 582 2326 aaa.

176 2263 361 2418 minitantes
383 2347 466 2412 XX.
485 2311 756 2434 'Adprobantibus
775 2347 907 2423 cunctis,
922 2345 1005 2410 diem
1028 2345 1153 2430 Manlio
1168 2345 1289 2412 dicunt.
1316 2345 1403 2434 quod

174 2435 264 2483 istiu*
274 2449 290 2482 ⁰
339 2435 395 2500 abi
415 2449 462 2500 est
487 2433 615 2512 iactum,
630 2435 736 2521 primo
750 2445 911 2506 commota
925 2432 1013 2517 plebs
1028 2447 1085 2510 est,
1102 2434 1210 2520 utique
1232 2447 1403 2522 postquam

339 2521 535 2588 sordidatum
552 2543 638 2586 reum
652 2521 815 2596 viderunt3
838 2541 898 2584 nec
912 2541 984 2584 cum
1009 2543 1048 2584 eo
1068 2541 1133 2583 non
1149 2520 1246 2585 modo
1268 2520 1402 2586 Petrum

338 2629 542 2696 quemquam,
568 2609 623 2673 sed
646 2629 686 2672 ne
704 2619 855 2693 c'ognatos
869 2605 996 2693 qbidem
1018 2618 1073 2670 aut
1095 2605 1226 2687 adfines,
1241 2621 1405 2692 postremo

339 2717 379 2760 ne
401 2694 513 2759 iratres
537 2695 665 2780 quidem
690 2695 732 2758 A.
754 2707 785 2758 et
801 2693 843 2757 Τ.
861 2691 1018 2757 Manliost
1042 2694 1127 2774 quod
1153 2693 1194 2756 ad
1217 2715 1292 2758 eum
1318 2694 1404 2759 diem

339 2803 511 2866 numquam
544 2803 601 2844 usu
633 2781 776 2859 venisset,
803 2793 838 2843 ut
871 2780 903 2842 in
938 2791 1027 2843 tanto
1056 2779 1240 2843 discrimine
1277 2801 1345 2844 non
1374 2793 1404 2845 et

338 2867 475 2952 proximi
501 2879 619 2931 vestem
643 2877 812 2930 mutarent.
857 2867 921 2949 Ap.
944 2865 1082 2930 Claudio
1102 2867 1133 2930 in
1149 2866 1276 2930 vincula
1295 2866 1404 2944 ducto,

341 2954 380 3018 Ο.
398 2951 570 3017 Claudium
586 2952 750 3016 inimicum
769 2949 1002 3039 Claudiamque
1016 2973 1141 3017 omnem
1157 2965 1286 3040 gentem
1302 2954 1405 3018 sordi·

339 3039 444 3103 datam
469 3037 573 3102 luisse.
606 3045 760 3102 consensu
789 3039 927 3123 obprimi
951 3039 1139 3125 popularem
1168 3040 1285 3116 virum,
1319 3039 1406 3126 quod

338 3125 461 3210 primus
482 3147 502 3188 a
516 3121 665 3190 Patribus
680 3123 720 3188 ad
744 3121 868 3209 plebem
884 3123 1056 3190 deiecisset.
1102 3125 1213 3202 Quum
1228 3124 1297 3190 dies
1309 3127 1404 3204 venit,

339 3233 422 3298 qua,
453 3225 571 3298 praeter
600 3225 704 3275 coetus
736 3211 949 3275 multitudinis
981 3213 1210 3298 seditiosasque
1239 3235 1344 3290 voces,
1375 3227 1406 3276 et

339 3297 539 3385 largitionem
562 3310 594 3362 et
611 3296 706 3362 fallax
728 3297 891 3374 indiciam,
909 3298 1100 3383 pertinentia
1115 3297 1243 3384 proprie
1257 3302 1297 3363 ad
1315 3301 1406 3388 regni

340 3385 460 3450 crimen
481 3385 527 3454 ab
549 3383 785 3449 accusatoribus
808 3384 932 3470 objecta
957 3385 1022 3449 sint
1045 3405 1110 3462 reo,
1136 3383 1222 3470 apud
1243 3388 1405 3451 neminem

340 3484 501 3536 auctorem
526 3471 664 3536 invenio.
698 3493 757 3536 nec
780 3470 895 3536 dubito
927 3470 1014 3535 haud
1043 3491 1141 3555 parva
1172 3470 1278 3550 briaae,
1306 3493 1405 3560 quum

340 3559 514 3624 damnandi
536 3579 626 3622 mora
649 3557 739 3646 plebi,
760 3578 825 3621 non
843 3556 884 3620 in
910 3579 1030 3640 caussa,
1053 3558 1108 3622 sed
1131 3558 1165 3622 in
1192 3558 1275 3636 loco,
1300 3561 1406 3625 suerit.

664 3773 670 3786 ,
784 3728 797 3757 ·
807 3727 881 3788 pates
893 3727 961 3774 ores.

372 3875 559 3955 sistam]
587 3889 649 3938 naa
676 3898 714 3938 αι
738 3892 857 3940 auara
888 3893 1117 3954 assaturae

339 3963 364 4003 et
380 3963 449 4002 atrox
468 3955 607 4016 appellatio,
623 3969 679 4018 quse
695 3957 856 4006 detecdonem
920 3959 952 4008 at
969 3958 1036 4006 Nara
1047 3963 1071 4006 et
1081 3959 1148 4024 psa]
1160 3951 1405 4022 Delempemeuun

341 4027 417 4074 notat,
428 4027 453 4065 et
470 4023 542 4080 rupta
560 4021 635 4068 debiti
654 4022 748 4082 legibus
763 4027 788 4068 et
804 4033 856 4068 ma·
889 4024 1000 4070 voculam
1026 4027 1057 4079 et,
1080 4037 1154 4084 quam
1176 4025 1297 4073 omittunt
1318 4029 1369 4074 duo
1392 4040 1407 4072 a

340 4085 480 4144 §stratibus
490 4081 598 4146 obsequti
606 4082 672 4146 jura.
888 4087 978 4134 amuis
992 4087 1129 4136 codicibrm
1147 4089 1186 4138 vel
1200 4091 1255 4151 lege
1271 4091 1329 4139 aeda
1339 4095 1362 4138 et
1372 4091 1405 4146 iri,

373 4146 405 4194 85
432 4147 466 4193 Et
492 4149 624 4197 imminenti
650 4151 708 4196 mok
740 4148 854 4212 utana]
887 4163 976 4212 nempe
986 4153 1078 4200 tribuni
1094 4155 1178 4214 plebia.

341 4211 374 4258 Et
398 4212 513 4270 periculo,
536 4215 601 4274 quod
624 4215 764 4260 immineret
784 4215 855 4262 1iber·
888 4215 952 4326 “OE
968 4215 1105 4282 amsa]
1129 4219 1184 4268 Ἡ.
1200 4226 1251 4267 not.
1270 4221 1291 4269 l.
1308 4221 1341 4270 ad
1357 4219 1403 4268 ill.

341 4278 394 4323 tati!

372 4341 405 4387 cto·
425 4336 457 4386 Ut
485 4339 578 4386 rideant
605 4343 768 4405 magbtratata]
797 4341 855 4390 vid.
962 4369 968 4402 .·
