2978 4918
311 175 369 238 rso
688 159 973 234 'r1r1u1v11

150 337 286 416 usum,
304 341 368 418 ret,
381 337 630 428 quiescentibusr
655 349 709 402 aut
722 357 797 403 mox
819 350 962 404 moturos
987 360 1020 404 se
1041 337 1216 424 adparebat
1231 335 1370 404 Sabinos

149 431 286 481 aedit.
310 447 434 513 semper
462 423 602 501 infestos,
627 421 853 509 Etruriamque
874 446 1013 500 omnem.
1043 427 1095 489 sed
1118 423 1235 490 Veiens
1257 424 1369 501 bostis,

310 512 453 578 assiduus
475 511 586 596 magis,
601 529 696 612 quum
710 509 826 596 gravis,
843 511 1043 576 contumeliis
1057 512 1182 596 asapius,
1198 531 1296 660 quam
1312 533 1368 596 pe·

310 599 421 679 riculo,
436 597 557 661 animos
571 595 731 684 agitabat:
763 595 850 682 quod
871 596 961 660 nulio
986 611 1129 681 ternpore
1143 621 1207 686 neg
1219 597 1264 685 igi
1278 615 1369 683 pote·

148 697 370 760 castrenses-rat,
393 695 449 749 aut
473 684 572 748 averti
587 683 649 747 alio
662 682 830 749 ⁷⁹sinebat.
875 683 962 748 Tum
993 684 1092 750 Fabia
1117 705 1195 772 gens
1223 697 1368 748 senatum

147 767 279 874 pinninu-
309 771 418 836 adiits.
448 768 557 834 consul
582 781 761 856 progente
790 769 951 856 loquitur:
982 772 1114 836 Assiduo
1142 773 1252 854 magis,
1278 791 1369 854 msam

146 844 421 944 ῧξῖεξξῗυμιιαςπο
437 856 595 940 presidio,
617 866 652 920 ot
673 857 768 934 scitis,
788 859 903 921 Patres
925 859 1100 940 conscripti,
1127 857 1236 920 bellom
1262 857 1371 920 Veiens

308 954 386 1030 eget.
438 944 495 1026 Vos
515 944 581 1006 olio
608 943 688 1007 bello
706 953 831 1006 curate:
854 942 968 1007 Fabios
980 945 1078 1008 hostes
1099 943 1272 1007 Veientibus
1285 943 1369 1007 dote.

306 1035 453 1098 Astctores
466 1052 574 1105 sumus,
590 1037 687 1094 coram
708 1029 755 1092 ibi
779 1027 965 1113 majestatem
979 1030 1117 1094 Romani
1136 1029 1370 1112 nominissorc.

306 1117 453 1182 Nostrum
468 1117 504 1180 s'd
516 1117 602 1181 nobis
616 1115 868 1199 oclrttfamiliorc
881 1115 998 1191 bedam,
1008 1117 1138 1198 privato
1151 1125 1249 1180 sumtu
1258 1137 1372 1200 gerere

306 1206 341 1267 in
362 1207 467 1268 animo
486 1213 539 1268 cst.
584 1201 769 1284 Respublica
792 1211 823 1265 ct
846 1203 943 1265 milite
971 1203 1038 1266 illio
1057 1212 1087 1266 ct
1104 1203 1241 1285 pccstnt'a
1270 1213 1368 1266 nacci.

307 1289 432 1355 Gratite
446 1290 590 1377 ingentes
606 1301 695 1352 actae.
742 1286 863 1351 Consul
877 1309 895 1351 e
909 1287 998 1350 curia
1022 1309 1178 1388 egressus,
1194 1287 1369 1353 comitante

279 1447 281 1454 q
307 1375 481 1441 Fabiorum
507 1375 643 1462 agmine,
664 1373 719 1458 qui
744 1373 777 1435 in
803 1371 957 1437 vestibulo
986 1395 1084 1437 currae
1114 1373 1369 1440 senatusconsul-

303 1480 373 1528 tum
402 1473 620 1547 exspectantes
646 1469 807 1537 steterant,
831 1459 962 1523 domum
994 1458 1096 1524 rediit.
1139 1460 1225 1524 Jusai
1251 1461 1368 1526 armati

303 1563 431 1634 postero
456 1547 509 1612 die
538 1546 577 1611 od
600 1545 697 1610 limen
722 1543 860 1610 consulis
885 1545 1004 1623 adesse,
1029 1546 1142 1612 domos
1166 1545 1241 1610 inde
1264 1547 1368 1613 diace-

305 1635 395 1701 dunt

346 1721 475 1786 XLIX.
503 1719 618 1784 Manat
640 1729 708 1782 tota
730 1717 807 1784 urbe
822 1738 953 1783 rumor:
977 1719 1093 1785 Fabios
1107 1719 1147 1784 ad
1162 1720 1282 1786 coelum
1297 1719 1369 1786 lau·

302 1807 396 1872 dibus
430 1805 545 1871 ferunt
604 1803 771 1868 Familiam
805 1827 902 1869 unam
934 1806 1073 1870 subisse*¹
1102 1807 1236 1872 civitatis
1265 1827 1367 1872 onus:

302 1893 420 1958 Veiens
441 1892 560 1958 beilum
577 1890 611 1954 in
626 1890 782 1975 privatam
797 1913 919 1970 curam,
935 1892 968 1957 in
984 1894 1109 1978 privata
1123 1915 1212 1958 arma
1226 1915 1367 1958 versum.

303 1981 338 2046 Si
359 1981 421 2044 sint
443 1979 517 2043 duoe
537 1975 663 2042 roboris
693 1977 832 2042 e‘uadem
856 1977 889 2042 in
917 1979 996 2044 urbe
1020 1992 1147 2067 gentem
1177 1979 1367 2066 deposcant,

300 2069 371 2131 boec
387 2065 519 2130 Volscos
535 2064 604 2142 sibi,
620 2063 675 2128 iila
689 1999 829 2150 rldquos:
853 2064 974 2151 populo
996 2065 1143 2130 Romano
1158 2067 1368 2154 tranquillam

299 2175 411 2240 pacem
426 2165 549 2240 agente,
563 2171 673 2214 omnes
688 2149 842 2215 finitimos
856 2151 960 2235 subigi
975 2151 1110 2238 populos
1123 2175 1225 2238 posse.
1272 2153 1368 2219 Fabii

299 2243 445 2325 postero¹
467 2239 519 2302 die
543 2259 632 2302 arma
660 2237 804 2321 capiunt.
832 2259 897 2326 quo
920 2238 1001 2323 jussi
1030 2253 1131 2319 erant,
1156 2239 1365 2306 conveniunt.

301 2326 434 2404 Consul,
448 2325 475 2369 ⁷⁴
484 2321 655 2412 paludatus
677 2323 853 2412 egrediens,
869 2325 902 2387 in
918 2323 1072 2390 vestibulo
1091 2338 1219 2413 gentem
1234 2347 1366 2392 omnem

299 2435 388 2478 suam
414 2413 571 2478 instructo
594 2410 721 2498 agmine
735 2409 830 2476 videt.
860 2422 1008 2496 acceptus
1036 2411 1068 2474 in
1094 2411 1245 2492 medium,
1272 2413 1367 2502 sigua

297 2497 372 2565 ferri
382 2499 485 2586 jubet.
530 2497 718 2583 Numquam
733 2497 891 2562 exercitus
907 2517 1011 2585 neque
1028 2497 1134 2563 minor
1147 2520 1294 2580 numero,
1308 2523 1367 2564 ne·

299 2609 361 2672 que
378 2587 494 2652 clarior
515 2584 599 2649 fama
614 2595 647 2647 et
661 2583 870 2648 admiratione
894 2581 1072 2661 hominum,
1098 2605 1157 2670 per
1176 2585 1289 2650 urbem
1311 2587 1364 2650 in·

298 2674 399 2740 cessit.
421 2673 447 2718 ⁷⁵
459 2673 524 2738 Sex
540 2683 572 2735 et
586 2669 719 2736 trecenti
729 2669 855 2752 milites,
866 2691 976 2734 omnes
993 2671 1131 2756 patricii,
1145 2693 1254 2738 omnes
1270 2673 1367 2740 unius

412 2877 484 2926 talu
495 2879 569 2928 Gron.
583 2879 655 2940 Creu.
760 2875 877 2928 hnsbiistc
887 2879 956 2928 Esed.
1055 2877 1069 2919 ΙΙ
1075 2885 1169 2945 postero
1180 2881 1249 2931 Eud.

330 3115 362 3164 73
378 3112 483 3177 Sisciae]
501 3111 597 3158 Placuit
615 3111 690 3172 igitur
708 3113 813 3167 muri,
846 3115 950 3162 Ariane
969 3115 1087 3175 permissa
1105 3122 1183 3163 essetr
1200 3117 1263 3164 nihii
1281 3117 1366 3180 itaqua

296 3193 325 3230 ut
341 3177 482 3240 prandium
498 3177 525 3222 in
542 3176 630 3222 unibus
646 3175 814 3236 agritiomam
846 3180 937 3226 mirum
958 3193 1011 3227 esse
1036 3193 1077 3228 eos
1105 3181 1244 3242 insignitius
1265 3189 1366 3230 ornatos

296 3245 449 3294 continenter
470 3243 608 3290 haberetur.
651 3239 699 3287 Sed
722 3242 814 3301 duplex
846 3243 929 3290 fiune.
954 3241 1036 3292 'Vid
1048 3249 1098 3292 not.
1109 3243 1270 3293 structa
1280 3247 1297 3292 1.
1309 3247 1331 3294 Ι.

296 3310 402 3372 augebat
419 3307 559 3363 difficultas,
577 3311 632 3354 tum
654 3306 719 3364 quod
741 3319 813 3366 pecu·
879 3307 910 3354 75
926 3307 975 3356 Sco
990 3313 1014 3354 ct
1028 3309 1124 3356 trecenti
1142 3309 1240 3374 milites]
1258 3309 1299 3357 lix
1318 3311 1365 3359 Di·

296 3375 347 3432 nia,
358 3373 476 3419 exhausto
494 3369 615 3418 continuis
631 3369 701 3416 bellis
717 3371 812 3429 mario,
845 3373 939 3433 anysio,
950 3378 1031 3420 totum
1051 3385 1140 3433 agenn
1158 3387 1172 3420 a
1189 3381 1295 3434 quatuor
1313 3377 1366 3426 lere

296 3442 511 3497 nonmppaterets
528 3441 583 3482 tum
597 3436 663 3494 quod
679 3447 728 3481 non
742 3435 813 3482 laoiia
845 3437 974 3484 bominum
992 3437 1101 3484 millibus
1115 3441 1257 3493 constabats
1274 3445 1367 3488 strua-

295 3503 467 3564 reperirentur,
480 3501 523 3562 qui
540 3500 566 3545 in
582 3500 697 3546 militiam
712 3513 813 3560 gravem
841 3497 972 3562 jorparae
988 3501 1116 3548 clientibus
1133 3509 1159 3550 et
1177 3503 1300 3550 sodalibus
1318 3502 1366 3551 lla·

295 3573 321 3616 et
344 3567 466 3614 assiduam
494 3565 594 3612 nomina
620 3566 712 3611 darent.
754 3564 813 3611 ideo
846 3565 941 3612 morum
959 3571 1028 3622 erat;
1056 3565 1161 3614 silebis
1177 3573 1251 3628 gente
1272 3581 1316 3616 aex
1338 3575 1366 3616 et

297 3631 372 3680 Fabia
392 3645 452 3692 gens
469 3643 539 3677 suam
562 3629 656 3675 senatui
676 3634 702 3676 et
719 3627 811 3688 reipub·
844 3630 947 3676 macenti
970 3630 1022 3676 viri.
1066 3631 1206 3678 Perizonius
1228 3631 1364 3680 Animadv.

295 3697 484 3757 opmmod'ert.
510 3693 673 3741 Dionle.
846 3693 1084 3742 instassent·
1105 3709 1149 3742 nec
1171 3695 1273 3742 sortasse
1295 3709 1366 3757 sper-

329 3760 361 3810 it
375 3759 518 3822 Paladotus]
552 3759 726 3806 Paludamento
740 3757 813 3805 indu·
844 3759 930 3806 nendis
951 3759 1101 3820 argumentis
1121 3761 1257 3808 consvellere
1274 3761 1365 3809 nititur

248 3876 251 3886 ,
294 3831 342 3873 tus.
387 3825 590 3872 Paludamentum
620 3822 716 3883 proprie
744 3822 812 3869 obla·
844 3823 986 3870 unanima·
1014 3822 1160 3884 scriptorum
1188 3825 1301 3872 omnium
1330 3827 1363 3875 de

294 3903 350 3952 mys
374 3889 536 3950 imperatoris.
577 3887 660 3934 Livius
680 3893 762 3934 tamen
782 3901 810 3933 u·
843 3897 887 3934 sex
905 3893 930 3934 et
952 3888 1066 3935 trecentis
1088 3887 1170 3935 Fabiis
1193 3903 1361 3940 eonscarumt

294 3955 412 4015 turpavit,
425 3954 507 4002 i.1.c.
519 3953 558 4000 26.
575 3965 619 4012 pro
631 3957 697 3998 veste
710 3951 810 3998 militari
842 3957 867 3997 et
888 3951 1045 4012 probabiliter
1062 3953 1196 4000 admodum
1221 3955 1362 4014 nupiostur

293 4019 407 4075 Curiatii,
429 4018 472 4078 qui
506 4031 553 4064 non
588 4017 636 4063 iuit
670 4017 808 4076 imperator.
842 4021 923 4064 totum
940 4027 1082 4078 armenas:
1100 4023 1126 4064 et
1141 4023 1306 4066 umentorum
1323 4021 1362 4067 vi.

293 4085 342 4133 Sed
359 4083 455 4142 reponit
481 4081 627 4138 Gronovius,
646 4081 672 4126 in
698 4088 756 4127 nota
777 4080 809 4126 ad
841 4094 924 4128 rurum
953 4081 1038 4140 fuisse,
1070 4083 1113 4128 sed
1143 4096 1249 4142 quorum
1278 4085 1361 4132 multo

291 4147 364 4196 XLI.
381 4145 420 4194 10.
453 4145 598 4202 Curiatium,
612 4147 658 4192 etti
672 4159 721 4192 non
732 4145 808 4204 impe-
840 4145 949 4195 mulina
961 4157 1017 4204 pars
1026 4159 1041 4192 e
1051 4145 1180 4194 clientibus
1196 4158 1222 4194 et
1236 4149 1362 4198 sodalibus

289 4221 406 4270 retorem,
417 4217 499 4258 tarum
510 4213 587 4256 instar
601 4210 753 4270 imperaturis
764 4207 807 4255 ali·
840 4208 971 4259 mororum
992 4214 1062 4257 esset.
1096 4209 1163 4259 Eum
1182 4212 1230 4268 adi,
1248 4213 1361 4260 'diversa-

290 4273 362 4352 cup'us
375 4275 594 4334 tuisse,hominem
605 4273 807 4326 illustrissimum,
839 4287 953 4335 rumque,
974 4285 1036 4335 quas
1061 4277 1140 4332 adar-t,
1155 4278 1280 4328 rationum
1305 4285 1360 4331 no-

289 4355 361 4408 quus
382 4347 407 4390 at
429 4343 532 4390 fratrum
553 4339 637 4388 virtuti
657 4349 755 4388 summa
773 4337 808 4386 rei
840 4345 924 4389 manta
933 4340 1018 4392 sedulo
1028 4343 1144 4405 expeuda-
