3032 4924
347 198 406 260 ³66
737 196 847 257 ΤΙΉ
879 197 1012 258 tivit

185 377 323 430 musto.
345 366 385 430 lis
394 368 515 452 feram
559 361 643 428 Nom
664 363 745 446 qood
767 363 812 424 od
834 361 991 428 thesauros
1013 362 1150 428 Gallicos
1171 364 1304 442 adtira,
1318 387 1400 444 ,rem

180 442 214 491 tt
227 443 255 492 ⁰·
265 443 324 493 ⁸⁸²·
343 448 727 534 superextensum,
742 448 894 534 dgffieilem
916 450 1120 534 interrogatio
1127 449 1228 535 facit.
1252 473 1308 515 cur
1322 456 1403 518 enim

249 565 252 576 ·
344 537 494 621 queritis,
506 536 588 618 quod
598 537 709 600 scitis?
731 555 794 610 cnr,
804 535 885 618 quod
898 535 932 597 in
946 536 1017 599 sinu
1030 546 1128 601 uestro
1139 547 1192 614 cst,
1206 537 1401 622 eccutijnbe·

343 625 385 688 tis
397 624 509 706 potios,-
526 642 614 704 quom
625 622 763 704 portetis,
778 621 841 683 nisi
853 621 1064 705 oliqoofrous
1076 622 1199 687 urbest?
1222 625 1290 698 Quo
1304 628 1402 710 magis

269 705 273 713 ’
312 763 315 770 .
344 708 438 792 argui
456 704 637 791 prestigias
646 707 766 788 jubetis
779 715 902 782 oestrus,
919 727 954 769 eo
966 709 1039 790 plus
1053 730 1167 784 uereor,
1183 705 1256 772 ‘loe
1270 709 1401 774 obstule-

260 859 264 868 ,
344 795 417 858 ritis
442 793 666 857 obseruantibus
691 795 783 856 etium
807 793 916 856 ourlos.
961 793 1070 876 ltaque
1091 816 1152 856 nou
1174 817 1239 880 ego,
1262 796 1347 860 uobis
1368 808 1402 862 ut

345 881 473 944 indicem
483 879 610 962 prodes
632 889 755 954 uestros,
771 879 824 942 sed
833 900 883 942 uos
897 879 932 941 id
945 880 1072 963 cogendi
1085 880 1163 958 estis,
1175 891 1208 945 ut
1222 884 1257 944 io
1272 883 1401 948 medium

365 967 519 1029 rueretis.

337 965 482 1115 inI.
506 1053 611 1120 Quum
640 1051 764 1114 mittere
791 1048 939 1136 ambages
967 1051 1101 1115 dictator
1124 1051 1262 1138 juberet,
1284 1067 1317 1118 et
1346 1067 1400 1120 eut

343 1135 529 1222 ”peragere
544 1159 650 1200 verum
675 1137 825 1200 indicium
846 1149 984 1220 cogeret,
999 1150 1053 1202 out
1076 1137 1165 1202 lateri
1185 1137 1306 1204 facinus
1327 1139 1401 1205 insi·

342 1222 454 1287 muloti
468 1221 546 1286 luiso
561 1223 692 1288 crimine
706 1235 840 1296 senatus,
891 1221 1068 1308 oblatusque
1080 1226 1151 1288 vani
1165 1224 1240 1290 furti
1252 1225 1400 1305 invidiae;

341 1322 521 1396 negantem,
547 1309 679 1373 arbitrio
709 1307 906 1373 inimicorum
932 1330 965 1373 se
994 1311 1183 1387 locuturum,
1210 1313 1243 1374 in
1274 1313 1400 1378 vinculo

340 1395 414 1459 duci
424 1397 525 1480 jussit.
564 1395 726 1478 Adreptus
739 1417 757 1456 o
772 1394 900 1471 viatore,
911 1395 1047 1478 Jupiter,
1057 1396 1169 1482 inquit,
1180 1399 1291 1480 optimc
1302 1405 1401 1464 moci-

339 1503 394 1558 me‚
409 1483 551 1566 Junoque
566 1483 699 1564 Regino,
715 1503 752 1544 oc
767 1481 924 1556 Miner-oo,
939 1483 1090 1565 ceterique
1104 1485 1167 1548 Dii
1182 1483 1329 1568 Demque,
1347 1489 1401 1571 qui

341 1567 528 1650 Capitolium
542 1588 699 1650 arcemque
712 1567 856 1642 incolitis,
867 1568 977 1630 siccine
987 1578 1114 1632 oestrum
1129 1571 1252 1633 militem
1267 1593 1306 1634 oc
1315 1593 1401 1654 prce·

337 1654 431 1716 sidem
442 1655 544 1718 sinitis
557 1655 664 1718 vecari
677 1653 716 1716 ab
731 1653 889 1716 inimicis?
913 1651 1197 1739 Hernicorumque
1212 1658 1320 1721 Gallos
1319 1659 1402 1741 stedi

338 1760 359 1801 o
374 1741 507 1804 delubris
521 1737 712 1821 nestris,jem
725 1739 759 1800 in
774 1738 902 1802 uinculis
913 1749 942 1804 et
953 1742 1068 1804 cetenis
1079 1743 1165 1805 erit?
1202 1740 1331 1806 Nullius
1342 1765 1400 1808 neo

338 1823 422 1889 oculi
445 1845 505 1888 nec
530 1846 621 1888 eures
645 1821 866 1909 indignitatem
896 1821 1055 1890 ferebant:
1088 1825 1142 1890 sed
1164 1827 1315 1894 ⁷⁰invictu
1339 1829 1398 1894 sibi

338 1909 484 1992 quiedam
508 1909 734 1995 patientissima
751 1908 830 1993 justi
854 1909 979 1994 imperii
1001 1911 1110 1976 civitas
1127 1909 1251 1978 fecerat.
1266 1935 1328 1978 nec
1343 1916 1399 1980 ud·

338 2013 446 2060 versus
465 1995 662 2061 dictatoriam
689 1993 751 2058 vim
778 2008 835 2059 out
857 1995 977 2060 tribuni
1000 1998 1113 2082 plebis,
1126 2015 1181 2064 sut
1207 1999 1275 2085 ipso
1296 2001 1398 2086 plebs,

337 2081 489 2146 adtollere
510 2080 618 2147 oculos
639 2094 695 2146 unt
714 2080 835 2146 hiscere
860 2080 1030 2150 audebunt.
1076 2083 1229 2170 Conjecto
1243 2087 1276 2150 in
1292 2109 1400 2152 curce-

175 2177 319 2226 anusin
338 2189 406 2234 rem
430 2167 566 2246 Manlio,
585 2168 659 2232 sutis
682 2181 815 2245 constet,
838 2189 985 2253 magnum
1011 2183 1134 2254 portem
1156 2169 1256 2256 plebis
1280 2187 1397 2238 vestem

173 2255 295 2354 w
338 2269 483 2332 mutasse,
499 2255 615 2320 multos
629 2251 775 2318 mortales
796 2253 946 2340 capillum
961 2277 997 2320 sc
1018 2255 1182 2321 ”borbum
1205 2259 1396 2342 promisisse,

336 2341 595 2429 obversatamque
610 2339 762 2405 vestibulo
784 2341 916 2406 carceris
938 2353 1083 2406 moestem
1104 2343 1239 2408 turbem.
1283 2345 1399 2412 Dicte·

335 2439 385 2494 tor
406 2427 447 2493 de
463 2427 584 2494 Volscis
607 2425 830 2511 triumphavit:
860 2425 1054 2514 invidiaeque
1079 2429 1178 2515 magis
1201 2428 1395 2518 triumphus,

335 2536 432 2600 quum
460 2515 585 2602 glorioe,
610 2513 680 2578 fuit.
726 2510 855 2598 Quippe
883 2511 982 2590 domi,
1012 2535 1076 2578 non
1106 2513 1237 2592 militie,
1268 2533 1396 2602 partum

335 2621 425 2678 eum;
448 2615 618 2687 actumque
640 2601 679 2663 de
701 2598 780 2677 cive,
804 2619 867 2662 nou
892 2599 932 2662 de
957 2597 1055 2682 hoste,
1071 2599 1264 2667 fremebant:
1295 2625 1395 2670 unum

334 2685 471 2752 defuisse
492 2699 616 2752 tuntum
639 2684 804 2770 superbire,
820 2685 904 2770 quod
924 2707 989 2750 non
1007 2679 1057 2752 M.
1075 2685 1217 2752 Manlius
1233 2701 1309 2754 ente
1323 2713 1397 2756 cur·

334 2794 405 2837 rum
421 2773 461 2836 sit
475 2771 599 2836 ductus.
641 2769 776 2854 Jamque
788 2771 872 2834 hund
885 2771 997 2856 procul
1007 2771 1159 2838 seditione
1170 2796 1220 2839 res
1231 2787 1319 2841 erut:
1341 2799 1395 2842 cu·

329 2859 384 2945 jus
409 2857 565 2924 leniendus
592 2878 711 2934 conseo,
727 2855 907 2941 postulante
927 2857 1028 2935 nullo,
1043 2858 1176 2946 largitor
1201 2860 1396 2928 voluntarius

339 3169 343 3174 .
367 3135 398 3181 ut
410 3132 844 3182 Neoeoerttuummutosetam
909 3135 938 3182 tl
957 3133 1061 3182 Barium
1071 3135 1219 3200 promisisse]
1238 3135 1394 3182 Crediditer·

330 3195 419 3258 mulos}
437 3197 475 3243 Ne
490 3205 557 3244 tantu
573 3205 624 3246 arte
639 3199 704 3244 furtu
715 3205 794 3244 vestre
804 3211 844 3243 oe-
875 3212 907 3260 go
919 3197 1002 3246 Livius
1010 3195 1063 3260 jem
1073 3205 1127 3245 tum
1138 3200 1163 3246 in
1176 3201 1295 3260 usunpud
1307 3199 1396 3248 Rome·

333 3261 440 3318 enitens,
456 3268 483 3309 ut
499 3263 589 3309 felictis
607 3263 689 3310 oeulos
710 3263 783 3308 etiem
805 3275 844 3306 eo·
877 3276 920 3308 nos
934 3263 1057 3321 intremui
1076 3263 1175 3310 berbern
1194 3266 1317 3312 rederent.
1350 3263 1396 3310 ’l's-

333 3339 397 3380 rum.
415 3327 458 3386 qui
479 3341 531 3374 rem
553 3327 691 3388 diligentius
718 3329 845 3374 observem
876 3339 934 3374 men
947 3327 1009 3373 Ptin.
1020 3329 1037 3372 1.
1049 3327 1141 3374 V11.c.
1153 3326 1193 3374 tt.
1210 3329 1327 3384 affirmet,
1339 3342 1394 3376 etse·

334 3391 418 3438 ruint.
457 3389 559 3455 Arescrrc
579 3392 653 3438 neuim
674 3393 768 3452 proprie
788 3390 847 3437 diei·
881 3392 1057 3448 torennense,
1077 3398 1184 3438 tonsores
1206 3392 1231 3438 in
1250 3393 1348 3440 ltaliam
1367 3407 1396 3440 er

333 3461 374 3501 tur
392 3456 423 3501 de
444 3456 669 3516 prestigiemribnm
690 3455 732 3517 qui
759 3455 848 3501 tollunt
881 3455 959 3502 Sicilie
972 3456 1064 3502 venisse
1076 3469 1140 3502 enno
1150 3457 1251 3502 demum
1263 3471 1287 3503 n.
1305 3471 1327 3503 c.
1339 3456 1394 3504 451

332 3520 414 3566 oeulos
430 3522 599 3581 eructantium.
631 3521 696 3566 Bene
712 3519 786 3578 igitur
802 3519 848 3563 hoe
880 3520 931 3579 (qui
949 3533 979 3566 ex
995 3520 1087 3567 calculo
1099 3521 1232 3565 cotonieno
1242 3532 1281 3566 est
1292 3521 1360 3578 tet.)
1370 3521 1394 3566 id

258 3630 264 3644 ,
332 3585 406 3631 verbo
416 3586 494 3634 utitur
505 3586 600 3642 Livius,
611 3598 688 3646 quum
702 3597 775 3643 supra
785 3595 844 3643 pre·
879 3590 925 3642 est,
937 3584 1006 3631 annis
1016 3581 1121 3644 amplius
1137 3585 1262 3644 octoginta
1272 3591 1328 3646 post
1338 3599 1394 3632 con·

332 3649 459 3710 stigierum
467 3651 615 3696 mentionem
625 3649 717 3695 feeerit.
874 3643 968 3708 jectum
985 3649 1010 3694 in
1027 3662 1148 3696 circerem
1166 3649 1305 3696 Mentimur
1323 3655 1394 3696 entes

363 3711 543 3776 68⁸Perogere
558 3727 638 3760 uerum
654 3710 779 3774 isitium]
795 3711 846 3758 nt-
877 3711 985 3758 iutonsos
1009 3713 1083 3759 fuisse
1103 3711 1233 3760 Romanos.
1267 3713 1350 3775 Atque
1368 3714 1394 3758 id

331 3777 423 3824 soirece
429 3785 535 3840 emptum
545 3777 752 3838 indicium‚idque
761 3789 845 3823 verum
877 3777 1101 3834 adstruttVerro,t
1115 3778 1149 3824 11.
1160 3778 1190 3823 de
1201 3791 1227 3822 re
1240 3777 1311 3824 nun.
1320 3791 1341 3824 e.
1355 3777 1392 3823 11.

331 3843 442 3902 probare.
878 3853 908 3886 ex
918 3841 1073 3902 antiquorum
1090 3842 1184 3892 statuis.
1197 3841 1256 3902 qood
1268 3841 1393 3902 pleneque,

364 3905 557 3967 di'Olletoequc
578 3905 633 3952 voni
648 3904 715 3968 surii
737 3901 843 3966 invidio]
876 3905 967 3964 inquit,
996 3903 1077 3952 letberti
1109 3905 1219 3966 capillum
1245 3909 1268 3952 ei
1301 3905 1392 3952 lecim

331 3967 490 4018 sevocatio
506 3970 623 4017 invidiam
639 3968 738 4015 senatui
747 3980 809 4013 vene
820 3973 845 4014 et
878 3981 995 4030 mugnone.

331 4035 405 4081 nullis
417 4035 567 4096 argumentis
584 4035 640 4080 nixu
655 4033 714 4080 furti
731 4032 846 4078 erimine·
909 4031 988 4078 'Non
999 4033 1114 4080 rodebant
1125 4033 1222 4093 quidem
1236 4035 1337 4082 hurbem
1350 4047 1391 4080 re·

331 4097 403 4146 tione.
876 4103 939 4144 teres
950 4097 1064 4156 Romani,
1076 4104 1136 4144 teste
1153 4099 1204 4158 ipso
1222 4097 1302 4152 Livio,
1321 4109 1393 4158 supra

363 4161 515 4211 'lo'lnoicto
526 4163 571 4208 ribi
580 4161 683 4224 quodum
699 4159 844 4222 ....fece·
876 4162 907 4210 V.
922 4161 961 4209 tt.
977 4163 1018 4208 sed
1035 4168 1117 4208 temen
1135 4175 1190 4208 eam
1212 4163 1338 4210 attondere
1349 4161 1392 4208 eil·

331 4223 382 4289 ναΐ]
400 4227 439 4273 itu
458 4229 585 4276 verebatur
602 4228 715 4288 quodum
731 4227 842 4286 imperio,
876 4231 995 4287 quotenus
1014 4231 1039 4273 et
1057 4239 1200 4287 componere
1222 4227 1287 4272 soliti
1306 4232 1389 4282 eratne

331 4295 453 4339 uteorum
469 4291 518 4336 vim
530 4292 574 4338 sibi
591 4292 643 4350 iper
653 4291 769 4337 invictum
781 4291 844 4337 lece
876 4292 901 4338 in
913 4291 1122 4352 luetuneglectrm
1132 4289 1392 4352 promissamqueflue·

331 4361 375 4402 ret.
660 4359 664 4370 '
717 4387 723 4400 .
876 4355 1030 4402 tesinebent.
1048 4354 1188 4416 Vidsuprr
1201 4353 1286 4402 tm
