3008 4908
424 218 517 279 ΗΒ.
539 215 597 279 ΙΙΙ.
623 217 727 280 CAP.
748 217 877 280 van.
1110 221 1165 280 201

129 381 224 444 undar
234 381 396 448 seditiones
409 393 557 448 emtores.
585 393 756 448 medentum
777 405 809 448 se
828 385 891 449 ruis
912 382 1065 468 lictoribus
1076 382 1313 467 feretranus

129 463 228 541 Quum
248 465 383 532 dilatum
409 483 532 556 tempus
553 469 677 556 injuriae
695 481 784 544 esset,
800 469 1058 570 secessissentque
1071 467 1207 532 adro-¹⁴*
1218 465 1245 512 ⁰·
1257 461 1311 511 ⁴⁴⁷·

127 551 181 615 cati
200 551 325 635 pueiiae,
339 553 460 640 pincuit
480 555 622 620 omnium
644 555 794 640 primum,
810 555 934 622 iratrem
953 553 1033 620 lcilti
1052 552 1168 618 fliium·

126 658 181 722 que
195 638 375 718 Numitorii,
391 641 534 726 inpigros
542 642 683 727 juvenes,
699 659 830 727 pergere
844 641 918 706 inde
932 653 1018 706 reete
1031 635 1073 705 ad
1094 659 1170 726 por-

126 735 194 801 tun,
207 738 248 801 et,
263 739 419 812 quantum
439 726 609 792 adcelerari
630 741 747 812 posset,
764 727 945 812 Virginitun
959 727 1056 791 adciti
1070 747 1089 790 e
1102 745 1170 790 cas-

126 808 183 872 tris
228 811 265 874 in
280 835 321 876 eo
336 813 414 878 uerti
428 812 545 898 puellae
559 813 702 892 salutern,
717 813 744 878 si
765 827 893 899 postero
916 813 970 877 die
988 811 1103 877 uindex
1118 812 1168 876 iu-

122 893 206 978 juria
229 896 271 961 ad
297 913 423 984 tcmptn
443 911 561 984 prauo
584 911 675 965 esset
726 899 810 965 Jussi
833 912 980 986 pergunt,
1006 897 1170 983 citatisque

124 982 203 1066 equis
222 985 376 1049 nuncium
396 983 436 1049 ad
458 1003 580 1069 patrem
599 985 772 1071 perierunt.
794 984 953 1063 ,¹⁰Quum
968 987 1099 1050 instaret
1112 983 1171 1048 ad·

125 1079 216 1130 uuor
237 1069 366 1154 pneiiae,
389 1083 422 1136 ut
443 1070 626 1149 uindicaret,
649 1089 878 1158 sponsoresque
899 1071 1006 1148 daret3
1028 1083 1122 1156 atque
1137 1070 1171 1134 id

124 1151 217 1236 ipsunt
232 1156 283 1241 agi
299 1153 421 1222 diceret
443 1156 561 1234 Icilius,
580 1157 690 1222 sedulo
711 1169 836 1242 tempus
858 1169 971 1234 terens,
987 1156 1065 1222 dunt
1087 1168 1201 1240 pree-¹·

124 1237 257 1322 ciperem
270 1243 333 1308 iter
348 1244 456 1308 nuncii
471 1244 558 1307 missi
579 1246 612 1308 in
634 1257 746 1320 castra,
763 1264 873 1308 nunnus
895 1242 1005 1307 totiens
1030 1241 1173 1342 undique

124 1324 297 1404 mititudo,
321 1341 355 1393 et
377 1351 410 1394 se
434 1331 567 1416 quisque
595 1343 741 1414 paratum
767 1327 808 1394 ad
833 1327 1053 1414 spondendum
1081 1326 1173 1392 iatiio

122 1413 288 1478 ostendere.
328 1417 436 1500 Atque
460 1414 514 1479 ille
537 1414 804 1494 lacrimabundus,
827 1417 956 1480 Gratum
979 1424 1035 1496 est,
1048 1411 1172 1498 inquit;

123 1501 249 1564 nuttina
263 1503 321 1565 die
335 1511 435 1566 uettm
448 1523 542 1584 opera
556 1511 640 1566 utar.
661 1523 835 1586 spumantem
848 1521 928 1565 nunc
940 1502 1018 1566 satis
1031 1509 1084 1565 est.
1122 1498 1172 1565 Ita

123 1582 293 1652 vindicatur
326 1586 484 1673 Virginis,
516 1587 760 1672 spondentibus
784 1587 979 1673 propinquis.
1034 1585 1173 1670 Appius,

124 1669 286 1758 muliisper
313 1687 463 1746 moratus,
491 1693 533 1738 ne
578 1673 626 1754 'us
654 1675 700 1738 rei
728 1695 838 1738 caussa
865 1671 980 1738 sedisse
1002 1671 1172 1749 uideretur,

123 1769 296 1910 nutu
312 1757 543 1929 tuetur
555 1695 1175 1929 instrui·

124 1941 311 1996 muratum
334 1933 418 2008 dent,
432 1891 525 2016 r’stque
533 1865 641 1996 eegttpaqm
661 1933 696 1996 in
717 1933 855 1998 uutodia
868 1931 1013 1996 Ιιαῠοαπι.
1060 1931 1173 2018 Inpro-

126 2011 191 2078 bum
216 2015 389 2082 consilium
413 2037 538 2118 sefunq
551 2031 586 2082 ut
609 2016 821 2120 d5b⁰3‘’.s¹.¹i.²²
855 2018 973 2104 etjam
996 2029 1174 2082 commeatu

124 2102 1175 2276 tttttitttit'ttttttttdt{trittttbm

162 2273 308 2340 XLVII.
330 2277 374 2340 At
388 2275 419 2338 in
436 2274 514 2340 urbe
527 2277 631 2360 primu
652 2275 732 2355 luce,
747 2293 846 2362 quum
865 2275 974 2340 civitas
988 2276 1020 2338 iu
1035 2273 1106 2338 foro
1118 2293 1308 2356 est-vtrgtntus

122 2361 312 2440 spunsione
325 2371 430 2426 erecta
444 2374 549 2438 staret,
569 2359 730 2510 Virqinius
743 2359 924 2426 sordidatus
938 2360 961 2400 ¹¹
970 2359 1068 2423 filiam
1083 2380 1172 2424 suasu
1181 2371 1225 2420 1¹⁰
1236 2359 1284 2406 nti·
1302 2424 1308 2436 ,

122 2443 258 2514 obsoleta
272 2459 370 2525 veste,
386 2445 637 2514 comitantibusa
652 2447 740 2533 iquot
753 2445 916 2522 matronis,
931 2465 1004 2510 cum
1020 2445 1045 2483 ¹²
1053 2445 1174 2533 ingenti
1180 2425 1325 2535 fflffi'

124 2530 327 2600 adsumtione
349 2533 381 2596 in
403 2532 506 2599 iorum
529 2532 669 2599 deducit.
715 2531 892 2598 Circumire
912 2531 957 2594 ibi
972 2543 1004 2596 et
1024 2549 1176 2618 prensare

124 2615 264 2687 bousims
283 2616 402 2704 coepit3
423 2631 456 2684 st
475 2639 541 2683 non
565 2639 656 2684 oratu
678 2621 781 2683 sotum
803 2617 979 2704 precariam
1000 2637 1105 2702 opem,
1120 2612 1176 2681 sed

105 2783 108 2790 Ι
123 2723 176 2786 pra
187 2705 300 2772 debita
314 2717 430 2788 petere,
444 2706 485 2770 Se
493 2727 555 2788 pro
565 2705 672 2769 tiberis
685 2725 786 2769 eonon
800 2725 838 2768 ac
850 2702 1025 2788 conjugibus
1039 2705 1178 2788 quotidie

126 2791 154 2854 ia
166 2795 231 2858 arie
241 2801 351 2857 staret
372 2811 427 2856 uec
439 2793 533 2856 aliurn
556 2793 653 2855 antem
668 2813 739 2867 este,
754 2789 839 2876 cupita
850 2799 971 2855 strenue
983 2789 1179 2874 wsuoeiter

115 2874 252 2956 fadaia
268 2877 347 2942 belin
357 2878 449 2960 pistre
464 2877 626 2942 memorari
633 2887 768 2960 putanti.
814 2873 901 2952 Quid
907 2877 1063 2959 prodesse,
1077 2877 1117 2955 ti,
1129 2877 1178 2940 iu-

124 2963 224 3029 rnintni
235 2963 322 3039 rebe,
338 2983 415 3046 pen,
425 2973 528 3046 capta,
541 2963 651 3027 ultima
664 2964 843 3042 timeantur,
854 2959 960 3027 liberis
969 2963 1033 3027 suit
1045 2962 1107 3027 tint
1114 2981 1179 3045 pa·

123 3049 252 3114 tt't‘ndss
277 3047 303 3088 ¹⁸
314 3047 398 3113 Haec
412 3069 512 3134 prope
526 3047 807 3112 contionabundus
821 3047 1010 3112 circumibat
1022 3046 1177 3112 homines.

126 3132 243 3200 Simssia
264 3133 316 3198 bis
339 3133 382 3198 ab
397 3133 488 3198 Icilio
503 3133 716 3222 jactabantur.
742 3133 912 3200 comitatus
932 3133 1094 3199 muiiebris
1106 3133 1179 3220 plus

124 3219 214 3286 tacito
227 3221 319 3296 flatu,
333 3241 428 3320 quam
445 3219 509 3284 ulia
522 3241 594 3298 nox,
609 3219 765 3286 monebat.
809 3218 972 3286 Adversus
985 3241 1058 3321 quas
1072 3221 1181 3286 omnia

125 3306 283 3372 &stinato
306 3325 413 3370 animo
435 3307 562 3392 Appius
584 3310 686 3391 (tants
709 3307 756 3370 vis
774 3305 922 3372 amentia
945 3326 1059 3384 vernus,
1083 3327 1179 3391 quarn

126 3394 247 3470 amaria
262 3405 402 3457 mentem
421 3392 616 3472 turbaverat)
632 3391 665 3456 in
679 3391 819 3457 tribuual
834 3392 1013 3458 escendit¹t
1036 3403 1078 3469 et,
1093 3390 1180 3458 ultro

126 3493 274 3562 querente
284 3498 387 3563 pauca
395 3478 538 3564 petitore,
551 3480 632 3563 qaod
633 3475 691 3562 jus
700 3477 761 3543 sibi
765 3480 876 3562 pridie
888 3477 914 3518 ¹⁴
916 3499 979 3562 per
986 3477 1180 3542 ambitionem

126 3565 233 3630 duwe
256 3587 319 3629 non
343 3575 429 3644 esset,
443 3565 625 3650 priusquam
642 3575 698 3628 aut
718 3563 772 3629 ille
791 3564 988 3650 postulatum
1001 3576 1179 3648 perageret,

125 3667 176 3716 tut
191 3649 340 3740 Virginio
363 3649 575 3736 respondendi
594 3648 725 3714 daretur
746 3650 846 3728 locus,
862 3650 987 3736 Appius
1001 3643 1178 3712 interfatur.

505 3759 629 3810 umdtt
638 3761 712 3810 Gran.
724 3761 794 3811 creas

157 3857 635 3922 10⁸Qsantaeterttessrrtarpae11oel
667 3859 726 3906 editt
747 3857 930 3920 ubentfliarn
950 3869 1032 3905 rtem
1073 3856 1180 3904 Gonno-

126 3925 203 3980 ernu
222 3927 243 3973 b
261 3927 305 3987 qui
320 3925 440 3972 umbnt
455 3923 593 3986 virginiam
609 3923 636 3969 in
667 3921 1024 3970 tiuntomnascndioesnattri.

128 3990 273 4049 urbam,
292 3991 393 4036 innuet
413 3989 491 4048 icitia,
508 3989 635 4035 utsede·
702 3983 1015 4050 ltingenttednncattone]
1033 3983 1180 4048 biemand-

128 4053 370 4103 mutuatus
384 4048 637 4115 pattatnjurepm·
669 4057 809 4100 vacaturam
817 4047 981 4097 muldmdine.

130 4117 239 4178 tmen,
253 4127 279 4165 et
293 4121 362 4166 taret
371 4117 414 4180 qui
430 4119 574 4179 spondmt
585 4117 636 4163 tore
701 4115 733 4163 ln
747 4113 1102 4178 flammentur}
1121 4114 1182 4163 ttae

130 4187 157 4225 ut
175 4189 313 4244 saponem
339 4181 379 4228 die
405 4182 528 4229 dotaretur
554 4193 637 4229 earam
668 4176 1133 4244 propetnconciontsntodurnjsctent.

132 4243 274 4296 Daunum
703 4243 734 4292 lb
750 4243 799 4290 Per
822 4243 979 4308 mutinensia]
1002 4244 1135 4307 captanda
1156 4243 1182 4290 tn

164 4309 189 4358 u
205 4313 294 4360 rutam
314 4311 393 4374 mant]
416 4313 565 4373 camputis,
584 4309 636 4358 An·
668 4307 940 4374 vulgusgntioectttta·

133 4371 202 4436 ἡκ,
216 4383 249 4436 et,
266 4383 328 4425 teste
340 4375 565 4436 tisanarium
577 4380 635 4422 vett.
