3008 4908
404 231 498 290 LIB.
520 227 578 290 111.
605 225 709 288 CAP.
731 221 843 286 LXIX.
1092 213 1150 284 2¹28

102 399 300 471 rimantem
318 397 471 480 pretend
476 413 555 478 pace
564 395 639 471 lati,
651 403 874 468 concernentes,
886 413 924 454 ea
934 393 997 456 otio
1005 389 1061 472 illo
1070 387 1155 453 brem
1162 413 1192 460 υ,
1204 409 1295 460 csso.

103 484 379 568 nultipleubellum
391 484 570 548 recturam.
614 479 679 544 His
694 501 748 564 ego
758 482 903 563 gratiora
918 479 1003 542 dictu
1012 478 1080 540 alia
1094 481 1192 540 esseA·
1204 477 1231 526 C·
1243 475 1298 525 ⁴⁴3*

12 575 13 578 ’
104 574 177 636 scio.-
200 573 255 635 scd
268 591 315 634 me
328 591 403 634 aera
414 589 476 652 pro
487 569 589 652 gratis
603 569 697 650 loqui,
720 576 749 630 et
769 568 798 630 si
819 587 912 630 meum
927 565 1080 651 ingenium
1095 583 1156 626 nou
1178 582 1180 588 ’

104 667 241 733 moneret,
257 655 426 720 necessitas·
433 658 523 738 cogit.
571 653 681 717 Vellem
691 654 827 736 equidem
838 652 922 716 vobis
925 655 1060 734 placere,
1079 649 1158 727 eri·

104 737 194 815 rites;
219 745 273 808 sed
294 743 389 806 multo
409 743 491 804 malo
515 760 566 803 aas
588 741 688 803 saluos
701 760 772 814 esse,
788 741 996 822 qualicumque
1017 759 1091 821 erga
1113 757 1159 800 me

105 829 319 915 animofirturi
338 829 419 892 estis.
465 826 591 890 Natura
612 827 668 888 ltoc
689 826 735 888 ita
750 836 955 908 cornpnratum
977 833 1030 898 est,
1046 833 1090 901 ut,
1104 824 1161 908 qui

106 919 187 998 apud
207 916 430 979 multimdinem
452 935 508 976 stra
529 933 634 976 canusa
656 913 800 994 loquitur,
813 913 939 994 gratior
952 933 987 975 eo
1011 912 1061 987 sit,
1077 911 1161 997 cujus

105 1023 183 1066 merse
193 1003 284 1076 nilril,
292 1009 410 1083 prater
415 1000 567 1082 ptsllicnm
578 999 768 1072 commodum,
781 999 872 1062 uidet.
887 999 952 1061 nisi
948 998 1041 1082 farte
1050 999 1161 1061 adsut-

106 1099 219 1152 tatores
232 1087 381 1170 publicos,
400 1085 566 1169 plebicolas
587 1086 670 1160 istos,
686 1086 740 1168 qui
752 1105 804 1148 oos
817 1105 872 1146 nec
894 1086 1037 1147 inarmis
1057 1104 1112 1146 nec
1126 1085 1160 1146 in

107 1177 167 1238 otio
181 1197 244 1238 esse
257 1177 371 1248 sinunt,
387 1182 487 1236 oestro
501 1193 552 1236 aas
562 1191 668 1234 canusa
683 1172 814 1233 incitare
824 1179 854 1233 et
863 1172 1021 1234 stimulare
1028 1171 1161 1252 putatis.

110 1261 273 1336 Concitati,
288 1260 476 1334 autumari,
493 1258 689 1342 autquastui
703 1257 768 1319 illis
787 1257 880 1319 estis.-
902 1265 932 1319 et
946 1258 1019 1339 quia
1040 1257 1073 1318 in
1092 1277 1162 1318 con·

108 1349 212 1410 radia
236 1347 376 1409 ordinum
402 1345 500 1408 nullos
522 1365 552 1408 se
577 1363 701 1426 nsquam
723 1363 784 1406 esse
805 1343 918 1416 vident,
941 1343 1031 1404 mola
1051 1343 1099 1404 rei
1119 1363 1161 1418 se,

12 1441 13 1470 ¹
110 1455 195 1516 mam
225 1433 348 1507 rrullius,
374 1430 530 1494 turbarum
559 1451 596 1492 ac
623 1428 813 1504 seditionum,
844 1430 931 1491 duces
959 1449 1021 1492 esse
1048 1430 1162 1492 volunt.

116 1519 250 1592 Quarum
261 1539 361 1581 rerum
375 1520 404 1580 si
418 1517 605 1580 eustadium
619 1516 740 1578 landem
755 1535 864 1596 capere
872 1523 984 1597 potest,
1001 1523 1029 1576 et
1036 1525 1165 1598 potrum

12 1679 13 1682 Ἴ
111 1615 277 1688 vestrosque
291 1605 433 1686 antiquos
453 1623 549 1664 mares
570 1602 661 1666 meltis
676 1621 738 1683 pro
758 1601 806 1664 nis
827 1602 914 1664 novis
933 1621 1056 1678 sunem,
1078 1603 1165 1664 nulla

111 1693 260 1773 supplicia
275 1711 398 1760 renam·
421 1689 484 1751 nisi
492 1688 603 1770 paucis
617 1686 719 1750 diebus
732 1687 786 1750 lios
804 1689 1004 1770 populatores
1023 1709 1166 1773 agronrm

112 1787 277 1842 nostrorum
288 1777 382 1860 sessos
391 1775 582 1858 fugatosque
595 1774 705 1836 castris
723 1793 843 1853 emmo,
858 1783 889 1838 et
902 1795 923 1835 a
934 1775 1036 1856 partis
1055 1776 1168 1838 oodric

112 1863 311 1946 arcadioque
324 1863 368 1924 ad
381 1862 501 1924 illorum
515 1859 602 1924 urbes
611 1859 689 1922 lunc
703 1859 775 1922 belli
787 1859 942 1938 terrorest,
959 1881 1017 1944 qno
1027 1881 1107 1924 nunc
1117 1881 1168 1925 uos

113 1950 247 2014 adtoniti
260 1949 343 2024 estis,
357 1949 551 2012 transtulero.
1030 1961 1036 1976 ⁸

154 2033 288 2098 LXIX.
312 2033 401 2098 Raro
415 2033 492 2098 uliae
506 2033 626 2098 tribuni
640 2033 803 2118 populeris
814 2035 916 2099 oratio
929 2036 1087 2122 acceptior
1100 2035 1167 2122 ple·

115 2121 156 2198 bi,
171 2141 267 2206 quem
289 2133 368 2184 tunc
388 2119 572 2184 severissimi
589 2117 817 2196 contabescit.
860 2121 1017 2186 luventas
1031 2145 1167 2210 quoque,

115 2227 184 2292 que
207 2207 291 2270 inter
313 2206 391 2270 tales
410 2219 512 2270 metus
531 2205 789 2270 detrectationem
805 2207 1038 2290 militiaehtelum
1055 2209 1170 2273 acerri-

116 2313 198 2358 mum
222 2292 372 2358 adversus
396 2291 505 2357 Patres
528 2293 641 2356 trabere
663 2291 851 2370 subtererat,
874 2315 962 2358 arma
981 2307 1013 2359 et
1030 2293 1170 2358 bellum¹¹

116 2379 291 2464 spectabat:
315 2392 347 2443 et
361 2379 531 2466 agrestium
558 2377 634 2466 fuga
655 2376 841 2464 spoliatique
862 2380 895 2442 in
917 2380 1001 2468 egris
1016 2394 1047 2444 et
1061 2380 1171 2444 vulne-

117 2467 182 2544 rati,
196 2465 335 2530 ioediors
356 2467 403 2542 iis,
418 2487 491 2551 quoe
511 2463 758 2550 subjiciebantur
779 2463 889 2542 oculis,
909 2465 1106 2542 nunciantes,
1122 2477 1171 2529 to·

117 2565 179 2616 tam
195 2552 307 2617 urbem
331 2553 378 2616 ira
401 2551 570 2636 inplevere.
615 2549 654 2614 In
676 2563 819 2614 senatum
837 2550 892 2614 ubi
911 2563 1037 2616 ventum
1053 2565 1109 2628 est,
1126 2551 1306 2636 ibicongeuae

115 2661 187 2704 vero
209 2639 244 2702 in
266 2638 455 2715 Quinctium
474 2658 585 2702 omnes
599 2636 690 2713 versi,
711 2649 747 2700 ut
768 2657 867 2700 unum
882 2638 1039 2702 vindicem
1059 2638 1244 2725 majos-in?-
1270 2707 1276 2718 ,

116 2726 186 2790 tutis
207 2725 362 2790 Romuuae
385 2724 518 2800 intueri;
541 2737 572 2788 ct
590 2723 901 2807 primores'Putrum
918 2727 1043 2810 dignam
1065 2707 1321 2820 diceressffifflm

116 2814 285 2876 concionem
311 2814 440 2894 imperio
463 2812 628 2886 emendari,
651 2811 776 2894 dignam
798 2819 844 2874 tot
863 2811 1065 2877 emundatione
1084 2822 1170 2876 ante-

118 2901 205 2975 actis,
221 2899 349 2982 dignam
370 2899 436 2962 uita
450 2899 543 2976 muni,
560 2898 657 2979 plenu
671 2898 817 2960 nonarum
837 2919 917 2981 sape
938 2907 1101 2982 gestoncm,
1117 2920 1174 2964 sae-

110 2987 185 3066 pius
197 2986 383 3048 meritorm
427 2984 516 3048 Alias
536 2984 670 3046 cumules
688 2993 744 3046 aut
762 3005 825 3066 per
843 2986 1051 3067 proditionem
1071 2988 1175 3072 digrei-

117 3073 189 3136 tatis
204 3073 337 3134 Patrum
355 3069 443 3153 plebi
465 3071 616 3146 adulatos,
632 3079 687 3133 aut
701 3070 807 3134 acerbe
827 3075 938 3135 tuendo
952 3070 1034 3156 juro
1056 3075 1177 3138 ordinis

117 3159 301 3240 asperiorem
331 3159 482 3220 mnenon
509 3157 732 3220 multitudinem
753 3157 910 3239 secisses=
929 3159 967 3224 T.
1001 3159 1177 3236 Qatnaim

117 3245 288 3308 orationem
311 3264 464 3308 mannen
486 3243 655 3329 majestatis
678 3245 820 3319 Patruus,
847 3247 1073 3331 concordiaque
1093 3248 1178 3310 ardi-

117 3351 200 3411 aum,
214 3341 245 3394 et
264 3340 430 3413 temporum
452 3330 609 3413 inprimis
626 3329 777 3394 habuisse.
824 3329 926 3396 Orare
940 3353 1004 3396 nrm
1018 3335 1177 3418 collegam·

118 3437 185 3500 que,
211 3425 247 3482 ut
275 3425 466 3499 mpesserent
490 3415 724 3498 rempublicam:
762 3437 852 3480 orare
879 3418 1026 3496 tribunos,
1056 3428 1090 3482 at
1118 3439 1179 3482 uno

118 3505 222 3568 animo
245 3523 311 3566 cum
334 3502 502 3566 consulibus
523 3502 629 3566 bellum
643 3502 683 3564 ab
697 3502 771 3567 urle
784 3525 822 3566 ac
837 3505 982 3570 manitus
996 3505 1181 3589 propulsari

118 3591 238 3665 cedent,
264 3587 441 3672 plebemque
466 3588 649 3662 obedientem
675 3589 708 3652 in
735 3611 769 3652 re
793 3599 857 3653 tam
880 3593 1004 3674 trepida
1030 3591 1181 3658 Patribus

114 3677 312 3756 mannent.-
335 3673 533 3757 “adpellare
556 3674 693 3738 tribunos
713 3695 891 3740 communem
915 3680 1063 3759 patriam,
1089 3678 1181 3740 auai-

119 3761 252 3846 linmque
273 3781 375 3824 eorum
398 3763 566 3844 inplorare,
589 3763 718 3826 uastatis
742 3763 838 3846 agris,
854 3763 928 3828 urle
943 3786 1044 3848 prope
1067 3763 1181 3848 obpug-

120 3857 207 3911 nata.
255 3846 420 3912 Consensu
442 3847 584 3911 omnium
607 3845 746 3912 delectus
769 3847 949 3916 decernitur
971 3849 1180 3936 habeturque.
1189 3877 1304 3925 nm,

122 3931 232 4008 Quam
260 3931 408 3996 consules
432 3932 465 3996 in
492 3933 644 3998 concione
668 3935 939 4019 pronunciassent,
966 3937 1095 4020 Tempus
1119 3944 1299 4002 nonhsbrtur·

121 4039 182 4084 esse
195 4019 222 4059 ⁸⁹
232 4041 357 4086 carusas
370 4022 568 4105 cognoscendi
577 4055 588 4094 ,·
613 4041 712 4086 omnes
721 4020 866 4105 juniores
875 4032 999 4104 postero
1013 4025 1065 4088 die
1073 4027 1182 4108 primu

460 4157 473 4195 ὓ
489 4157 569 4206 ndum
580 4165 604 4206 et
613 4173 679 4206 arma
690 4159 764 4206 Gran.
778 4160 848 4207 Crcv.

154 4283 341 4364 Sqdppelhre]
359 4287 485 4340 Nimirum
502 4293 640 4340 communis
671 4295 697 4342 di
714 4301 739 4340 et
755 4291 903 4358 dijudicandi
917 4311 1011 4358 musas,
1022 4300 1110 4360 quibus
1120 4297 1187 4360 quis·

126 4353 446 4414 mappellettn'buncs.
672 4361 816 4422 quetretus,
824 4362 1186 4414 sibiimmunitatemsmilitia

157 4411 310 4465 Si'curar
320 4419 480 4482 mgnumdl]
499 4421 641 4484 Disceptrn·
673 4425 851 4473 concedendam
867 4440 919 4474 erse
938 4431 1103 4478 contenderet.
1142 4427 1187 4474 Ni-
