3034 4916
475 141 570 205 trs.
591 116 646 204 us'
672 143 776 206 car.
796 141 914 205 xvur.
1165 153 1221 224 aa

159 306 241 374 dnm
255 317 333 387 erat,
345 327 454 374 serrem
472 307 628 384 videraut.
672 306 827 376 Militat-ia
840 323 937 396 opera
956 307 1364 398 pugnando'obau.c.tas.

157 396 234 460 unti
249 393 438 461 Alexandro
453 400 541 482 (nam
563 419 602 461 ea
621 417 748 483 quoque
768 395 855 463 haud
877 397 982 462 minua
1004 395 1123 462 clarum
1147 396 1365 464 cumbe-⁸¹⁷·

159 479 294 567 faciunt)
312 482 453 548 cessisset
465 483 610 548 videlicet
628 483 663 548 in
678 485 745 548 acie
759 476 883 548 oblatus
904 505 963 568 par
979 482 1121 556 Manlius
1137 484 1236 551 Tor-v

160 569 1220 741 attrituratramentareists

159 741 303 807 cessisset
312 740 457 829 Papirius
467 741 598 819 Cursor,
609 742 815 828 illocorporis
825 742 951 823 robore,
960 742 1141 810 illoanimi?
1155 747 1220 811 vic-

160 841 213 894 tus
227 840 308 894 esset
322 828 460 894 consiliis
469 829 595 916 juvenis
612 828 714 906 unius,
729 850 770 892 ue
784 829 926 916 singulos
942 831 1115 910 nominem,
1130 853 1219 898 sens-

156 929 214 980 tus
229 915 291 993 ille,
306 913 434 1002 “quem
450 915 506 1002 qui
520 938 558 980 ea
570 916 692 1001 regibus
712 924 852 980 constare
869 916 962 995 dixit,
978 938 1061 982 unus
1078 917 1104 958 ⁶⁴
1114 940 1218 984 veram

160 1002 298 1088 speciem
315 1001 453 1066 Romani
475 1013 599 1067 senatus
613 999 721 1088 cepit?
743 1000 783 1066 ld
796 1023 872 1066 vero
888 1016 957 1068 erat
976 1003 1164 1089 periculum,
1178 1027 1220 1071 ne

160 1087 316 1166 solertius,
332 1109 427 1176 quam
449 1086 582 1174 quilibet
596 1109 678 1154 unus
696 1109 737 1154 ex
757 1086 808 1166 iis,
821 1111 901 1176 quos
923 1090 1094 1169 nominavi,
1110 1091 1218 1157 castris

160 1173 269 1240 locum
291 1187 427 1260 caperet,
443 1187 637 1240 commeatus
660 1173 835 1260 expediret,
855 1174 896 1240 ab
915 1176 1039 1241 insidiis
1063 1199 1219 1262 praecava-

152 1275 222 1343 -ret,
238 1273 363 1348 tempus
376 1283 495 1349 pugnoe
509 1260 670 1352 deligeret,
685 1261 785 1326 aciem
807 1260 986 1343 instrueret,
1001 1263 1147 1328 subsidiis
1163 1263 1218 1328 fir-

162 1359 275 1414 marat.
307 1347 381 1413 Non
396 1369 469 1413 curn
483 1347 587 1416 Dario
601 1369 668 1414 rem
682 1370 750 1412 esse
763 1347 909 1414 dixisset:
928 1370 1033 1436 quern,
1047 1349 1218 1416 mulierum

160 1456 201 1500 ac
215 1434 393 1520 spadonum
414 1456 527 1522 agmen
548 1433 737 1512 trahentem,
752 1433 835 1500 iuter
856 1457 1029 1520 purpuram
1052 1449 1148 1523 atque
1161 1459 1218 1503 su·

161 1542 247 1598 rum,
264 1535 429 1610 oneratum
455 1520 592 1587 fortunae
612 1520 816 1606 adparatibus
837 1523 923 1598 suae',
939 1523 1080 1608 praedam
1104 1523 1218 1602 verius,

163 1631 260 1696 quarn
278 1607 415 1685 hostem,
429 1607 510 1672 nibil
531 1605 618 1672 aliud
662 1630 733 1672 uam
756 1607 837 1672 bene
856 1630 953 1673 ausus
974 1631 1055 1674 vana
1078 1623 1218 1675 contem·

162 1716 250 1772 nere,
267 1696 450 1760 incruentus
470 1693 597 1760 devicit.
628 1781 636 1796 ·
693 1715 754 1782 nge
768 1693 848 1794 alius
864 1695 976 1773 ltaliae,
984 1718 1093 1798 nquam·
1104 1697 1218 1799 ludim,

162 1780 1220 1953 bittit.ttlffitttlttttttttlttlt„atttriti

161 1967 197 2020 et
221 1955 296 2020 vesti
323 1953 353 2018 ia
375 1955 513 2020 recentia
537 1953 930 2032 consumendas&
955 1955 1128 2022 avunculus
1154 1957 1227 2043 ejus¹

163 2063 209 2106 nu
252 2064 268 2106 r
313 2040 373 2127 piri
390 2063 447 2106 rex
462 2039 643 2106 Alexander
657 2041 820 2106 absumtus
834 2053 911 2106 erat.

208 2063 344 2196 lleVlll.
368 2125 411 2192 Et
433 2125 594 2213 loquimur
615 2123 656 2191 de
674 2125 857 2192 Alexandro
883 2129 1025 2193 noudum
1049 2151 1152 2210 merso
1173 2153 1221 2196 se·

163 2214 277 2280 cundia
299 2216 401 2292 rebus,
427 2234 560 2298 quarum
586 2234 681 2278 neruo
706 2212 925 2278 intolerantior
950 2213 1017 2280 luit
1041 2216 1106 2300 qui,
1131 2216 1157 2280 si
1182 2239 1222 2282 ex

149 2301 275 2367 ¹habitu
297 2323 389 2366 novae
412 2298 549 2366 fortunae
563 2299 710 2386 novique,
728 2313 765 2364 ut
790 2299 834 2363 ita
857 2299 973 2378 dicam,
988 2301 1118 2389 ingenii,
1135 2303 1221 2388 quod

149 2387 226 2454 sibi
246 2388 348 2452 victor
374 2386 528 2463 induerat,
550 2399 719 2472 spectetur,
735 2385 839 2453 Dario
861 2385 963 2486 magis
984 2386 1104 2465 similis,
1126 2409 1222 2475 quam

148 2473 365 2551 Alexandro,
387 2472 421 2537 in
447 2472 572 2541 ltaliam
596 2472 798 2556 veritastet
822 2487 993 2538 exercrtum
1020 2471 1222 2540 Macedonica
1252 2471 1254 2478 ⁴

163 2560 300 2626 oblitum
314 2560 621 2647 degenerantemque
636 2559 705 2644 jum
719 2559 753 2622 in
771 2559 937 2624 Persarum
955 2580 1059 2624 mores
1073 2561 1223 2626 adduxis-

162 2659 224 2714 set.
269 2647 402 2712 Baferre
428 2647 460 2710 in
486 2659 575 2710 tanto
599 2666 674 2747 repe
701 2645 791 2732 piget
818 2644 985 2731 superbam
1017 2647 1223 2712 mutationem

163 2735 270 2816 vastis,
291 2746 323 2799 et
344 2732 534 2798 desideratas
554 2729 646 2796 buuu
670 2732 844 2819 jacentium
871 2730 1077 2811 adulationes,
1093 2731 1223 2800 “etism

149 2820 256 2886 -victis
286 2816 518 2885 Macedonibus
548 2839 672 2904 graves,
701 2819 817 2884 nedum
845 2817 1036 2896 victoribus3
1069 2832 1102 2885 et
1135 2819 1225 2886 loeda

164 2906 329 2994 supplicia,
345 2919 377 2972 et
397 2909 479 2972 inter
493 2905 602 2970 vinum
621 2916 653 2971 et
674 2904 783 2990 epulas
802 2905 904 2971 caedcs
924 2907 1109 2982 amicorum,
1125 2921 1157 2972 et
1172 2931 1224 2974 ra·

164 2995 299 3060 nitatem
325 2991 532 3058 ementiendae
556 2992 672 3078 stirpis.
716 2991 817 3070 Quid,
840 2993 866 3056 si
894 2992 956 3057 vini
980 3013 1072 3057 amor
1096 2993 1130 3058 iu
1156 2991 1225 3060 ‹liea

164 3081 257 3146 lieret
277 3076 403 3144 acrior?
424 3078 512 3180 quid,
528 3079 554 3142 si
576 3091 652 3144 trux
675 3099 713 3142 ac
737 3077 929 3163 proelervida
950 3076 1023 3144 ira?
1045 3083 1118 3164 (nec
1132 3079 1226 3166 quid·

165 3188 263 3254 quam
281 3165 414 3232 dubium
435 3177 519 3230 mter
540 3166 602 3230 scn'
626 3180 710 3230 tores
732 3165 848 3247 resero)
864 3165 993 3230 nullane
1016 3164 1087 3230 haec
1109 3165 1227 3232 damna

166 3252 377 3342 imperatoriis
401 3250 569 3318 virtutibus
614 3249 763 3318 uciruua?
789 3250 828 3316 Id
855 3274 930 3318 vero
950 3250 1127 3338 periculum
1149 3266 1225 3331 erat,

499 3408 508 3441 ¹
519 3423 567 3458 Μ
577 3409 725 3473 morabar
735 3409 810 3456 (ison.
822 3409 891 3457 cres.

163 3555 288 3606 edidimus
302 3557 331 3614 tr,
348 3559 390 3606 ubl
408 3557 500 3618 vulgati
519 3557 610 3605 bahem
625 3556 679 3613 deo,
712 3555 836 3604 mxlll.
848 3554 888 3604 dl.

162 3623 353 3671 auctoriate
371 3621 681 3682 antiquissimincstrlco·
744 3620 777 3668 dd
797 3620 1119 3684 Vmspatmltoant
1137 3625 1230 3670 maes

162 3688 235 3745 dtas,
251 3687 282 3732 sd
308 3701 382 3748 quem
409 3686 522 3734 alludunt
547 3687 598 3742 alii,
625 3693 679 3734 tuns
711 3683 782 3748 capu]
816 3683 883 3732 Vera
900 3687 946 3734 sub
964 3687 1070 3747 imagine
1088 3688 1229 3734 Romanum

162 3751 361 3810 Gmnoviarum
381 3751 450 3799 nobis
465 3751 568 3806 acuat.
583 3751 608 3798 ln
625 3751 679 3813 qul·
711 3755 823 3798 senatum
844 3750 891 3797 atti
911 3749 1038 3798 exhibuite
1056 3763 1138 3797 umam
1161 3763 1230 3798 sens-

164 3817 212 3864 but
223 3815 313 3876 legitur
321 3815 365 3864 lii.
393 3813 680 3877 Nimirumelttsump·
712 3821 753 3861 tus
772 3813 876 3862 Romani
896 3815 1019 3863 notionem
1038 3821 1163 3862 macutus
1184 3823 1230 3861 est.

162 3888 219 3928 tum
236 3878 454 3940 promiscumeri
469 3881 562 3941 peperit
575 3893 680 3928 eroum
713 3879 753 3926 Sic
773 3879 860 3928 Horat.
880 3877 1158 3928 8ι1.3.1.11.ν.108.
1183 3877 1231 3934 Qus

163 3945 270 4006 eruam
290 3945 416 3994 toeaontss
434 3957 488 4005 que
508 3945 609 4006 quidem
628 3957 681 3992 ma·
712 3945 795 4003 aare
812 3943 871 3990 atta·
889 3943 1124 4004 osrtr....crptet.·
1140 3943 1230 3999 idest,

163 4009 253 4057 uiieste
276 4010 363 4058 vitiosa
389 4016 434 4058 est.
466 4007 525 4056 Nou
545 4010 612 4056 enim
635 4009 681 4056 soll
712 4007 755 4066 qui
765 4007 884 4069 imagines
899 4005 1175 4063 renrm,siuenotiones
1184 4007 1231 4054 sibi

161 4075 223 4131 duc,
235 4074 278 4120 sed
296 4075 346 4121 lere
362 4085 448 4122 omues
462 4073 481 4120 il
496 4073 539 4134 qul
554 4086 680 4122 mansera-
715 4071 789 4132 linget
799 4073 1012 4121 demereris

163 4135 435 4201 mandamaes«
450 4137 582 4186 cantuum
597 4151 681 4186 senem
746 4135 779 4184 65
794 4136 879 4183 Etim
899 4137 967 4186 rictu
988 4135 1154 4184 Macedonibus
1171 4151 1231 4198 gra·

163 4203 284 4250 aldamt.
714 4201 764 4265 res]
797 4201 863 4255 Quas
886 4201 1154 4260 Marcomannes
1173 4201 1232 4248 visti

197 4265 321 4322 811οκ111
338 4269 379 4328 'pat
396 4281 426 4315 ae
444 4267 547 4333 regibus]
568 4268 616 4318 llic
635 4267 682 4314 tuit
714 4266 826 4322 tuimur,
836 4273 936 4331 musta
952 4267 1073 4324 tulissent,
1085 4267 1176 4314 nedum
1191 4277 1233 4314 ear

163 4329 261 4392 Cineas,
273 4331 546 4394 cantassemus.
575 4331 695 4400 Vidin-¹
715 4331 816 4379 tolerare
826 4332 1045 4392 posuntvictorer.

752 4393 832 4460 ult
