2978 4918
450 191 543 284 ara.
568 191 626 250 nr.
656 192 758 254 car.
782 195 833 253 vr.
1097 199 1175 266 aras

115 357 193 422 ultus
213 363 264 422 eat
286 354 427 422 cedem.
448 377 572 445 magne
586 355 690 436 clades
705 357 790 422 ultro
809 357 962 444 citroque·
976 357 1037 425 illis
1062 357 1173 426 diebus
1182 379 1250 430 uo.
1263 379 1319 428 reo.

115 441 263 508 etinlatae
279 455 313 508 et
327 453 479 528 acceptae.
522 441 661 510 Difficile
675 443 716 509 ad
730 444 825 510 iidem
845 460 892 510 est
906 447 939 508 in
962 459 1026 510 tam
1044 443 1319 533 antiquam-⁴⁶2

115 551 154 606 re,
176 544 264 616 quot·
281 528 497 617 pugnaverint
510 529 729 609 ceciderintve,
751 543 866 596 exacto
880 531 1048 597 adfirmare
1064 555 1174 598 nume-

115 639 156 681 ro.
171 615 273 681 audet
288 630 399 681 tamen
414 615 440 658 ¹⁷
448 617 561 680 Antias
575 616 721 682 Valerius
736 617 903 702 concipere
914 641 1062 685 summas.
1109 620 1174 686 Ro-

116 725 223 767 manos
246 701 401 768 cecidisse
421 701 454 766 in
481 701 621 768 Hernico
640 723 719 790 agro
734 705 874 791 quinque
888 705 988 770 millia
1000 729 1038 771 ao
1053 719 1174 772 trecen·

117 805 177 853 tos:
200 812 246 856 ex
273 787 506 874 praedatoribus
527 786 721 874 AEquorum‚
746 791 801 876 qui
819 791 1039 876 populabundi
1053 793 1087 856 in
1102 791 1175 856 fini·

115 875 169 940 bus
187 875 347 940 Romanis
362 874 569 962 vagabantur,
585 875 626 940 ab
638 877 678 941 A.
693 877 858 941 Postumio
873 878 1004 943 consule
1018 879 1084 943 duo
1103 879 1175 944 mil·

115 961 154 1028 lia
177 961 225 1027 et¹
248 962 499 1048 quadringentos
521 984 635 1026 caesos:
658 975 793 1028 ceteram
820 963 1069 1044 multitudinem,
1091 987 1174 1052 proe·

115 1049 186 1114 dam
202 1062 364 1134 agentem,
389 1070 461 1136 quae
476 1047 621 1112 inciderit
636 1049 669 1112 in
685 1047 883 1126 Quinctium,
903 1073 1100 1138 nequaquam
1117 1073 1174 1137 pa·

115 1135 141 1199 ri
154 1134 340 1200 defunctam
362 1157 428 1198 esse
453 1133 549 1200 caedo.
571 1133 735 1199 interfecta
750 1135 826 1200 inde
840 1151 977 1222 quatuor
998 1136 1107 1213 millia,
1130 1152 1173 1216 et,

114 1221 318 1308 exsequendo
332 1220 490 1285 subtiliter
502 1243 683 1299 numerum,
709 1221 873 1296 ducentos,
895 1223 948 1299 ait,
975 1237 1007 1288 et
1032 1224 1173 1310 triginta.

116 1306 139 1347 ¹⁸
151 1308 225 1374 Utl
242 1307 381 1372 Romam
396 1305 531 1372 reditum
548 1305 596 1372 et¹
612 1307 769 1393 justitium
793 1307 955 1373 remissum
977 1321 1033 1386 est,
1057 1307 1173 1374 coelurn

115 1395 215 1460 risum
231 1407 280 1458 est
294 1391 407 1457 ardere
421 1392 557 1478 plurimo
573 1393 657 1479 igni;
681 1406 890 1480 portentaque
912 1395 975 1459 alia
991 1407 1045 1460 aut
1061 1394 1175 1460 obver-

114 1493 183 1546 sata
197 1479 313 1557 oculis,
339 1493 395 1545 aut
418 1502 512 1544 vanas
533 1479 693 1544 exterritis
715 1495 913 1546 ostentavere
934 1482 1063 1566 species.
1109 1481 1175 1547 His

114 1565 294 1632 avertendis
309 1565 482 1630 terroribus
498 1567 528 1628 in
545 1565 686 1630 triduum
696 1565 782 1631 feriae
797 1567 933 1644 indictae,
949 1589 1007 1652 per
1018 1591 1096 1654 quas
1107 1590 1175 1632 om-

113 1654 168 1718 nia
187 1651 324 1717 delubra
345 1652 489 1736 ¹⁹pocem
512 1650 619 1716 Deum
642 1655 879 1737 exposcentium
901 1655 1041 1718 virorum
1064 1653 1176 1720 mulie-

114 1761 252 1828 rumque
261 1738 357 1804 turbs
369 1737 582 1822 inplebuntur.
616 1737 994 1804 CohortesindeLatinae
1006 1741 1176 1806 Hernicae-

138 1850 178 1891 ue
198 1826 241 1891 ab
257 1838 381 1902 senatu,
404 1825 514 1912 gratiis
533 1823 576 1888 ob
597 1822 754 1910 inpigram
770 1825 914 1891 militiam
932 1827 1021 1904 actis,
1037 1828 1176 1892 remissae

114 1849 239 1978 domos.
285 1911 443 1986 Antiates,
458 1908 544 1974 mille
559 1909 682 1989 milites,
697 1911 724 1950 ²⁰
733 1911 807 1998 quia
820 1929 924 1978 serum
935 1912 1088 1979 auxilium
1103 1925 1177 1999 post

114 1999 268 2084 proelium
285 2010 437 2062 venerant
444 2007 470 2074 ¹³,
487 2017 587 2146 prope
601 2018 674 2061 cnm
689 1997 864 2100 ignominis
877 1999 1006 2063 dimissi.

159 2085 219 2150 Vl.
245 2083 387 2150 Comitia
401 2081 475 2148 inde
513 2083 607 2148 abita.
623 2097 720 2148 creati
734 2085 879 2150 consules
901 2085 940 2149 L.
956 2083 1175 2164 AEbutiusR
1185 2108 1214 2156 υ.
1224 2107 1251 2154 e.
1263 2108 1317 2157 est.

114 2171 271 2237 Servilius
294 2168 448 2236 Kalendis
473 2168 654 2247 Sextilibus,
684 2183 720 2236 ut
743 2184 819 2236 tuno
849 2171 1040 2256 principium
1063 2171 1320 2238 ”ansteo-⁴⁶1·

112 2259 282 2345 agebatur,
298 2254 495 2322 consulatum
507 2256 627 2320 ineunt.
673 2256 781 2322 Grave
795 2271 919 2343 tempus
934 2272 966 2322 et
979 2258 1061 2325 lorte
1074 2281 1177 2325 annus
1186 2237 1214 2348 ll:
1226 2237 1337 2348 Q*

112 2343 266 2430 pestilens
281 2355 348 2409 erat
358 2341 434 2406 urbi
448 2341 603 2430 agrisque,
616 2364 675 2406 nec
689 2340 870 2408 hominibus
885 2344 995 2431 magis,
1011 2367 1106 2432 quam
1121 2367 1176 2431 pe·
1186 2366 1255 2414 coss.

113 2431 199 2506 cori;
223 2442 256 2496 et
271 2451 389 2495 auxere
404 2428 467 2492 vim
481 2428 595 2509 morbi,
609 2427 636 2465 ²²
645 2439 765 2494 terrore
779 2428 994 2515 populationis
1008 2430 1177 2515 pecoribus

112 2518 358 2604 agrestibusque
382 2514 416 2579 in
439 2513 550 2578 urbem
575 2514 723 2599 acceptis.
767 2513 817 2580 Ea
836 2513 984 2579 conluvio
1003 2517 1175 2581 mixtorum
1186 2541 1264 2590 Μ.

113 2604 219 2668 omnis
244 2602 372 2692 generis
398 2599 607 2666 animantium
631 2611 664 2666 et
687 2599 786 2665 odore
809 2599 937 2664 insolito
967 2601 1114 2680 urbanos,
1145 2607 1279 2669 eiusne.

111 2701 276 2778 agrestem
297 2686 476 2755 confertum
497 2687 532 2751 in
553 2699 622 2753 arta
643 2698 744 2763 tecta.
757 2700 835 2752 aestu
851 2709 887 2750 sc
902 2686 1017 2770 vigiliis
1031 2688 1178 2776 augebat,

114 2775 354 2862 ministeriaque
376 2773 411 2838 in
431 2773 529 2838 vicem
554 2795 591 2838 ao
614 2771 798 2861 ¹³contagio
812 2773 881 2859 ipsa
903 2773 1077 2862 vulgabant
1091 2797 1177 2840 mor-

113 2861 183 2928 bos.
229 2861 297 2928 Vix
312 2862 464 2928 instantes
479 2859 704 2924 sustinentibus
718 2858 822 2926 clades
835 2873 967 2946 repente
981 2861 1078 2950 legati
1094 2863 1179 2926 Her-

145 2995 334 3052 monassa.
433 2981 670 3049 *narrasses
768 2983 1179 3066 ¹a1.m'.·jmnnmrmes0m.

115 3066 206 3116 σει..
216 3067 340 3116 masa
440 3067 460 3098 ι
475 3065 652 3114 moron.

150 3196 181 3244 tt
207 3199 296 3246 Anttar
320 3197 442 3262 rueram]
473 3197 636 3245 Historiarum
702 3192 1179 3260 19⁸Pacsntcum1vtanosu.att

118 3263 228 3323 wipton
248 3263 359 3312 strenae
377 3263 489 3324 equalis,
506 3268 568 3309 teste
578 3259 637 3306 Vel·
670 3259 708 3308 16.
717 3273 796 3320 supra.

114 3324 256 3382 tetam.
276 3329 334 3376 ot.
368 3326 439 3374 Vixit
458 3341 515 3388 ergo
535 3325 638 3388 Syllanis
702 3325 735 3372 20
752 3323 898 3378 Οιῦαιιηιιιι
912 3321 1180 3373 momume-

118 3395 277 3452 temporrbur.
312 3390 375 3452 Ejus
395 3405 457 3452 opus
473 3403 569 3452 magne
585 3403 638 3436 mo·
669 3386 735 3451 raet]
759 3389 798 3436 Sic
816 3389 952 3448 complures
970 3388 1072 3448 scriptos
1092 3389 1182 3436 hebere

118 3455 214 3518 mint,
232 3455 407 3522 cujuslibrum
419 3455 526 3503 txxv.
539 3467 633 3502 memo·
666 3455 771 3500 affirmat
790 3454 939 3502 Gronoviusr
962 3457 987 3498 et
1005 3458 1102 3498 servm
1121 3466 1182 3512 qua·

119 3515 634 3582 nttlellius,V11.9.Suspeetaejusfidee
666 3525 722 3565 tuor
743 3517 818 3578 regiis
844 3517 932 3564 metim
950 3529 1033 3578 quam,
1056 3522 1085 3562 ut
1106 3517 1180 3580 vulgo

120 3593 156 3631 est
166 3587 243 3645 Livio,
262 3589 306 3650 qul
324 3600 385 3635 eum
400 3585 480 3645 argrrit
490 3583 516 3630 ln
527 3583 634 3630 numeria
666 3583 755 3637 edittae,
766 3587 866 3629 vmrat.

121 3655 231 3711 agendis
248 3650 529 3714 intemperantiasimum
549 3647 634 3700 tuisse,
700 3646 730 3694 21
747 3645 826 3710 Anna]
850 3646 1005 3701 con-manee
1027 3657 1076 3691 non
1092 3646 1189 3702 cirille‚·

121 3711 527 3775 lxxxvneauatqueeuam
535 3712 635 3758 menda
667 3710 738 3775 cujus
763 3711 862 3759 initium
888 3723 984 3770 semper
1010 3723 1024 3756 a
1055 3709 1179 3758 Januario.

121 3777 149 3826 eii
158 3783 226 3842 plane
236 3785 350 3841 acessit,
363 3776 469 3826 XXVI.
479 3776 519 3823 49.
667 3777 776 3836 'tempus
792 3783 875 3823 autem
893 3774 991 3820 solenne
1006 3773 1118 3822 metandis
1128 3787 1181 3821 ma·

150 3845 179 3896 ts
192 3849 252 3898 Inde
262 3849 370 3898 Bonnam
384 3841 487 3890 nutam
502 3845 553 3888 ert:
562 3840 636 3903 justi·
667 3840 808 3904 gistradbus
825 3841 931 3887 multum
944 3836 1045 3884 variavit
1061 3852 1138 3899 usque
1149 3841 1181 3888 ad

115 3909 169 3962 ΙΙιιι
192 3913 331 3978 emmam]
360 3908 455 3967 mque
479 3905 634 3966 scriptorum,
668 3917 761 3953 annum
770 3903 898 3952 urbisdltfl·
911 3900 1181 3958 (vid-infreffllivll.
1214 3949 1224 3960 ,

111 3979 157 4030 aire
167 3982 403 4034 Gronorianorum,
421 3970 472 4018 rire
487 3977 635 4025 nostrorum,
667 3967 721 4030 36.)
738 3983 787 4031 quo
797 3975 929 4023 statutum,
946 3970 974 4011 ut
990 3965 1044 4012 Kal.
1056 3965 1181 4016 Jenumllr

109 4059 207 4099 muer
225 4046 377 4096 Numam
387 4035 440 4084 CC.
455 4037 498 4090 ait,
510 4037 532 4080 ct
542 4033 635 4082 XXX.
668 4034 778 4083 eonsules
788 4034 885 4079 inirent.

110 4113 140 4164 Ue
154 4117 259 4166 Rom„
278 4107 394 4157 reditum
408 4106 452 4156 eet,
462 4099 585 4162 justiliam
600 4111 636 4145 rr·
699 4099 731 4147 22
753 4096 851 4144 Terrore
865 4093 1034 4158 populationis]
1060 4098 1181 4158 Anum,

103 4184 248 4234 mm,
286 4171 366 4221 Unde
388 4165 526 4224 auspicatur
543 4163 635 4210 Grono·
668 4163 789 4224 Sigonius,
811 4167 837 4208 et
858 4166 907 4207 tres
925 4171 957 4206 ex
976 4158 1045 4208 MSS.
1070 4160 1180 4217 lieernll.

101 4251 165 4300 m„
182 4233 363 4306 ,gamardo
374 4229 635 4288 munumentum,
668 4231 773 4275 mma.
1059 4271 1061 4276 ,
1162 4231 1173 4248 ’

100 4317 143 4367 cc,
155 4291 633 4372 att‚etXXXVI·Romrcditunr,
700 4290 732 4340 ta
749 4289 935 4352 empsim]
954 4291 1094 4342 θουῑιεῒυι.

96 4361 453 4453 „mmmm
