3034 4916
261 237 264 246 =
347 211 403 277 ⁵9⁸
746 203 857 264 TlTl
884 201 1019 264 LlVll

185 381 214 494 H.
226 381 252 494 g
265 380 322 495 gg:
347 391 419 520 gem
445 369 640 519 νὶςὲίηιατειιαπι
666 366 1007 517 documentodceteris'v
1025 366 1190 516 sumbus
1214 365 1400 516 abnegarent.

170 519 172 524 ι
349 475 547 606 ncllnlnilldlid1²3
539 539 580 604 ab
600 475 650 602 idi¹
652 465 864 617 mildlldleffia
882 465 1114 615 dtiecsffiinlgul³
1121 465 1181 602 viir
1181 464 1290 602 ¹diuellat
1312 474 1400 624 w

350 641 429 702 rent,
455 625 557 692 donec
579 645 633 689 sex
657 625 736 690 eoim
761 625 895 690 millium
928 647 1093 690 numerum
1123 622 1337 689 confecissent.
1364 645 1401 688 en

350 711 434 798 legio
453 711 582 777 linteata
604 710 645 775 ab
666 712 882 800 integumento
896 711 1051 796 consepti,
1066 732 1129 796 quo
1143 724 1265 775 sacrata
1287 709 1402 774 nobili·

349 812 398 863 tas
415 810 492 875 erat,
508 795 665 884 adpellata
678 810 733 863 eat.
779 797 843 862 Hie
863 805 952 862 arma
966 797 1102 882 insignia
1119 796 1204 872 data,
1219 809 1251 860 et
1264 797 1403 860 cristatae

350 883 459 968 galee,
475 895 511 950 ut
529 885 611 949 inter
630 895 749 949 ceteros
762 883 945 948 eminerent.
990 883 1104 948 Paullo
1119 882 1189 968 plue
1204 882 1318 970 uiginti
1332 883 1401 945 rnil-

350 971 428 1037 linm
453 969 532 1036 alias
557 971 712 1034 exercitus
738 967 806 1046 luit,
831 991 890 1033 neo
915 989 1083 1054 corporum
1108 968 1221 1054 specie,
1244 989 1308 1032 nec
1331 967 1401 1054 glo-

352 1057 399 1121 ria
420 1055 505 1133 belli,
529 1077 586 1120 uec
609 1055 764 1140 adparatu
790 1054 928 1120 linteatae
946 1055 1063 1144 legioni
1083 1055 1199 1140 dispar.
1221 1052 1403 1120 biolronri-

351 1163 428 1294 gum
454 1161 615 1222 numerus,
639 1141 725 1228 quod
751 1139 873 1206 roboris
897 1153 977 1218 erat,
1004 1143 1042 1206 ad
1065 1140 1269 1228 Aquiloniam
1292 1161 1403 1206 conse·

376 1243 411 1292 rt.

209 1324 317 1370 insutum
395 1315 556 1380 XXXIX.
581 1315 734 1380 Consules
758 1313 889 1400 profecti
914 1316 955 1379 ab
980 1315 1075 1380 urbe:
1098 1315 1185 1401 prior
1210 1314 1265 1399 Sp.
1290 1313 1403 1379 Carri-

206 1398 273 1434 ³⁸¹³¹¹
352 1401 424 1482 lius,
438 1402 490 1466 cui
515 1418 631 1466 veteres
653 1401 801 1490 legiones,
816 1423 893 1487 quas
916 1400 963 1466 Μ.
980 1401 1108 1478 Atilius,
1130 1400 1302 1485 superioris
1328 1403 1403 1465 anni

249 1485 256 1500 '
352 1487 472 1566 consul,
489 1489 520 1551 in
540 1509 619 1576 agro
641 1487 853 1552 Interamnati.
871 1487 1051 1573 reliquerat,
1066 1487 1200 1552 decretae
1214 1501 1316 1563 eraut,
1331 1509 1404 1552 cum

352 1574 397 1638 eis
422 1573 455 1637 in
483 1573 648 1640 Samnium
662 1573 831 1659 profectus,
846 1572 922 1638 dnm
945 1572 1061 1650 hostes,
1074 1573 1231 1659 ⁵⁹operati
1252 1573 1405 1659 supersti-

353 1660 501 1736 tionibus,
526 1658 660 1724 oonoilia
684 1671 803 1724 secreta
825 1675 933 1746 agunt,
960 1661 1157 1724 Amiternum
1183 1659 1338 1745 oppidum
1364 1657 1406 1723 de

354 1745 546 1812 Samnitibus
562 1746 593 1809 vi
614 1747 708 1831 cepit.
753 1744 845 1810 Caeaa
859 1743 902 1808 ibi
919 1744 1017 1809 millia
1035 1747 1198 1812 bominum
1220 1746 1288 1826 duo
1308 1745 1404 1810 ferme

352 1847 447 1918 atqua
465 1832 657 1918 octingenti:
679 1845 772 1917 capta
785 1843 922 1932 quatuor
935 1830 1033 1896 millia
1047 1831 1174 1897 ducenti
1194 1831 1406 1983 septuaginta.

1334 1939 1407 1982 uro·

355 1918 505 2002 Papirion,
522 1939 605 1981 novo
619 1919 759 1982 exercita
783 1922 842 2002 (tta
863 1916 1025 1982 demetam
1047 1919 1128 1999 erat)
1151 1917 1281 2003 scripto,

353 2004 438 2067 niam
454 2003 565 2067 urbem
587 2003 790 2090 expugnavit.
813 2001 928 2079 minua,
949 2023 1045 2090 quam
1058 2003 1190 2092 college,
1206 2003 1290 2090 oepit
1303 2003 1408 2068 homi·

354 2111 440 2166 num,
456 2089 527 2174 plus
546 2089 708 2176 aliquanto
722 2087 848 2154 occidit.
871 2088 980 2174 praeda
998 2089 1149 2173 opulenta
1168 2090 1341 2176 utrobique
1360 2103 1409 2156 est

353 2189 453 2260 parta.
498 2173 579 2239 lnde
601 2175 765 2262 pervagmi
791 2175 954 2240 Samnium
977 2175 1131 2254 consules,
1152 2177 1289 2240 maximo
1310 2175 1409 2262 depo-

354 2261 462 2346 pulato
478 2261 608 2326 Atinate
627 2283 714 2350 agro,
731 2259 888 2326 Carvilius
913 2261 953 2326 ad
979 2261 1173 2343 Cominium,
1199 2261 1346 2347 Papirius
1368 2262 1410 2327 ad

355 2347 558 2432 Aquiloniam
576 2347 644 2431 (ubi
656 2347 834 2412 summersi
846 2347 1037 2412 Samnitium
1053 2351 1133 2431 erat)
1151 2349 1304 2434 pervenit.
1324 2348 1352 2390 ω
1366 2349 1410 2414 ibi

354 2433 548 2519 aliquamdiu
562 2455 621 2497 uec
636 2445 788 2497 cessatum
800 2433 841 2498 ab
851 2435 946 2498 armis
960 2447 1018 2515 est,
1033 2456 1054 2498 n
1095 2455 1134 2499 ue
1148 2435 1270 2500 naviter
1284 2456 1410 2524 pugna-

351 2517 439 2585 tum:
462 2519 644 2584 lacessendo
667 2520 800 2605 quietos,
816 2519 1030 2585 resistentibus
1103 2520 1197 2598 endo,
1211 2520 1411 2587 comminan-

354 2606 459 2692 doque
481 2605 590 2692 magis,
614 2627 708 2705 quam
730 2605 892 2670 inferendo
913 2627 1063 2694 pugnam,
1086 2605 1154 2672 dies
1174 2606 1411 2674 absumebatur.

355 2693 439 2777 quod
456 2713 554 2778 quum
571 2692 770 2776 inerperetnr,
786 2691 1070 2780 remittereturque,
1085 2693 1227 2758 omnium
1241 2715 1351 2759 rerum
1364 2707 1412 2759 et·

355 2779 417 2841 iam
431 2799 599 2879 paruarum
613 2791 740 2878 euentus
752 2775 969 2878 proferebatur
978 2779 1012 2844 in
1023 2778 1098 2845 dies.
1134 2779 1247 2846 Altera
1262 2779 1414 2846 Romana

355 2863 1039 3037 {liliatil0l¹¹22‘...⁵.ll¹⁰..tit.‘5.¹l.
1060 2865 1414 3020 tibitibi}

358 3033 525 3112 Carvilius,
542 3057 606 3120 quo
620 3036 740 3122 majore
753 3035 934 3102 discrimine
949 3060 998 3104 res
1011 3035 1202 3117 vertebatur,
1218 3039 1252 3104 in
1273 3040 1305 3104 A
1330 3039 1362 3104 u'
1375 3061 1414 3104 o·

357 3122 453 3198 niem,
476 3121 625 3208 quemad
642 3120 834 3200 Cominium,
846 3125 931 3210 quod
946 3124 1120 3202 obsidebat,
1134 3137 1210 3191 erat.
1257 3123 1298 3190 L.
1306 3062 1413 3210 l‘api·

358 3207 434 3288 rius,
450 3208 511 3272 'am
532 3228 589 3292 per
608 3209 714 3272 omnia
729 3207 770 3272 ad
785 3209 1001 3275 dimicandum
1016 3211 1091 3277 satie
1105 3221 1245 3296 paratus,
1257 3211 1413 3276 nuncium

357 3293 397 3359 ad
409 3317 447 3359 co
462 3293 562 3381 legam
573 3293 688 3370 mittit3
710 3295 770 3360 sibi
784 3297 818 3358 in
829 3299 932 3360 animo
942 3319 1012 3373 ease,
1022 3307 1146 3380 postero
1156 3299 1217 3374 die,
1232 3300 1331 3381 siper
1341 3319 1414 3362 orta-

352 3383 440 3463 picio
455 3383 568 3458 liceret,
584 3381 746 3468 confligere
755 3403 819 3446 mum
833 3383 925 3447 loste.
961 3383 1046 3466 Opus
1055 3405 1126 3461 esse,
1142 3393 1172 3448 et
1185 3385 1282 3460 illmn,
1293 3393 1415 3468 quam

357 3468 490 3530 monimo
505 3467 537 3530 oi
544 3478 657 3549 posset,
672 3469 839 3533 Cominium
854 3468 1037 3554 obpugnare,
1053 3491 1091 3534 ne
1102 3471 1180 3554 quid
1192 3471 1358 3534 maruntii
1370 3472 1413 3534 ait

358 3553 541 3618 Samnitibus
555 3555 600 3616 od
611 3553 747 3618 nebridio
758 3547 957 3637 Aquiloniam
970 3557 1129 3620 mittendo.
1171 3554 1268 3620 Diem
1280 3555 1321 3620 od
1336 3575 1413 3640 pro-

358 3637 561 3703 ficiscendum
582 3639 716 3703 nuncius
734 3638 861 3704 habuit:
883 3652 977 3705 nocte
998 3640 1102 3718 rediit,
1117 3641 1295 3741 adprobare
1315 3639 1414 3705 colle

359 3747 431 3807 gam
458 3721 603 3789 comulta
624 3723 767 3789 referens.
813 3725 968 3810 Papirius,
989 3727 1107 3792 nuncio
1129 3749 1233 3804 musso,
1248 3725 1415 3810 extemplo

359 3811 544 3876 concionem
559 3809 685 3888 hebuit3
709 3809 808 3875 multa
818 3811 858 3876 de
871 3812 1014 3877 universo
1027 3835 1142 3900 genere
1157 3812 1241 3892 belli,
1256 3812 1358 3878 multa
1369 3810 1415 3877 de

358 3897 506 3983 praesenti
520 3895 656 3962 hostium
669 3896 833 3980 adparatu,
849 3919 930 3962 vana
944 3899 1045 3984 magis
1056 3900 1170 3984 specie,
1183 3921 1277 3986 quam
1293 3899 1412 3964 efficaci

196 3995 349 4104 gffffiffiffl
359 3983 399 4050 ad
422 3996 579 4065 eventum,
593 3982 747 4077 disseruit.
794 3983 864 4048 Non
879 3987 958 4049 enim
973 3987 1083 4052 cristas
1097 3986 1336 4070 mdnerusocere
1345 4020 1357 4058 ,·
1382 3995 1413 4048 et

199 4129 271 4169 tatur.

390 4227 422 4273 58
442 4228 473 4273 tn
484 4231 522 4274 uir
531 4229 609 4275 mrum
620 4229 732 4293 lugerent]
752 4229 807 4276 Vid.
818 4235 866 4276 not.
932 4230 985 4277 60·
994 4229 1045 4294 Ibi]
1064 4231 1099 4276 Eo
1111 4230 1162 4275 loco
1178 4229 1219 4290 qui
1236 4225 1352 4287 posterior
1362 4237 1425 4274 me·
1508 4207 1509 4292 l

359 4290 399 4336 60.
409 4292 439 4336 ad
452 4292 499 4340 lx.
507 4294 546 4340 39.
637 4301 640 4308 “
900 4301 1008 4343 moratus
1019 4303 1065 4353 eet,
1077 4307 1162 4354 nempe
1173 4293 1204 4343 ad
1215 4291 1383 4352 Aquiloniam.

391 4355 422 4402 59
431 4355 444 4381 ¹
455 4355 561 4420 Operoli]
579 4359 694 4426 Vidnot.
706 4359 745 4422 31.
758 4361 787 4410 nd
800 4359 820 4408 l.
829 4359 867 4408 31.
