3032 4924
309 151 367 205 tot
695 139 807 201 TlTl
835 139 972 200 LlVll

151 329 181 378 u.
194 331 222 378 c.
234 327 290 378 saa
310 307 363 372 ubi
383 327 493 372 summo
513 307 578 370 loco
598 313 689 369 natus
710 305 890 370 dictatorius
901 304 1029 389 juvenis
1041 306 1225 390 quotidiano
1241 305 1367 370 asena

152 396 182 444 Α·
195 394 291 444 0⁸⁵⁹·
312 396 448 470 disceret,
471 414 541 457 uere
565 391 727 474 imperioso
745 400 841 472 patre
864 413 895 456 se
918 401 1023 455 natunc
1045 413 1115 456 esse.
1159 394 1202 456 At
1222 411 1312 476 quant
1330 389 1368 453 ob

312 485 449 544 meant?
481 479 555 562 quia
578 476 776 560 irffccundior
796 478 847 552 sit,
873 487 904 540 et
925 479 1034 560 lingua
1057 479 1232 560 inpromtus.
1278 475 1371 552 Quod

313 575 434 630 natura
448 566 588 628 damnum
601 572 701 649 uinum
714 559 940 626 ³'nutriendum
945 565 1047 646 patri,
1064 565 1105 646 (si
1114 564 1278 646 quidquam
1290 564 1324 624 in
1334 581 1370 624 eo

315 651 441 715 humani
455 653 540 729 essct)
556 671 598 712 an
612 649 822 732 castigandum
836 669 873 710 oc
891 650 1051 712 uacatione
1065 647 1371 732 insignefaeiendum

303 738 434 823 fluisse?
457 758 496 799 ne
508 744 605 798 mutas
615 735 733 818 quidem
748 733 859 797 bestias
872 736 969 798 miuus
983 736 1066 798 olere
1078 756 1116 798 ac
1117 735 1239 820 sonere,
1254 734 1283 798 si
1297 733 1374 816 quid

317 845 355 886 ec
363 823 513 906 progenie
526 841 700 903 sttapnrucrn
708 840 887 902 prosperum
901 813 951 883 sit.
996 824 1048 896 At,
1061 820 1204 895 Hercule,
1222 819 1260 882 Ι,
1274 819 1373 882 Μανι-

317 910 402 984 liunt,
417 909 527 970 malurn
546 907 627 968 analo
646 927 757 990 augere
766 906 848 987 filii,
863 915 894 968 et
914 907 1092 969 tarditatem
1116 906 1236 988 ingenii
1249 906 1374 986 insuper

313 1015 474 1076 precum
496 1001 535 1068 et,
558 991 676 1075 siquid
694 990 727 1054 in
742 1011 776 1054 co
795 992 934 1074 exiguum
955 992 1109 1055 naturalis
1130 991 1246 1074 uigoris
1265 992 1317 1066 sit,
1340 991 1376 1051 id

320 1081 510 1165 exstinguere
532 1078 597 1140 vita
620 1077 736 1160 agresti
759 1085 789 1139 et
811 1078 923 1140 mistico
947 1077 1038 1154 stultu,
1065 1079 1147 1140 inter
1166 1077 1296 1158 pecuedes
1318 1076 1376 1138 lta·

321 1165 427 1229 hendo.

159 1253 216 1305 uiui
226 1250 279 1318 ⁰5⁰⁸
365 1251 405 1315 V.
437 1249 590 1316 Omnium
619 1248 726 1334 potius
753 1248 802 1314 his
836 1249 1118 1328 criminationibus,
1147 1271 1242 1335 quam
1278 1248 1377 1333 ipsius

158 1321 243 1380 μ’*
317 1337 453 1424 juvenis,
468 1337 608 1402 irritatus
623 1348 669 1400 est
683 1336 822 1399 animust
838 1337 915 1436 quin
930 1350 1049 1413 contra,
1066 1359 1100 1400 se
1114 1358 1239 1421 quoque
1253 1333 1378 1419 parenti

322 1444 461 1488 caussam
488 1421 616 1486 invidiae
642 1435 736 1506 atque
764 1421 933 1486 criminum
964 1443 1039 1498 csse,
1069 1443 1155 1522 oegre
1182 1443 1301 1506 passus,
1327 1425 1379 1504 (ut

322 1531 431 1574 omnes
459 1509 516 1574 Dii
543 1506 748 1593 hominesque
776 1508 901 1584 scirent,
931 1530 964 1572 se
992 1525 1116 1591 parenti
1144 1528 1236 1593 opem
1266 1506 1378 1583 latam,

345 1617 417 1660 uum
441 1594 575 1658 inimicis
604 1591 680 1678 ejus,
710 1591 817 1674 malle)
854 1591 939 1677 cupit
974 1593 1149 1670 consilium,
1185 1592 1271 1658 rudis
1308 1592 1380 1678 qui-

322 1618 395 1746 dem
421 1692 516 1764 atque
538 1679 670 1766 agrestis
690 1679 797 1753 animi,
813 1692 843 1742 et
863 1701 1055 1764 quamquam
1079 1679 1179 1742 ⁸⁴non
1202 1677 1301 1743 civilis
1324 1699 1381 1742 ex·

323 1765 430 1851 enipli,
453 1780 558 1830 tamon
581 1765 698 1848 pietate
719 1762 885 1828 laudabile.
930 1764 1139 1830 Inscientibus
1162 1763 1294 1842 cunctis,
1314 1763 1381 1828 cul-

324 1863 374 1916 tro
388 1850 579 1925 subcinctus,
595 1849 733 1913 manain
751 1849 872 1927 urbem,
888 1863 982 1935 atque
1004 1873 1023 1915 a
1045 1865 1138 1936 porta
1158 1851 1287 1926 domum
1304 1871 1381 1914 con-

323 1935 424 2002 festim
461 1935 502 2000 ad
546 1933 595 1998 M.
636 1933 846 2019 Pomponium
883 1935 1045 2000 tribunum
1082 1937 1200 2024 pergit:
1238 1935 1381 2022 janitori,

323 2045 398 2106 opm
409 2044 470 2086 esse
480 2021 540 2086 sibi
553 2023 674 2084 domino
684 2019 747 2104 ejus
757 2031 899 2085 conuento
910 2025 1067 2105 sumpla,
1083 2023 1138 2086 ait.
1154 2023 1324 2096 immiteret,
1345 2024 1382 2087 Τ.

326 2109 482 2172 Manlium
495 2107 534 2170 L.
537 2108 645 2188 fitium
657 2127 738 2192 esses
764 2104 849 2170 Mox
864 2106 1071 2186 introductus,
1084 2111 1211 2193 (etenim
1226 2107 1383 2192 percitum
1470 2165 1475 2178 ,

239 2232 244 2244 ·
326 2195 374 2259 ira
388 2194 420 2258 in
437 2205 555 2278 patrem
573 2214 644 2276 spes
658 2203 726 2256 erat
736 2204 792 2256 aut
803 2194 944 2257 criminis
958 2192 1076 2279 aliquid
1091 2195 1176 2270 novi,
1190 2207 1246 2258 aut
1259 2193 1384 2258 consilii

205 2351 208 2360 1
326 2281 365 2345 ad
380 2302 446 2344 rem
462 2279 628 2366 agendam,
637 2276 771 2360 deferre)
784 2278 885 2343 salute
898 2293 1028 2364 accepta
1042 2280 1238 2366 redditaque,
1253 2302 1317 2346 esse
1326 2279 1382 2358 ait,

326 2387 394 2450 qua
407 2389 471 2430 ctum
486 2387 521 2430 eo
531 2386 624 2450 agere
634 2363 763 2429 arbitris
773 2367 894 2429 remotis
904 2366 985 2430 uelit.
1025 2365 1142 2431 Procul
1152 2365 1225 2430 inde
1236 2365 1384 2430 omnibus

263 2515 269 2520 .
326 2451 414 2517 abire
433 2451 538 2536 jussis,
558 2448 696 2514 cultrum
711 2449 854 2538 stringit:
878 2463 919 2526 et,
935 2472 1030 2535 super
1051 2450 1167 2516 lectum
1189 2463 1275 2516 stans
1300 2450 1384 2516 ferro

327 2538 460 2614 intento,
475 2537 547 2612 nisi,
562 2535 595 2598 in
610 2558 682 2620 quae
698 2537 764 2620 ipsc
777 2536 970 2620 concepisset
984 2538 1089 2616 verba,
1100 2539 1232 2624 juraret,
1244 2561 1276 2603 se
1279 2540 1387 2622 patris

327 2623 391 2708 ejus
404 2624 568 2688 ocauandi
580 2643 686 2686 caussa
700 2625 858 2686 concilium
869 2622 968 2704 plebis
981 2645 1141 2708 numquam
1155 2625 1339 2702 habitururn,
1355 2645 1387 2688 se

327 2732 400 2774 eum
434 2706 593 2791 extemplo
621 2707 846 2772 transfixurum
875 2708 1023 2772 minatur.
1070 2709 1206 2774 Pauidus
1237 2710 1385 2775 tribunus

328 2795 460 2880 (quippe
475 2793 529 2878 qui
544 2791 662 2857 ferrum
684 2804 756 2856 ante
776 2795 886 2857 oculos
900 2795 1026 2870 micare,
1042 2817 1075 2858 se
1089 2795 1200 2874 solum,
1217 2795 1386 2872 inermem3

328 2881 417 2944 illum
440 2877 645 2964 praevalidum
658 2879 817 2963 juvenem,
832 2891 872 2954 et,
887 2879 974 2965 quod
990 2879 1073 2944 haud
1090 2883 1193 2946 minus
1208 2881 1386 2946 timendum

328 2977 406 3043 erat,
421 2963 534 3028 stolide
556 2962 691 3038 ferocem
707 2964 826 3030 viribus
850 2965 914 3030 suis
939 2968 1093 3048 cerneret)
1116 2967 1250 3054 adjurat,
1266 2969 1299 3031 in
1315 2991 1387 3055 quoe

329 3050 459 3118 adactus
473 3061 520 3112 est
536 3047 648 3124 verba3
671 3065 702 3112 et
715 3071 783 3134 prae
798 3073 830 3114 se
848 3050 964 3114 deinde
978 3051 1059 3130 tulit,
1076 3076 1112 3118 ea
1126 3055 1156 3116 vi
1171 3054 1340 3118 subactum
1355 3077 1389 3118 se

329 3136 455 3222 incepto
478 3133 640 3200 destitisse.
683 3134 752 3199 Nec
776 3136 920 3220 perinde,
947 3152 982 3201 ut
1006 3139 1165 3204 maluisset
1187 3139 1303 3226 plebes,
1328 3140 1390 3204 sibi

329 3221 470 3308 suffragii
493 3219 612 3284 ferendi
636 3219 676 3284 de
701 3234 766 3285 tam
789 3221 908 3286 crudeli
930 3235 962 3286 ct
984 3224 1118 3309 superbo
1133 3248 1186 3289 reo
1200 3239 1389 3310 potestatem

330 3307 414 3384 fieri3
437 3309 482 3370 ita
504 3328 589 3394 segre
609 3305 729 3384 habuit,
746 3305 845 3372 filium
867 3309 898 3372 id
917 3331 975 3392 pro
990 3323 1119 3394 parente
1143 3333 1265 3376 sussum.
1288 3335 1390 3398 eoque

328 3395 361 3458 id
378 3391 565 3458 laudabilius
579 3407 657 3472 erat,
672 3394 756 3479 quod
772 3395 913 3458 animum
936 3395 1001 3481 ejus
1015 3409 1103 3460 tants
1118 3398 1271 3462 acerbitas
1286 3399 1390 3482 patria

331 3479 408 3544 nibil
431 3503 451 3544 a
465 3479 588 3629 (pietate
612 3480 782 3544 avertisset.
827 3480 939 3566 ltaque
961 3501 1025 3544 non
1052 3483 1134 3567 patri
1151 3485 1246 3547 modo
1261 3485 1390 3548 remissa

329 3589 450 3631 caussae
488 3565 563 3630 ictio
578 3577 636 3642 est,
652 3565 705 3630 scd
728 3565 787 3650 ipsi
805 3566 901 3630 etism
923 3567 1110 3633 adolescenti
1139 3592 1175 3632 eu
1199 3592 1247 3633 res
1273 3569 1389 3634 honori

328 3653 397 3718 fuit.
420 3665 453 3716 et
474 3673 572 3737 quum
598 3672 637 3714 eo
657 3673 742 3716 anno
764 3653 902 3735 primum
917 3652 1092 3736 placuisset,
1107 3655 1133 3694 ³⁵
1145 3656 1290 3721 tribunos
1307 3656 1390 3720 mili·

226 3800 229 3805 .
330 3751 397 3834 tum
415 3738 454 3803 ad
475 3737 616 3825 legiones
636 3735 784 3826 suffragio
800 3737 878 3816 fieri,
902 3737 941 3824 (³⁰
950 3761 1022 3804 nam
1037 3753 1069 3805 ct
1083 3751 1185 3819 antea,
1200 3742 1281 3806 sicut
1294 3763 1391 3822 nunc,

359 3911 393 3959 38
408 3911 582 3975 Nutriendurn]
600 3911 716 3960 Mollibus
730 3914 844 3961 mmcdiie
877 3915 909 3961 Ut
917 3915 1053 3976 legionibus
1064 3922 1201 3978 proecsoent.
1236 3915 1283 3962 Sex
1293 3917 1320 3962 in
1331 3927 1392 3962 unu·

324 3983 351 4024 et
371 3982 471 4037 putenm
491 3976 642 4036 indulgentia
665 3978 843 4025 medicandum·
875 3993 971 4039 quaque
983 3981 1076 4041 legione
1085 3981 1176 4027 tribuni
1192 3981 1300 4028 miiitum
1313 3984 1392 4034 mant,

327 4041 384 4087 Vid.
394 4037 441 4088 lv.
452 4040 491 4086 52.
502 4053 583 4099 supra.
874 4049 935 4090 tecta
947 4044 1031 4105 Polyb.
1042 4046 1059 4091 1.
1072 4043 1117 4090 vt.
1132 4045 1198 4105 iique
1214 4043 1351 4105 principem
1364 4042 1390 4088 in

358 4103 391 4150 Sl
407 4103 465 4150 Non
481 4104 570 4167 cioiIir]
586 4105 745 4152 Abbomentir
764 4107 795 4155 ab
814 4107 843 4153 iis
875 4107 968 4168 legione
979 4110 1059 4156 locum
1076 4109 1196 4156 tsmhnt.

325 4167 430 4228 legibus,
444 4170 531 4228 quibu·
550 4169 628 4214 civilia
646 4171 747 4218 societas
765 4171 843 4218 conti·
906 4173 937 4220 Sd
955 4173 1022 4219 Nune
1039 4177 1062 4218 et
1078 4173 1224 4226 eamdent
1242 4170 1317 4233 nunc]
1335 4169 1390 4216 Ma·

326 4237 406 4276 notun
873 4237 1041 4296 gispnmets
1059 4238 1390 4292 manmricutetmc

356 4293 389 4341 85
410 4291 520 4342 Tribunis
547 4297 649 4344 militum
673 4298 704 4343 ad
730 4299 841 4363 ugnancr]
875 4331 918 4348 ...
1226 4321 1230 4334 ·
