3032 4924
454 205 506 268 LI
516 207 550 268 B.
569 207 605 266 V.
635 209 737 269 CAP.
755 208 889 272 XXXII.
1136 223 1194 282 nst

136 387 233 452 qnam
258 367 472 436 indemortui
495 371 600 436 locum
623 393 734 438 censor
756 371 931 442 subficitur.
952 373 1194 465 consulibusque
1203 401 1338 454 dcam

136 453 250 520 morbo
266 455 417 541 inplicitis
430 458 557 543 placuit,
573 479 630 542 per
643 459 858 548 interregnum
881 463 1024 527 renovari
1045 464 1192 548 auspicia.
1201 469 1233 518 A.
1244 469 1271 518 ὓ
1282 469 1338 520 ³⁸⁹·

135 538 260 626 ltaque,
288 563 388 628 quum
417 567 456 608 ex
485 545 750 610 senatusconsulto
779 547 920 612 consules
949 550 1132 636 magistratu
1161 573 1194 616 se

133 625 347 703 abdicassent,
363 629 500 695 interrex
525 642 648 696 creatur
675 631 724 698 M.
741 631 857 697 Furius
881 633 1052 715 Camillus3
1076 637 1129 723 qui
1156 635 1192 702 P.

135 711 325 778 Cornelium
343 715 535 800 Scipionem,
552 718 577 780 is
590 716 706 782 deinde
721 718 759 784 L.
769 718 926 784 Valerium
945 719 1085 786 Potitum
1099 724 1205 787 inter·'

132 817 242 886 regem
260 800 412 883 prodidit.
433 803 475 866 ab
494 825 532 866 eo
554 804 650 868 creati
671 825 730 871 sex
751 804 870 870 tribuni
889 804 1023 870 militum
1037 808 1210 873 consulari¹

131 897 307 970 potestatc3
331 902 377 964 ut,
392 888 514 954 etiamsi
533 889 583 954 uui
605 911 715 954 eorum
738 889 938 956 incommoda
951 893 1099 959 valetudo
1120 892 1194 960 fuis·

131 985 188 1047 ret,
203 974 303 1056 copia
317 973 557 1056 magistratuum
572 974 755 1058 reipublicae
769 991 859 1042 esset.

175 1057 337 1126 XXXII.
371 1059 524 1125 Kalendis
553 1059 768 1138 Quinctilibus
795 1063 1013 1149 magistratum
1044 1083 1337 1218 ooocppretncffl.

133 1143 168 1206 1.
186 1143 370 1222 Lucretius,
395 1147 461 1214 Ser.
482 1146 651 1232 Sulpicius,
677 1146 725 1211 M.
742 1146 902 1230 AEmilins,
926 1152 964 1216 L
981 1149 1096 1216 Furius
1200 1183 1352 1262 mm

131 1227 277 1295 dullinus
300 1231 478 1315 septimum,
505 1233 585 1320 Agri
608 1255 650 1318 pa
675 1233 799 1312 Furius,
826 1234 864 1300 C.
889 1233 1039 1303 AEtnilius
1063 1237 1299 1327 iterumfflq,

134 1313 185 1380 Ex
206 1315 263 1380 bis
290 1316 329 1382 L.
351 1317 501 1383 Lucretio
522 1334 553 1384 et
605 1365 614 1383 .
637 1317 771 1384 AEmilio
786 1319 1010 1386 Volsiniensist
1029 1325 1256 1408 provincisnttt

132 1403 258 1468 evenit:
285 1403 462 1488 Salpinates
486 1404 641 1490 Agrippas
660 1405 758 1470 Furio
772 1419 804 1470 et
819 1406 885 1471 Ser.
903 1407 1072 1493 Sulpicio*
1100 1409 1193 1476 Prius
1201 1408 1337 1454 Μὴ*

131 1509 202 1552 cnm
222 1489 479 1555 Volsiniensibus
501 1513 543 1575 pu
570 1509 675 1556 nanrm
691 1507 753 1556 est:
776 1491 892 1558 bellum
908 1515 1040 1560 numero
1054 1485 1265 1562 bostiumm

130 1573 260 1676 ingens,
275 1575 446 1640 certamine
465 1575 526 1640 hau
573 1599 647 1642 sane
667 1599 812 1663 asperum
828 1576 896 1644 tuit.
942 1579 1023 1644 Fusa
1037 1602 1192 1648 concursu

129 1683 242 1746 primo
258 1662 339 1726 acies
353 1662 385 1725 in
400 1661 529 1747 lugam:
552 1663 650 1730 millia
663 1677 736 1728 octo
758 1677 950 1728 amnstorum
973 1666 1015 1731 ab
1035 1666 1193 1752 equitibus

130 1747 317 1824 interclusa,
331 1748 441 1833 positis
454 1750 560 1826 armis,
576 1750 608 1812 in
624 1748 815 1814 deditionem
829 1765 991 1816 venerunt.
1028 1751 1105 1839 Ejus
1119 1752 1193 1820 belli

119 1832 221 1898 'fama
235 1833 348 1911 effecit,
364 1855 405 1899 ne
419 1857 452 1899 se
475 1855 590 1920 pugnae
616 1838 848 1902 committerent
872 1835 1058 1922 Salpinates.
1080 1841 1193 1908 moeni·

133 1919 190 1984 bus
219 1921 334 1986 armati
357 1943 390 1985 se
414 1921 608 1987 tutabantur.
653 1922 789 1986 Romani
814 1923 938 2006 praedas
963 1926 1079 2008 passim
1101 1941 1133 1991 ct
1150 1949 1191 1994 cx

134 2005 297 2090 Salpinati
320 2027 409 2094 agro,
433 2022 525 2072 etex
547 2007 743 2086 Volsiniensi,
770 2008 859 2073 nullo
880 2031 947 2074 eam
972 2013 1033 2074 vina
1057 2025 1193 2090 arcente,

133 2105 289 2180 egerunt:
316 2095 416 2160 donec
442 2093 690 2159 Volsiniensibus
714 2092 800 2158 fessis
823 2093 907 2158 bello
936 2119 973 2160 ea
1002 2097 1192 2178 conditione,

133 2191 238 2243 utres
259 2179 379 2263 populo
397 2179 546 2244 Romano
561 2179 737 2253 redderent,
753 2180 1007 2268 stipendiumque
1029 2185 1095 2268 ejus
1119 2185 1194 2249 antri

133 2265 289 2332 exercitui
313 2279 508 2350 praestarent,
526 2267 558 2329 in
579 2264 690 2352 uiginti
711 2287 813 2330 annos
833 2265 969 2332 induuiae
991 2267 1084 2336 datae.
1129 2269 1194 2333 Eo·

133 2350 210 2416 dem
236 2371 322 2414 anno
345 2349 394 2416 M.
412 2350 570 2416 Coedicius
593 2353 633 2416 dc
656 2349 748 2436 plebe
769 2352 931 2418 nunciavit
953 2353 1098 2432 tribunis,
1114 2377 1147 2418 se
1161 2356 1193 2420 in

134 2457 220 2500 nova
234 2438 296 2516 via,
314 2436 367 2500 ubi
390 2458 477 2502 nunc
498 2435 648 2503 sacellum
662 2450 719 2515 est,
732 2458 827 2522 supra
840 2437 942 2502 aedem
958 2438 1073 2516 Vestae,
1085 2459 1193 2505 vocem
1205 2457 1257 2502 vox
1267 2456 1355 2502 unns

133 2523 240 2587 noctis
263 2522 390 2586 silentio
414 2523 536 2588 audisse
559 2523 722 2588 clariorem
743 2521 893 2604 humana,
912 2545 984 2672 quae
1005 2521 1329 2612 magistrati-*⁰¹³³*

135 2607 196 2674 bus
216 2607 280 2674 dici
298 2607 436 2694 juberet,
453 2609 564 2676 Gallos
578 2609 756 2676 adventare.
801 2608 850 2686 ld,
865 2621 901 2673 ut
938 2623 1107 2696 tpropter
1120 2583 1355 2696 auc-{ffilss‘ff

134 2696 216 2760 toris
237 2693 448 2760 bumilitatem
471 2709 621 2782 spretum,
638 2708 669 2760 et
683 2694 768 2780 quod
790 2693 975 2783 longinqua,
990 2719 1091 2782 eoque
1105 2699 1237 2786 igno-ra

134 2780 209 2857 tior,
231 2795 401 2868 genenerat.
448 2781 557 2869 Neque
571 2782 714 2846 Deorum
730 2781 827 2846 modo
841 2783 972 2860 monita,
991 2781 1194 2870 ”ingruente

134 2865 213 2944 fato,
230 2880 353 2952 spreta3
376 2867 431 2932 sed
446 2867 616 2934 humanam
631 2889 757 2954 quoque
771 2889 876 2951 opem,
888 2890 959 2954 quas
974 2891 1038 2934 una
1052 2883 1131 2952 erat,
1144 2869 1194 2948 Μ.

139 2951 275 3018 Furium
301 2952 342 3016 ab
369 2953 447 3017 urbe
471 2976 627 3019 amovere.
673 2954 714 3030 ui,
740 2953 792 3018 die
816 2953 902 3018 dicta
925 2955 966 3018 ab
981 2957 1017 3020 L.
1034 2955 1321 3042 Appuleiocamuru.

137 3039 269 3104 tribuno
291 3037 392 3123 plebis
406 3039 569 3125 ²“propter
583 2976 724 3124 praedam
741 3039 960 3117 Veientanum,
983 3041 1047 3106 filio
1091 3052 1330 3129 noqueftfflsstu·

137 3124 336 3191 adolescente
350 3147 406 3210 per
420 3125 503 3190 idem
519 3139 643 3211 tempus
657 3128 795 3204 orbatus,
811 3148 919 3212 quum,
931 3125 1043 3192 adcitis
1063 3065 1191 3192 domum
1201 3110 1348 3224 :ww

137 3209 343 3276 “tribulibus
362 3211 619 3298 clientibusques,
640 3217 769 3300 (magna
792 3233 865 3296 pars
889 3210 991 3297 plebis
1015 3215 1096 3296 crat)
1121 3237 1193 3300 pur-

137 3310 303 3364 cunctatus
325 3296 448 3364 animos
470 3320 590 3376 eorum,
605 3319 789 3384 responsum
812 3297 940 3375 tulisset,
960 3321 993 3364 se
1011 3303 1193 3382 conlaturos,

218 3483 568 3534 rVulrirlranronGrcv.
704 3482 1113 3550 anetaruuqamgaased

168 3647 363 3712 wragrmre
378 3647 445 3712 sato]
474 3648 535 3697 Fato
558 3657 651 3712 pestem
684 3651 713 3706 tl,
742 3649 873 3698 tntatttaa
906 3648 1066 3712 dimittasque
1098 3651 1196 3712 (arum

137 3717 255 3763 moliente
266 3713 392 3769 Romanis,
403 3721 428 3760 et
437 3727 488 3772 eor,
499 3729 547 3776 quo
558 3713 653 3761 taedius
679 3727 739 3778 μη
758 3713 828 3776 plebia
847 3719 915 3772 nat).
940 3714 1002 3761 Sanc
1021 3727 1085 3775 seps
1110 3713 1195 3762 Lirim

138 3781 255 3842 perirent,
267 3785 410 3826 sumente.
684 3779 815 3840 supprimit
833 3779 970 3834 manuum,
989 3783 1017 3824 ut
1039 3791 1111 3838 supra
1133 3779 1154 3824 1.
1178 3779 1196 3826 l.

170 3844 203 3892 26
229 3843 333 3902 Propter
355 3841 461 3904 praedam
492 3841 651 3904 Veientanam]
686 3844 866 3892 observavimus
881 3843 907 3890 in
924 3843 1042 3904 plerisque
1058 3842 1198 3903 scriptiale·

139 3907 177 3956 X:
197 3921 227 3956 ee
251 3906 384 3956 Camarum
406 3907 516 3956 tn'bunur
539 3908 654 3966 arguebat
685 3908 726 3970 gir
744 3909 818 3954 Brevi
829 3905 1086 3970 rtirprqnoquene'rr'lr'r
1101 3920 1197 3954 ennom

138 3973 250 4034 quadam
274 3971 451 4020 intervertisset
475 3974 583 4032 adeoque
604 3970 654 4018 ral-
686 3971 832 4018 mumma
845 3971 918 4034 salt.-
942 3971 1070 4019 Ascanium
1090 3975 1197 4032 parentes

138 4051 180 4084 rar
195 4037 562 4097 quasdamereeaexhoattnua
572 4042 654 4095 cnptns
686 4035 764 4082 diem
783 4047 880 4082 norem:
898 4039 987 4084 omisso
1010 4036 1043 4098 «ὅ
1062 4035 1110 4088 cul,
1132 4035 1197 4096 quod

138 4097 345 4162 dumiejuuim
362 4112 413 4146 erre
425 4093 571 4162 jactabatur.
588 4098 652 4146 Plut.
686 4099 759 4160 vulgo
776 4097 834 4146 editi
853 4099 952 4148 addunt.
985 4101 1018 4148 Et
1033 4099 1097 4152 infru
1112 4099 1196 4147 hocli·

138 4165 164 4212 ln
175 4165 246 4214 Cam.
686 4164 729 4210 bro
740 4176 761 4208 c·
773 4161 813 4209 35.
832 4163 877 4210 tm
888 4179 948 4210 nunc
962 4167 1047 4214 Bruta
1064 4179 1091 4226 nc
1110 4163 1197 4211 Verona

170 4229 202 4282 27
242 4225 376 4276 Τήὸκὶῶιι
402 4231 425 4273 et
451 4227 578 4286 clientilus,
605 4241 655 4288 que
687 4225 913 4281 nrberrurrt,(locos
929 4231 1020 4280 tenuere
1030 4225 1115 4292 Libui)
1127 4229 1200 4274 corri-

139 4307 232 4404 m
239 4293 311 4356 pure]
334 4291 443 4345 Quutuor
460 4293 520 4353 regii
538 4293 608 4340 codd.
630 4299 656 4368 et
688 4289 754 4340 dunt.

233 4356 591 4415 ten,ttndrear,eta1uren.
606 4357 657 4402 cdr-

746 4427 802 4482 rs
