2978 4918
305 227 362 285 1⁰4
697 227 807 290 TITI
837 226 973 288 lelt

143 398 280 449 mcccc.
304 390 471 476 trajectum
493 389 543 467 sit,
565 388 714 456 Mamilio
734 405 847 478 pectus
868 410 1063 482 percussum.
1109 386 1211 456 Hunc
1227 384 1370 474 quidem

143 465 208 512 Μ·
220 465 276 558 ⁴97·
305 476 339 540 in
359 475 532 540 secundam
547 477 646 544 aciem
662 477 772 544 Latini
792 499 948 564 recepere.
993 475 1162 553 AEbutius,
1179 496 1278 560 quum
1293 495 1371 542 aaa·

229 635 233 644 ,
304 563 356 627 cio
369 561 501 627 brachio
516 576 623 629 tenere
638 565 735 630 telum
750 587 816 630 non
831 567 945 650 posset,
969 585 1077 713 pupas
1090 561 1229 628 excessit.
1276 559 1369 624 Lati-

304 670 365 712 nus
387 650 468 726 dux,
486 649 566 714 nihil
590 651 760 718 deterritus
783 651 922 728 vulnere,
945 651 1095 734 proeium
1118 649 1198 724 ciet3
1226 659 1268 722 et,
1292 646 1370 732 quia

305 757 378 814 suos
400 736 563 821 perculsos
590 737 727 816 videbat,
744 739 872 804 arcessit
893 735 1058 802 cohortem
1082 733 1227 800 exsulum
1245 731 1369 798 Rorna-

304 841 432 900 norum,
458 824 508 887 cui
525 823 565 888 L.
578 821 748 911 Tarquinii
770 824 854 890 filius
874 835 1019 910 praerat.
1044 846 1092 901 ea,
1116 819 1223 908 quod'
1246 819 1375 905 majore¹

304 909 469 996 pugnabat
483 909 530 974 ira
545 909 588 975 ob
602 925 711 1000 erepta
723 911 809 977 bona
823 911 1021 998 patriamque
1036 909 1207 986 ademtam,
1223 927 1371 992 pugnam

305 1015 478 1082 parumper
488 997 634 1062 restituit.
1018 1055 1020 1060 ,
1087 999 1091 1008 ’

318 1093 319 1098 ’
350 1079 432 1147 XX.
458 1083 681 1148 Referentibus
701 1084 763 1148 ‘am
785 1079 896 1167 pedem
919 1084 959 1146 ab
974 1104 1013 1146 ea
1026 1095 1117 1168 parte
1129 1079 1297 1157 Romanis,
1313 1075 1368 1144 M.

306 1165 464 1244 Valerius,
492 1169 666 1236 Publicolae
690 1107 798 1246 iiater,
825 1169 1024 1255 conspicatus
1051 1167 1189 1232 ferocem
1212 1167 1371 1253 juvenem

307 1254 531 1343 Tarquinium,
547 1269 758 1322 ostentantem
778 1278 810 1320 se
824 1255 856 1318 in
872 1256 976 1341 pn'ma
989 1255 1134 1320 exsulum
1149 1254 1226 1331 acie,
1241 1253 1370 1318 domes-

305 1339 369 1408 tica
393 1344 489 1408 etiam
512 1343 616 1432 gloria
637 1365 797 1420 accensus,
822 1352 869 1418 ut,
892 1340 981 1428 cujus
1002 1339 1132 1406 familiae
1156 1339 1253 1405 decus
1276 1339 1371 1424 ejecti

306 1451 396 1517 reges
410 1442 511 1507 erant,
526 1430 667 1516 ejusdem
690 1427 846 1494 interiecti
859 1425 974 1506 forent,
990 1427 1097 1494 subdit
1117 1425 1252 1494 calcaria
1272 1444 1368 1512 equo,

306 1529 338 1580 et
354 1515 567 1602 Tarquinium
581 1517 695 1582 infesto
719 1513 842 1600 spiculo
863 1515 962 1600 petit.'
1005 1511 1202 1600 Tarquinius
1221 1524 1308 1577 retro
1332 1511 1369 1576 in

307 1623 423 1690 agmen
448 1625 577 1668 suorum
593 1602 714 1668 infenso
736 1601 829 1668 cessit
853 1601 947 1666 hosti.
992 1600 1166 1678 Valerium,
1182 1611 1301 1670 temere
1316 1600 1370 1662 in·

306 1701 432 1753 vectum
457 1685 491 1752 in
513 1691 659 1754 exsulum
684 1689 794 1766 aciem,
816 1711 857 1756 ex
883 1688 1060 1752 transuerso
1082 1677 1211 1772 quidam
1235 1685 1370 1750 adortus

306 1774 482 1862 transfigit:
515 1776 769 1864 necquidquam
796 1773 911 1861 equitis
933 1777 1063 1840 vulnere
1085 1796 1168 1859 equo
1194 1772 1369 1850 retardato,

305 1860 515 1926 moribundus
543 1863 718 1942 Romanus,
739 1861 916 1926 labentibus
939 1883 1035 1946 super
1053 1882 1169 1946 corpus
1191 1859 1297 1934 armis,
1324 1859 1369 1924 ad

306 1961 424 2012 terram
446 1947 593 2015 defluxit.
646 1949 794 2014 Dictator
819 1947 1008 2028 Postumius,
1023 1961 1191 2034 postquam
1217 1944 1371 2012 cecidisse

304 2032 400 2100 talem
427 2034 542 2109 virum,
565 2035 689 2100 exsules
710 2034 857 2124 ferociter
881 2035 979 2099 citato'
1003 2033 1130 2124 agmine
1159 2029 1273 2109 invehi,
1290 2055 1370 2100 suos

304 2120 468 2206 perculsos
484 2121 597 2187 cedere
610 2121 849 2196 animadvertit;
874 2119 999 2186 cohorti
1014 2142 1090 2197 suae,
1101 2141 1196 2208 quam
1209 2119 1369 2194 deiectam

305 2229 437 2276 manum
451 2208 591 2294 praesidii
612 2231 721 2274 caussa
735 2208 819 2274 circa
833 2229 866 2272 se
879 2205 1027 2286 habebat,
1040 2205 1065 2244 ²⁵
1079 2206 1136 2272 dat
1158 2205 1183 2269 si
1231 2227 1296 2282 um,
1318 2219 1368 2284 ut,

305 2317 399 2382 quem
424 2295 554 2360 sucrum
577 2295 749 2384 fugientem
776 2293 923 2370 viderint,
949 2317 1009 2380 pro
1031 2291 1122 2358 hoste
1151 2292 1193 2356 ha
1233 2305 1299 2356 ant.
1321 2291 1370 2358 ita

304 2395 392 2448 metu
407 2383 538 2469 ancipiti
553 2382 633 2448 versi
655 2406 673 2448 a
693 2381 768 2470 fuga
783 2379 924 2446 Romani
949 2382 982 2444 in
1006 2379 1142 2459 hostem,
1166 2394 1198 2450 et
1220 2377 1369 2444 restituta

303 2469 397 2552 acies.
443 2469 568 2536 Cohors
582 2468 745 2534 dictatoris
760 2482 828 2536 tum
850 2467 989 2554 primum
1016 2466 1164 2553 proelium
1180 2465 1262 2530 iniit.
1284 2463 1371 2530 inte-

301 2557 369 2642 gris
384 2555 570 2644 ccrporibus
585 2556 761 2644 animisque
773 2554 871 2641 fessos
884 2552 989 2620 adorti
999 2552 1122 2618 exsules
1137 2551 1274 2623 caedunt.
1309 2549 1368 2618 Ibi

302 2641 365 2710 alin
379 2645 463 2709 inter
476 2665 623 2730 proceres
637 2655 747 2708 coorta
768 2663 885 2728 pugna.
930 2639 1110 2726 Imperator
1136 2639 1283 2715 Latinus,
1307 2639 1365 2702 ubi

301 2730 466 2794 cohortem
481 2729 628 2795 exsulum
639 2753 659 2792 a
671 2728 828 2794 dictatore
844 2727 992 2795 Romano
1003 2748 1104 2812 prope
1117 2725 1366 2808 circumventam

301 2815 392 2890 vidit,
408 2838 449 2879 ex
477 2815 672 2882 subsidiariis
693 2813 872 2900 manipulos
897 2812 1021 2902 aliquot
1047 2815 1077 2878 iu
1101 2812 1237 2900 primam
1263 2812 1368 2878 aciem

303 2898 410 2966 secum
432 2902 526 2986 rupit.
549 2899 607 2966 hos
633 2901 760 2988 agmine
782 2899 941 2965 venientes
967 2897 1009 2966 Τ.
1027 2899 1216 2966 Herminius
1237 2897 1267 2962 ie
1291 2911 1365 2969 atus

301 2987 512 3074 conspicatus,
538 2987 683 3074 interque
704 3009 759 3052 eos
781 2985 936 3076 insignem
960 2997 1044 3054 veste
1069 2987 1228 3076 armisque
1285 2985 1365 3050 ami·
1419 2984 1421 2987 ’

302 3070 379 3154 lium
400 3073 570 3153 noscitans,
592 3088 681 3139 tanto
704 3075 734 3138 vi
749 3075 878 3160 majore,
894 3095 988 3160 quam
1003 3073 1113 3158 paullo
1124 3087 1197 3140 ante
1212 3069 1366 3160 magister

301 3161 455 3247 equitum,
471 3181 545 3225 cum
564 3161 706 3226 bostium
721 3159 802 3226 duce
828 3159 977 3244 proelium
992 3159 1073 3237 iniit,
1099 3173 1135 3226 ut
1157 3173 1188 3224 et
1208 3180 1273 3222 uno
1297 3159 1366 3226 ictu

301 3248 490 3314 transfixum
505 3246 658 3335 perlatus
673 3247 824 3313 occiderit
840 3245 1033 3324 Mamilium,
1049 3259 1082 3312 et
1103 3245 1170 3331 ipse
1186 3245 1269 3310 inter
1290 3268 1367 3330 spo-

300 3331 444 3414 liandum
468 3356 584 3420 corpus
611 3335 845 3404 hostisveruto
870 3356 1045 3419 percussus,
1072 3336 1171 3419 quum
1197 3331 1299 3402 victor
1331 3331 1365 3396 in

300 3433 404 3486 castra
418 3433 499 3486 esset
522 3421 649 3499 relatus,
670 3422 753 3488 inter
774 3421 911 3507 primam
935 3423 1129 3486 curationem
1145 3417 1365 3503 exspiraverit.

300 3505 388 3572 Tum
414 3505 456 3572 ad
479 3509 598 3594 equites
621 3508 757 3573 dictator
779 3506 917 3586 advolat,
937 3507 1111 3586 obtestans,
1126 3520 1171 3582 ut,
1197 3505 1279 3568 fesso
1294 3505 1365 3589 jam

298 3594 416 3679 pedite,
433 3594 458 3633 ¹⁶
469 3593 663 3661 descendant
676 3617 717 3661 ex
732 3594 830 3682 equis,
846 3605 1032 3679 etpugnam
1049 3607 1224 3678 capessant.
1262 3591 1367 3656 Dicto

298 3701 453 3764 paruere:
478 3681 628 3746 desiliunt
642 3704 682 3746 ex
704 3683 804 3768 equis,
821 3680 991 3763 provolant
1012 3681 1045 3743 in
1069 3678 1219 3762 primum,
1244 3692 1276 3741 et
1302 3699 1366 3762 pro

301 3765 548 3858 ”antesignanis
575 3790 703 3855 parmas
731 3767 894 3853 objiciunt.
955 3767 1083 3850 Recipit
1105 3763 1270 3850 extemplo
1294 3765 1367 3830 ani-

714 3913 726 3941 *
737 3923 781 3971 qao
791 3910 866 3957 Gran.
879 3910 950 3958 Grau.

240 4031 244 4040 ’
331 4027 361 4076 ls
378 4029 544 4092 onagrum]
580 4027 626 4074 Per
638 4032 716 4074 totam
727 4026 812 4072 cohor·
845 4023 983 4071 factitatum
1003 4025 1131 4074 summat,
1149 4025 1178 4066 ut
1200 4019 1294 4080 equites
1313 4017 1370 4068 Ro.

297 4099 348 4140 tem
362 4095 462 4154 perferri
479 4096 524 4142 boc
537 4093 667 4154 imperium
684 4104 756 4138 suum
770 4085 812 4152 ju·
845 4087 912 4134 mani
931 4074 1103 4140 descenderent
1126 4097 1157 4130 ex
1180 4084 1262 4144 equis:
1291 4086 1367 4144 quasi

296 4159 345 4210 bet,
358 4157 508 4208 ut...Vid.
522 4164 570 4204 not.
585 4158 642 4204 adl.
655 4153 772 4204 v.c.so.
844 4152 938 4200 hostilis
965 4151 1087 4216 equitatus
1113 4149 1261 4204 autjnullus
1285 4157 1363 4208 esset,

329 4221 360 4273 16
375 4224 520 4272 Descendunt
537 4237 567 4268 ac
581 4217 656 4282 aquis]
683 4222 748 4276 Quid
764 4217 810 4280 igi·
843 4223 992 4276 auttorpore
1002 4213 1108 4275 quodam
1119 4215 1220 4262 defixus.

294 4291 335 4334 tur
347 4294 405 4338 tunc
416 4290 502 4350 agebat
517 4288 638 4348 equitatus
649 4285 810 4334 iatiucmm?
877 4281 907 4329 17
935 4277 1115 4344 Anterigacntr]
1152 4277 1310 4342 Aatrrigucat
1345 4279 1365 4326 ii

293 4351 369 4402 Recta
382 4356 494 4402 observat
507 4353 616 4400 Clericus
631 4353 723 4400 mirum
734 4349 810 4396 videri
843 4352 910 4400 sunt,
922 4346 963 4405 qui
980 4351 1036 4392 ante
1053 4343 1121 4406 signa
1137 4341 1163 4390 in
1180 4343 1230 4389 acie
1241 4341 1365 4392 iocantur.

292 4417 388 4478 debere,
409 4420 474 4481 quod
502 4418 586 4466 miultis
614 4416 702 4476 pugnis
725 4412 809 4460 Livius
844 4411 933 4459 Probat
949 4409 1048 4471 Lipsius
1064 4407 1184 4456 t.1v.de
1199 4405 1366 4461 mosanas.
