3008 4908
288 206 346 274 218
614 253 617 259 ,
685 201 796 262 ΤῙΤῙ
822 200 961 262 L1vtl

129 383 159 433 u,
172 385 199 432 c.
211 383 266 431 aaa.
292 364 438 430 Romana
452 365 497 429 vis
511 363 658 430 sustineri
672 366 784 450 potuit.
830 364 951 442 Sebini,
965 363 1028 430 litai
1040 364 1157 452 pnvaiiu
1170 385 1227 450 per
1237 385 1346 452 agros,

128 450 159 499 t.
170 451 197 498 α
209 447 264 498 ⁴4⁶·
290 466 392 520 castra
406 451 490 516 hosti
504 449 544 514 ad
559 451 702 534 praedam
723 451 915 539 relinquunt.
937 451 981 516 ibi
995 473 1060 516 non
1080 453 1246 530 mierum,
1262 451 1345 516 sicut

47 1701 51 1707 ·
129 1688 234 1733 Conten-

128 1753 206 1798 tionea
217 1754 247 1800 de

129 1815 254 1876 triumpho

130 1881 196 1925 Cosa.

289 537 322 604 in
344 537 473 624 Algido,
489 559 549 612 res,
568 536 623 602 sed
636 560 709 603 suas
731 539 906 614 Romanas,
922 537 1179 622 populationibus
1193 559 1343 626 agrorum

289 623 427 700 amissas,
451 623 572 707 recipit.
617 623 755 688 Gemina
777 625 908 688 victoria
929 623 1056 689 duobus
1081 623 1227 688 bifariam
1254 645 1344 708 proe·

288 709 338 772 liis
352 721 453 794 parta,
471 710 607 797 maligne
618 725 744 775 senatus
758 711 789 772 in
803 731 902 774 auum
916 709 1000 774 diem
1013 709 1258 796 supplicationes
1268 731 1346 774 cou-

289 795 392 860 sulum
419 796 548 860 nomine
562 795 710 862 decrevit.
758 796 900 882 Populus
924 797 1043 883 injussu
1057 810 1090 861 et
1103 800 1202 861 altero
1215 795 1270 860 die
1282 795 1347 860 fre·

289 903 388 968 quens
411 881 449 946 iit
470 881 692 967 supplicatum.
715 899 746 948 et
760 883 830 948 baec
844 905 924 971 vaga
942 882 1164 969 poptdarisque
1186 882 1348 968 supplica-

288 969 334 1034 tio
357 969 467 1034 studiis
490 990 592 1054 prope
616 969 801 1034 celebratior
822 968 891 1034 fuit.
936 969 1091 1034 Consules
1108 991 1147 1034 es
1168 969 1347 1054 composito

288 1053 401 1120 eodem
421 1054 518 1121 biduo
535 1057 574 1120 ad
597 1057 707 1120 urbem
723 1077 888 1132 accessere,
904 1067 1045 1122 senatum
1068 1077 1109 1120 ue
1129 1055 1162 1119 in
1186 1053 1347 1119 Martium

289 1159 436 1226 campum
452 1163 632 1207 evocavere.
662 1143 717 1207 ubi
736 1166 834 1229 quum
857 1141 900 1206 de
923 1141 1017 1206 rebus
1040 1165 1060 1206 a
1103 1163 1136 1206 se
1156 1143 1290 1224 gestisa
1335 1193 1338 1200 .

288 1241 370 1304 rent,
387 1229 489 1314 questi
511 1229 665 1312 primores
689 1229 832 1308 Petrum,
847 1244 991 1292 senatum
1011 1227 1096 1292 inter
1110 1220 1260 1292 militeid
1304 1230 1349 1292 'ta

288 1335 387 1398 opera
403 1315 532 1380 terroris
554 1337 663 1392 caussa
686 1317 805 1380 haberi.
827 1314 934 1400 itaque
953 1313 1030 1378 inde
1048 1313 1202 1390 consules,
1222 1335 1264 1377 ne
1285 1315 1348 1376 cri-

290 1400 455 1466 minationi
480 1400 567 1466 locus
593 1415 681 1479 esset,
706 1403 738 1466 ln
759 1414 852 1488 prata
878 1400 1043 1478 Flaminia,
1070 1400 1125 1464 ubi
1151 1421 1236 1464 nanc
1260 1399 1349 1464 aedcs

290 1487 449 1572 Apollinis
475 1499 531 1563 est,
557 1486 692 1572 (⁷⁴jam¹
707 1499 775 1551 tum
790 1486 1009 1572 Apollinarem
1031 1485 1249 1572 adpellabant)
1272 1508 1350 1551 avo-

289 1594 401 1637 cavere
412 1587 566 1638 senatum.
604 1573 667 1638 Ubi
705 1596 779 1637 uam
795 1575 916 1661 ingenti
930 1594 1086 1639 consensu
1102 1572 1233 1638 Patruus
1249 1595 1350 1660 nega·

290 1671 377 1724 retum
398 1659 587 1742 triumphus,
601 1661 637 1734 L.
654 1596 761 1724 Icilius
776 1659 1035 1745 tribunusplebis
1050 1659 1123 1724 tulit
1137 1659 1174 1724 ad
1189 1659 1348 1745 populum

289 1745 330 1808 de
362 1744 526 1830 triumpho
555 1746 730 1821 consulum,
760 1746 866 1813 multis
896 1746 1070 1810 dissuasum
1104 1744 1348 1830 prodeuntibus,

289 1832 427 1896 maxime
442 1830 481 1896 C.
498 1831 633 1896 Claudio
653 1833 855 1908 vociferante,
880 1834 933 1897 De
953 1833 1111 1904 Patribus,
1137 1853 1199 1896 nan
1219 1833 1258 1896 de
1278 1833 1349 1897 ltus·

288 1917 378 1994 timu,
408 1919 540 1982 conates
565 1919 761 2002 triumphare
781 1921 873 1991 velle,·
909 1921 1103 2004 gratiamque
1129 1939 1192 2000 pro
1218 1917 1350 2000 privata

289 2005 397 2068 merito
411 2005 445 2067 iu
459 2004 622 2080 tribunum,
639 2025 699 2068 non
714 2026 777 2087 pra
790 2007 903 2070 uirtute
917 2007 1066 2082 ltmmrerrt,
1083 2007 1164 2086 peti.
1186 2025 1350 2088 ntunquam

289 2099 363 2153 ante
384 2091 422 2154 de
441 2091 598 2173 triumpha
618 2113 677 2172 per
694 2091 839 2174 mulum
860 2100 970 2167 aetum,
990 2112 1105 2172 semper
1118 2092 1351 2154 estimationem

289 2176 511 2260 arbitriumque
524 2175 586 2260 ejtu
600 2177 724 2241 honoris
739 2199 834 2259 penes
847 2185 982 2242 senatum
991 2177 1107 2261 fuisse.
1128 2199 1168 2242 ne
1180 2198 1267 2260 reges
1281 2179 1352 2260 qni-

288 2263 354 2326 dem
369 2263 555 2347 majestatem
569 2265 675 2328 summi
687 2263 807 2328 ordinis
822 2265 1008 2328 inminuisse.
1025 2285 1062 2326 ne
1074 2265 1120 2326 ita
1131 2263 1234 2326 omnia
1248 2263 1349 2326 tribu-

289 2351 326 2412 ni
333 2351 497 2432 potestatis
510 2369 573 2413 sua
588 2351 799 2431 implerentur
810 2352 923 2414 necllum
931 2349 1086 2432 publicum
1096 2349 1253 2413 eonsilium
1266 2351 1350 2412 siue-

289 2445 359 2499 rent
370 2458 440 2502 esse.
473 2437 524 2499 Ita
536 2437 650 2500 demum
661 2435 789 2500 liberam
799 2435 1038 2519 ciuitatemsore,
1052 2437 1097 2498 ita
1109 2443 1246 2518 aquatus
1256 2436 1286 2497 le
1306 2456 1368 2512 ea*

290 2523 320 2585 si
332 2543 388 2588 ma
403 2521 611 2607 quiaqeoejura
622 2524 707 2598 orda,
723 2543 806 2586 mam
821 2520 1004 2605 majestatem
1018 2530 1130 2587 teneat.
1154 2519 1193 2584 lu
1204 2541 1273 2584 eam
1299 2542 1351 2584 em

291 2609 476 2674 sententiam
503 2607 606 2672 multa
625 2621 658 2670 ot
671 2631 691 2671 a
704 2607 814 2672 ceteris
834 2606 1009 2671 senioribus
1034 2605 1166 2670 Petrum
1182 2627 1278 2691 quarn
1301 2629 1352 2671 es·

292 2707 361 2760 sent
375 2694 470 2770 dicta,
488 2715 597 2758 omnes
609 2693 710 2757 tribus
725 2713 793 2757 eam
810 2693 1004 2778 rogationem
1018 2705 1216 2777 acceperunt.
1254 2691 1352 2766 ¹Tum

292 2781 442 2865 primum,
467 2779 533 2844 sine
559 2779 744 2843 auctoritate
767 2792 905 2859 renatae,
931 2779 1040 2863 populi
1060 2779 1150 2864 jussu
1171 2777 1351 2864 triumpha·

175 2893 176 2896 ¹
293 2881 360 2931 turn
376 2879 433 2931 est.

331 2953 456 3018 ·Lx1v.
495 2951 580 3017 Hoec
610 2953 738 3018 victoria
766 2953 967 3020 tribunorum
996 2953 1159 3040 plebisque
1186 2973 1287 3037 prope
1316 2951 1350 3017 in

293 3038 377 3103 lrautl
394 3037 555 3104 salubrem
568 3039 594 3082 ⁷⁵
605 3039 763 3104 luxuriam
781 3041 883 3118 vertit,
899 3041 1133 3126 conspiratione
1147 3041 1229 3103 inter
1248 3040 1361 3104 tribu·.

293 3147 352 3190 nos
374 3124 468 3206 facta,
483 3137 520 3189 ut
535 3123 627 3190 iidem
651 3125 770 3190 tribuni
793 3127 1007 3202 reficerentur,
1026 3140 1067 3203 et,
1087 3149 1153 3212 quo
1173 3147 1231 3190 sua
1244 3125 1355 3190 minua

245 3283 252 3292 ‚
292 3211 450 3295 cupiditas
468 3212 629 3289 emineret,
645 3211 826 3278 consulibus
841 3235 967 3300 quoque
990 3214 1212 3278 ooudnuarent
1235 3211 1353 3299 magis·

292 3310 421 3362 tratum.
467 3297 666 3364 Consensum
694 3299 825 3364 Petrum
851 3298 1086 3376 caussabantur,
1108 3321 1172 3384 quo
1194 3319 1251 3382 per
1274 3321 1355 3364 cou-

292 3385 455 3450 tumeliam
469 3384 634 3449 eonsulum
649 3387 727 3472 jura
746 3385 848 3471 plebis
867 3385 1020 3452 labefacta
1033 3399 1145 3450 essent.
1194 3385 1279 3459 Quin
1288 3385 1354 3469 sa-

290 3481 400 3551 turum,
417 3474 547 3539 nandum
559 3474 703 3555 firmatis
727 3472 852 3556 legibus,
877 3475 906 3536 si
930 3493 1021 3536 nanos
1045 3472 1182 3536 tribunos
1197 3492 1259 3553 per
1272 3471 1354 3554 saa-

291 3559 390 3624 tione's
412 3561 638 3624 mecoenas
660 3559 766 3622 adorti
787 3563 911 3624 essent?
941 3579 1001 3621 aon
1024 3560 1107 3622 enim'
1125 3578 1242 3640 temper
1263 3557 1354 3622 Vale-

292 3647 356 3710 rios
370 3646 582 3729 Horatiosque
603 3647 736 3708 cumules
748 3645 835 3728 sore,
852 3646 907 3728 qui
926 3645 1067 3708 libertati
1082 3643 1184 3725 plebis
1197 3665 1268 3708 atas
1282 3663 1356 3726 apes

131 3756 206 3804 vem
287 3734 488 3817 postferent.
539 3729 635 3795 Forte
660 3729 796 3816 quadam
824 3729 893 3794 ntili
918 3729 959 3794 ad
988 3744 1123 3814 tempus,
1152 3741 1189 3792 ut
1216 3729 1355 3794 comitiis

27 3877 29 3883 .
132 3821 236 3868 numen
292 3831 450 3904 praesset,
465 3816 663 3902 potissimum
680 3815 730 3880 M.
746 3809 858 3880 Duilio
873 3829 957 3882 sorte
976 3818 1093 3896 evenit,
1107 3813 1176 3879 viro
1190 3814 1354 3899 prudenti,

623 3939 637 3970 ¹
653 3939 799 4000 circumJ'ant
810 3943 860 3985 tam
868 3939 942 3984 Gran.
955 3937 1026 3983 Creu.

325 4057 358 4111 rt
375 4056 472 4104 Ctreum
486 4057 541 4117 jem
562 4055 625 4119 tum]
648 4055 739 4102 Vocem
758 4056 805 4101 εἰν-
836 4055 975 4113 exemplum
998 4053 1144 4100 autemeam
1170 4053 1281 4110 ilianum,
1305 4053 1357 4102 La·

293 4137 346 4170 eum
367 4124 450 4169 abeam
471 4135 487 4168 a
509 4119 582 4168 MSS.
604 4127 629 4166 et
648 4119 717 4168 Vett.
731 4119 806 4166 editis
833 4117 921 4180 pereat,
944 4117 1086 4175 Bacchanal,
1105 4117 1199 4176 batim,
1223 4113 1353 4175 Palatuar,

293 4189 398 4235 affirmat
417 4185 568 4234 Gronovius:
587 4197 631 4231 mc
649 4195 704 4230 earn
722 4195 809 4244 agnam
841 4185 905 4242 apud
917 4181 1017 4228 Festum
1029 4184 1055 4229 in
1066 4195 1124 4228 voce
1135 4181 1297 4241 Septimontio.

293 4258 353 4298 eunt
380 4250 487 4309 qtduque
508 4265 522 4296 e
543 4249 639 4296 naaria
682 4247 751 4294 Unde
778 4261 807 4294 eu
871 4244 1077 4308 ‘lb'lmriuml
1104 4246 1227 4293 laetitiam
1249 4246 1356 4292 insolen-

293 4315 373 4362 deleta
388 4314 519 4374 legendum
533 4313 680 4373 ruspicmurr
691 4314 745 4374 jam
756 4317 806 4358 tum
838 4317 898 4366 tem.
920 4317 945 4357 et
965 4324 1028 4359 nova
1049 4317 1122 4372 atque
1138 4309 1223 4358 illicita
1242 4311 1356 4358 ueneat

293 4377 417 4443 Δρωπίων
425 4407 511 4427 .....
519 4377 806 4439 quumvoccmflngitad
838 4376 942 4426 evitant.
