2986 4930
453 179 545 242 LIB.
567 180 608 240 Π.
639 179 740 240 CAP.
761 179 798 238 V.
1108 189 1146 248 8'!

84 339 121 406 sd
139 339 290 408 vehiculo
317 343 539 426 oompsrsuds
566 366 586 408 e
610 343 791 410 consulibus
815 344 1005 422 sensissent,
1027 344 1219 446 quibusu'o
1231 367 1287 418 sss.

83 449 187 512 regum
218 449 254 492 ss
279 439 431 494 ortsrent
452 451 499 492 res
507 453 516 506 3
546 451 640 494 omno
664 429 699 496 id
723 443 846 517 tempus
871 452 943 496 cum
973 430 1287 518 oonJuratiswwt·

83 449 293 578 consultando
307 517 494 592 absumunt,
509 517 720 618 evincuntque
731 516 892 594 instando,
908 527 944 582 ut
964 515 1064 582 literis
1085 519 1149 598 sibi¹
1273 510 1284 521 ’

83 600 119 664 sd
133 599 336 686 Tsrquinios
350 599 523 666 darentur:
546 623 618 667 nom
633 603 724 667 elrter
760 602 792 668 ui
807 603 983 668 credituros
997 627 1062 681 eos,
1075 625 1144 670 non

86 707 160 752 rsus
173 686 217 752 sb
233 686 352 767 legetis
366 709 465 773 super
486 687 578 752 rebus
593 688 687 754 tantis
762 687 851 754 ersi?
873 690 969 755 Dntae
982 689 1093 768 literoe,
1108 704 1147 756 ut

85 773 196 873 pignus
211 772 291 838 fidei
306 787 426 850 essent,
442 773 638 840 menifestum
654 773 773 840 fucinus
786 775 936 840 fecerunt.
947 779 1022 840 num
1034 797 1149 862 quum,

85 859 181 944 pndie
196 882 297 944 quum
313 859 414 943 legati
427 861 465 924 ad
489 859 678 947 Tarquinios
696 861 982 948 proficiscerentur,
996 861 1022 901 ²²
1034 875 1067 926 et
1080 885 1144 927 ose-

85 960 191 1010 nstum
218 944 306 1010 forte
329 945 417 1030 opud
435 945 577 1011 Vitellios
601 959 692 1027 esset,
707 948 924 1034 conJurstique
945 947 1000 1026 ibi,
1015 949 1146 1014 remotis

87 1031 223 1108 arbitris,
249 1031 355 1096 multe
378 1033 461 1096 inter
483 1055 516 1096 se
540 1033 580 1097 tle
605 1055 699 1109 novo,
716 1047 749 1098 ut
773 1033 820 1112 fit,
836 1034 966 1100 consilio
992 1035 1144 1122 egissent;

88 1139 266 1182 sermonem
283 1137 397 1182 eorum
412 1140 450 1182 ex
470 1120 566 1183 servis
581 1141 662 1183 unus
676 1121 812 1203 excepit,
833 1123 886 1206 qui
905 1121 972 1205 jsrn
998 1134 1090 1188 antes
1114 1120 1146 1184 id

87 1215 226 1268 senserat
236 1204 307 1290 agi:
331 1203 466 1268 sedeam
477 1205 685 1283 occasionem,
701 1221 737 1269 ut
747 1205 849 1270 literoe
862 1205 972 1292 legatis
983 1205 1145 1284 durentur,

89 1313 157 1374 quse
172 1289 386 1374 deprebensae
405 1311 472 1354 rem
494 1313 665 1377 coarguere
678 1306 816 1442 fussent,
832 1291 1043 1378 exspectabat.
1058 1306 1148 1376 post·

109 1397 181 1440 usrn
197 1379 290 1440 dates
305 1373 413 1449 sensit,
437 1397 502 1440 rem
517 1377 558 1441 sd
580 1399 676 1442 consu
690 1401 723 1442 ee
745 1377 866 1443 detulit.
922 1376 1088 1456 Consules,
1104 1379 1143 1442 srl
1153 1395 1276 1456 ospitat-

89 1398 376 1546 deprehendendos
390 1461 509 1545 legatos
530 1465 771 1550 conjuratosque
793 1463 927 1548 profecti
948 1464 1057 1542 domo,
1078 1465 1201 1530 sineter-

89 1547 229 1612 tumultu
245 1569 312 1612 rem
329 1569 456 1612 omnem
468 1551 669 1634 obpressere:
693 1549 852 1616 literarum
868 1551 901 1614 in
915 1550 1027 1638 primis
1040 1551 1148 1616 habito

89 1657 174 1712 curs,
198 1656 242 1700 ne
271 1633 505 1700 interciderent.
550 1636 742 1701 roditoribus
771 1637 929 1722 extemplo
957 1636 990 1700 in
1020 1637 1148 1702 vinculo

89 1719 254 1807 conjectis,
276 1719 318 1784 de
338 1717 451 1806 legetis
469 1657 643 1806 paullulum
666 1723 887 1788 addubitatum
901 1733 966 1788 est:
990 1735 1022 1786 et
1036 1745 1149 1808 quom·

89 1829 186 1893 quom
215 1805 273 1870 visi
303 1818 378 1872 sunt
402 1807 603 1886 oommisisse,
632 1823 668 1874 ut
692 1807 831 1875 hostium
859 1807 930 1874 loco
959 1821 1073 1888 essent,
1094 1810 1148 1895 jus

90 1907 194 1958 umen
210 1893 358 1976 gentium
373 1891 479 1956 voluit.

131 1980 171 2044 V.
199 1977 256 2046 De
278 1980 413 2044 bonisr
454 1979 499 2056 is,
523 2002 594 2066 quse
625 1979 716 2044 reddi
741 1993 814 2045 unte
835 2001 1005 2046 censuerim
1061 1979 1294 2047 ”restionem

88 2065 214 2154 integro
222 2063 359 2130 refertur
373 2001 549 2130 sdeTlatres.
564 2064 608 2129 illi
620 2065 694 2131 victi
707 2066 754 2132 irs
767 2077 896 2130 vetuere
909 2067 1012 2148 reddi,
1020 2062 1295 2140 vetuere'‘³!¹³,¹¹⁵,orum

88 2153 120 2215 in
135 2151 303 2238 poblicum
314 2151 427 2239 redigi.
472 2151 662 2252 Diripiends
676 2151 761 2237 plebi
776 2166 849 2217 sunt
859 2152 952 2231 dsts3
976 2167 1022 2230 ut,
1037 2127 1303 2238 '⁴con·2¹u¹‡¹2J⁰¹¹,¹,¹,⁸,¹„²'

89 2253 174 2304 mets
188 2239 280 2324 regio
300 2236 419 2322 ptaeds,
436 2259 526 2322 spem
545 2251 778 2325 inperpetuum
795 2261 867 2304 cum
883 2240 931 2303 his
953 2240 1040 2323 pscis
1055 2241 1263 2306 emit-crentur.

90 2337 178 2390 teret.
217 2327 306 2408 Ager
318 2323 578 2410 Tarquiniorum,
590 2325 643 2409 qui
660 2324 860 2390 intsrurbem
875 2347 912 2389 sc
922 2324 1064 2390 Tiberim
1077 2325 1148 2404 suit,
1198 2349 1200 2354 ·

88 2426 291 2476 consecratus
315 2409 426 2486 Marti,
453 2409 626 2476 ”Martius
648 2409 763 2474 deinde
784 2431 915 2494 camptu
930 2409 999 2475 fuit.
1054 2411 1151 2477 Forte

90 2498 131 2568 ibi
166 2511 237 2562 tum
269 2518 358 2584 seges
387 2495 477 2560 farris
505 2495 620 2562 dicitur
648 2495 741 2560 luisse
770 2506 897 2559 mature
932 2495 1033 2558 messi.
1056 2516 1149 2580 quesn
1244 2493 1246 2500 ’

89 2583 190 2669 esmpi
208 2581 350 2647 fructum
366 2583 439 2667 quis
460 2581 676 2670 “religiosum
692 2593 760 2649 eret
782 2601 978 2660 consumere,
993 2580 1151 2644 desectum

90 2689 162 2734 cum
177 2681 357 2734 stramento
378 2683 513 2756 segetem
535 2689 651 2754 magns
668 2669 714 2732 vis
731 2665 898 2732 hominum
913 2665 1006 2730 simul
1024 2667 1153 2732 inmissa

90 2755 241 2821 corbibus
256 2753 368 2820 fudere
382 2754 415 2818 in
432 2753 587 2832 Tiberim,
603 2753 692 2820 tenui
712 2753 861 2820 fluentem
877 2775 969 2839 sque,
985 2765 1021 2818 ut
1041 2753 1153 2820 mediis

90 2841 249 2906 caloribus
275 2839 366 2908 solet.
395 2840 441 2906 its
466 2840 499 2904 in
528 2841 616 2905 vadis
644 2840 821 2906 bresitsntis
849 2839 1001 2904 frumenti
1027 2851 1154 2905 scer'vos

90 2929 206 2993 sedisse
229 2926 339 2992 inlitos
364 2925 451 2990 limo.
497 2926 636 2992 insulem
656 2927 730 2992 inde
747 2924 923 3011 paullatim,
940 2938 972 2991 et
986 2925 1065 3004 sliis,
1082 2949 1154 3012 quoe

90 3013 149 3079 lert
174 3029 296 3080 temere
323 3013 455 3090 flumen,
478 3012 587 3078 eodem
612 3013 754 3091 invectis,
781 3011 904 3078 factam.
927 3026 1037 3096 postes
1058 3013 1155 3078 credo
1226 3045 1227 3050 ¹
1284 3045 1287 3051 ¹

91 3101 218 3166 sdditss
232 3097 345 3177 moles,
368 3097 563 3185 nmeumque
584 3100 737 3185 adjutum,
761 3115 797 3163 ut
822 3112 887 3164 tem
909 3098 1051 3163 eminens
1071 3121 1153 3179 meu,

91 3189 267 3274 firmeque·
299 3183 425 3271 templis
445 3206 572 3272 quoque
598 3207 636 3252 sc
656 3185 830 3276 porticibus
853 3185 1044 3250 sustinendis
1065 3199 1154 3252 esset.

494 3323 585 3383 ‘fimo
595 3323 671 3371 Gron.
682 3321 751 3368 Cres.

120 3441 152 3488 ἥ
170 3441 206 3488 Et
222 3445 339 3487 mmm
349 3439 427 3503 fieris]
444 3441 554 3488 Dslcnds
571 3439 607 3486 ri·
636 3435 690 3500 jsso
708 3439 767 3485 olim
783 3437 858 3486 Msrti
874 3449 970 3484 merum
987 3435 1071 3493 fuisse,
1083 3434 1126 3480 ssd
1142 3447 1157 3480 s

92 3505 159 3552 detur
169 3505 338 3566 psrtisulsetr
356 3517 411 3566 quse
427 3505 526 3566 quidsm
542 3505 609 3551 sbcst
641 3503 773 3564 Tarquinio
803 3503 948 3563 religionum
980 3507 1087 3561 spretum
1120 3511 1158 3544 ss·

92 3571 202 3616 seodioe
213 3569 350 3616 Victorino.
640 3569 736 3628 genuus
762 3567 899 3614 consituros
933 3567 986 3612 ideo
1018 3564 1161 3624 religiosum

121 3633 232 3681 wider
245 3635 343 3694 trama
357 3631 458 3696 resersus
472 3631 502 3678 sd
511 3631 608 3696 Patres]
641 3633 725 3686 tuisse,
736 3632 787 3678 stre
798 3631 866 3677 netu
877 3631 957 3676 visum
968 3641 1020 3676 csse
1031 3625 1157 3681 Romanis,

92 3697 210 3746 iubemus
231 3698 367 3744 ‹istibersse
391 3695 473 3744 Pstrss
494 3703 610 3758 tsuqusm
642 3693 717 3760 hujus
727 3696 807 3755 esmpt
817 3695 923 3740 loretum
933 3703 1081 3740 consumere.
1110 3691 1160 3737 lile

15 3783 16 3802 t
95 3763 122 3808 ds
136 3763 236 3824 negotio
255 3763 354 3824 integro
373 3769 398 3808 et
411 3761 511 3816 lntseto,
531 3763 565 3808 its
583 3767 612 3808 ut
645 3761 752 3808 solennis
767 3760 835 3806 loeus
851 3757 967 3804 habendis
983 3755 1087 3804 comitiis
1104 3767 1160 3801 cen-

95 3839 161 3886 sores
181 3827 226 3874 ilto
249 3828 409 3874 dmm-sot
432 3827 516 3872 eodem
540 3827 613 3872 modo
646 3825 749 3872 tusistis.
782 3825 812 3871 ln
837 3837 866 3870 eo
889 3833 985 3884 quoque
1003 3817 1159 3883 juventutem

95 3905 120 3938 ss
138 3893 160 3940 st
175 3893 240 3940 sitsi!
263 3903 377 3952 smqussss
398 3890 429 3937 de
445 3903 474 3936 so
492 3895 612 3937 ststutsun
645 3890 749 3937 merceri
760 3888 857 3936 solttsm
868 3893 953 3934 notum
965 3892 1008 3933 est.

95 3963 158 4004 sset.
677 3952 888 4016 sovtsttgsom
904 3950 966 4013 erat]
995 3947 1072 3996 Netos
1094 3948 1161 3994 vids·

121 4019 152 4070 ts
179 4021 300 4070 cuneta
324 4019 393 4079 regis
409 4018 502 4083 μηδι]
530 4019 613 4073 Quum
645 4021 725 4075 betur,
753 4023 778 4064 et
806 4015 962 4077 religionibus
995 4011 1160 4061 oontnunrns

92 4086 225 4148 dbitieods
259 4087 327 4130 bons
356 4095 450 4143 regrum,
484 4080 615 4130 eommtsss'
645 4083 703 4144 quis
723 4093 811 4141 nunus
835 4093 892 4141 sger
913 4080 987 4126 modo
1007 4081 1161 4125 consumtus

91 4151 201 4202 darm
230 4162 277 4197 ens
306 4159 374 4198 noxs
397 4159 447 4195 sese
474 4147 614 4210 obligaret,
645 4147 733 4195 tosrst.
872 4149 875 4156 ⁴
1126 4147 1129 4154 ⁴

89 4229 135 4264 nse
143 4217 269 4264 somnis
280 4224 326 4260 ses
336 4217 463 4260 mrem
475 4213 580 4262 iecisset.
677 4210 708 4258 Π
716 4207 859 4270 'Musque
874 4205 992 4271 adjutum]
1011 4205 1162 4252 itt-humone

117 4282 148 4330 tt
177 4279 299 4328 Murrus
327 4273 407 4323 delude
432 4289 526 4338 mpss
546 4273 613 4340 suit]
645 4287 716 4337 opere
727 4274 817 4331 soltsm,
834 4273 899 4346 quod
918 4271 1018 4318 fortuito
1034 4281 1091 4316 cestr
1108 4276 1161 4313 bos·

90 4345 157 4398 ltus.
179 4347 197 4392 t.
220 4343 258 4392 V.
283 4339 411 4389 contendit
438 4343 503 4390 hune
527 4353 613 4404 sgruns
646 4341 733 4388 tessere
743 4339 873 4400 inceperet.
883 4337 1014 4384 minutum.

673 4409 730 4465 cl
