3056 4928
324 225 401 288 aad.¹
699 219 983 283 T1T1L1vt1
1177 235 1192 264 ν

94 383 102 402 ’
168 407 302 458 u.c.412
332 391 463 466 Comeli,
479 409 617 452 cacumen
629 388 708 452 illud
717 387 958 470 amularium?
983 385 1118 466 Arrillu
1130 383 1383 466 estspcisulutis·

168 476 197 524 Α
209 476 238 524 ⁰·
248 472 304 524 ³⁴⁰·
329 499 387 562 que
400 475 560 550 aetnaei
567 495 643 551 eom,
656 495 745 557 quarn
754 475 827 537 caeci
836 474 986 557 reliquere
996 473 1155 548 Samnites,
1166 471 1382 554 inpigrecupi-

331 585 403 627 mats.
426 561 496 624 Nc·
512 571 545 624 tu
556 561 632 623 mili
642 561 723 642 plus,
740 580 828 643 quum
840 561 930 622 nnius
939 559 1068 642 legionis
1081 555 1107 596 ⁶⁹
1110 559 1269 641 principes
1278 556 1384 618 leuste-

331 659 443 732 tcsque,
459 647 587 713 dederis.
609 643 790 728 ntm'qur'bus
803 645 856 708 uti
868 666 989 709 euasero
1003 646 1035 708 in
1046 665 1197 724 manum,
1206 663 1304 726 perge
1313 642 1385 704 irinc

332 736 414 798 omni
427 733 505 796 tiber
520 741 607 807 metu,
622 741 709 816 teque
728 740 757 794 et
771 732 932 794 cummium
946 753 1043 794 sunu.
1065 751 1160 814 neque
1173 730 1252 791 enim
1272 729 1387 790 neoni

332 821 435 893 hostis,
451 816 595 902 suipertus
609 817 695 880 nudis
704 818 748 880 ad
758 838 856 882 onnes
868 818 953 892 ictas,
968 817 1034 880 sine
1044 837 1098 880 atu
1109 816 1249 898 pernicie
1257 815 1386 895 poterit.

334 907 400 970 Nos
410 905 518 968 deinde
527 903 721 988 autfertum
731 903 1062 986 perscinduntur
1073 911 1176 964 nostru
1191 903 1287 964 uirtus
1298 921 1387 982 erpe-

334 993 407 1056 diet.
452 988 670 1053 Conlaudatus
693 988 734 1052 ab
756 987 892 1064 consule,
909 1000 1039 1072 accepto
1058 987 1215 1072 praesidio,
1232 985 1319 1048 vadit
1333 1007 1386 1048 oc-

335 1076 438 1142 cultus
452 1097 510 1160 per
522 1074 653 1151 saltum3
676 1096 735 1138 uec
749 1073 837 1158 prius
856 1077 894 1136 ab
911 1074 999 1137 hoste
1016 1086 1063 1138 est
1078 1074 1172 1148 visus,
1188 1091 1283 1158 quam
1305 1071 1385 1148 loco,

336 1185 428 1249 quem
443 1161 580 1247 petebat,
596 1160 871 1246 adpropinquavit.
917 1159 997 1226 lude
1020 1159 1226 1224 admiratione
1244 1159 1386 1241 paventi·

337 1251 396 1314 bus
411 1247 543 1320 cunctis,
560 1269 656 1333 quum
673 1247 815 1310 omnium
829 1247 862 1308 in
877 1269 910 1310 se
924 1249 1062 1310 vertisset
1076 1247 1192 1320 oculos,
1205 1259 1236 1308 et
1250 1267 1265 1306 s
1289 1245 1387 1308 atium

337 1334 457 1400 consuli
481 1333 569 1398 dedit
591 1332 632 1398 ad
653 1331 892 1417 subducendum
908 1353 1019 1420 agmen
1036 1333 1067 1394 in
1083 1333 1251 1415 aequiorem
1268 1267 1387 1406 locum,

336 1435 369 1486 et
383 1422 449 1504 ipse
464 1421 496 1483 iu
512 1441 637 1486 summo
648 1417 786 1483 constitit
799 1419 923 1482 vertice.
969 1417 1135 1494 Samnites,
1151 1417 1227 1480 dum
1240 1415 1304 1480 huc
1316 1417 1390 1481 illuc

337 1509 427 1594 signa
441 1506 755 1590 vertunt-utriusque
770 1505 812 1568 rei
828 1504 942 1568 amissa
955 1504 1128 1582 occasione,
1144 1523 1246 1589 neque
1267 1504 1392 1588 insequi

337 1592 511 1672 consulem,
521 1591 581 1655 nisi
593 1614 649 1676 per
660 1590 804 1654 eamdem
816 1590 939 1666 vallem,
951 1590 982 1653 in
994 1613 1058 1676 qua
1068 1589 1175 1674 paullo
1184 1603 1259 1652 ante
1270 1592 1392 1675 subjec-

338 1696 405 1744 tum
421 1699 493 1744 eum
510 1677 579 1742 tulis
593 1678 656 1742 suis
679 1676 863 1750 habuerant,
880 1690 1028 1760 possunt;
1052 1698 1109 1739 nec
1132 1675 1253 1761 erigere
1277 1698 1392 1760 agrurn

339 1768 370 1830 in
386 1779 513 1848 captum
535 1785 629 1847 super
651 1784 684 1826 se
704 1762 745 1826 ab
765 1761 869 1827 Decio
883 1761 1052 1826 tumulum.
1099 1760 1161 1826 Sed
1181 1782 1279 1847 quum
1297 1763 1345 1826 ira
1359 1763 1392 1825 in

337 1852 396 1914 bos
412 1849 521 1934 magis,
537 1849 592 1935 qui
607 1847 764 1912 fortunam
779 1847 928 1935 gerendo
952 1849 997 1912 rei
1020 1847 1209 1932 eripuerant,
1226 1860 1293 1911 tum
1318 1871 1392 1932 pro-

338 1936 498 2022 pinquitas
527 1933 587 1998 loci
617 1946 712 2019 atque
736 1935 805 2019 ipsa
829 1935 971 2020 paucitas
1001 1933 1128 1998 incitat:
1154 1947 1185 1997 et
1215 1953 1302 1998 nunc
1331 1936 1393 1998 cir·

339 2021 488 2087 cumdaro
516 2020 593 2084 undi
619 2043 657 2084 ue
689 2020 799 2085 collem
829 2019 958 2084 armatis
988 2021 1106 2096 volunt,
1137 2034 1172 2084 ut
1207 2041 1226 2083 a
1262 2023 1394 2086 consule

339 2108 474 2172 Decium
501 2043 730 2184 intercludant;
753 2127 839 2170 nunc
862 2109 943 2171 viam
969 2105 1151 2188 patefacere,
1173 2119 1209 2169 ut
1229 2105 1394 2194 degressos

339 2195 371 2258 in
388 2195 498 2258 vallem
515 2193 709 2258 adoriantur.
731 2194 867 2258 incertos
890 2192 966 2279 quid
989 2206 1129 2280 agerent,
1145 2213 1209 2256 trox
1226 2191 1394 2278 obpressit.

282 2285 292 2296 '
339 2280 478 2346 Decium
494 2280 632 2362 primum
647 2301 717 2365 spes
733 2279 843 2356 tenuit,
859 2301 931 2343 curn
952 2277 1161 2342 subeuntibus
1178 2278 1211 2340 iu
1227 2278 1395 2344 adversum

339 2365 450 2432 collem
466 2388 507 2431 ex
527 2387 563 2430 su
608 2365 690 2430 riore
710 2365 780 2430 loco
794 2387 828 2429 se
840 2380 1075 2449 pugnaturum:
1097 2362 1210 2430 deinde
1224 2363 1395 2430 admiratio

339 2453 476 2529 incessit,
492 2387 648 2537 quodirec
663 2471 800 2539 pugnam
817 2451 942 2530 inirent,
956 2473 1023 2528 nec,
1037 2452 1062 2513 si
1076 2450 1117 2515 ab
1131 2471 1171 2514 eo
1187 2452 1320 2516 consilio
1335 2452 1401 2515 ini··

362 2539 459 2604 uitate
482 2539 542 2603 loci
563 2537 805 2613 deterrerentur,
821 2559 916 2620 opere
930 2561 964 2601 se
980 2537 1125 2622 valloque
1148 2535 1395 2604 circumdarent.

339 2563 425 2690 lum
441 2623 679 2690 centurionibus
694 2623 734 2688 ad
748 2647 781 2688 se
796 2625 924 2703 vocatis,
948 2627 1094 2698 Quanam
1110 2625 1167 2687 illu
1182 2625 1309 2688 inscitia
1324 2625 1398 2690 betti

339 2735 376 2776 ne
384 2712 524 2796 pigritia
539 2716 609 2774 est?
633 2719 688 2774 aut
697 2731 825 2794 quonam
837 2713 924 2773 modo
938 2712 992 2774 isti
1005 2733 1043 2773 en
1056 2711 1201 2775 Sidicinis
1212 2711 1397 2794 Campanis·

339 2820 396 2882 que
410 2798 569 2861 uictoriam
577 2801 791 2878 pepererunt?
815 2797 886 2862 Huc
896 2807 987 2880 utque
1002 2799 1074 2860 illuc
1088 2795 1207 2880 ⁶⁰sr'grru
1223 2800 1348 2876 moueri,
1361 2821 1398 2862 aa

339 2885 426 2946 modo
441 2884 475 2945 in
489 2902 579 2945 unum
593 2881 737 2978 corp‘erri,
750 2883 837 2945 ruodo
852 2884 938 2946 cdrrcr'
948 2884 1065 2947 uidetis.
1088 2903 1162 2965 optas
1181 2885 1302 2966 quidem
1318 2887 1398 2948 inci·

334 2971 388 3052 pit
406 2987 606 3050 aerumpnam
618 2989 689 3049 Jum
705 2970 885 3032 circumdati
897 2970 979 3032 vulla
995 2971 1182 3051 potraers’usus
1196 2991 1269 3033 esse.
1319 2971 1397 3034 Tum

339 3076 411 3118 uero
425 3075 478 3116 nos
492 3052 609 3116 similes
619 3055 742 3116 istorum
756 3055 856 3130 simus,
879 3057 909 3118 si
930 3057 1047 3118 diutius
1065 3056 1116 3118 lu’c
1132 3077 1291 3136 moremur,
1308 3049 1399 3140 qiman

340 3141 517 3204 commodum
531 3141 581 3202 sit.
626 3140 799 3223 Agitedun,
815 3143 858 3204 ite
877 3161 1007 3215 rnecmn,¹
1031 3150 1075 3218 ur,
1092 3144 1160 3205 dum
1179 3142 1255 3206 lucis
1274 3144 1402 3226 uir'quid

339 3233 484 3308 asperari,
500 3224 605 3308 quibus
619 3226 694 3290 locis
699 3227 853 3307 prasidio
860 3237 992 3308 ponunt,
1009 3249 1069 3310 qua
1078 3237 1189 3310 puteat
1203 3229 1276 3291 ltine
1287 3231 1399 3306 eritrcs,

341 3313 535 3394 exploremus.
581 3309 666 3374 Haec
681 3313 789 3375 omnia
803 3312 915 3411 sagulo
932 3312 1053 3400 gregali
1077 3313 1221 3391 amictus,
1237 3314 1401 3378 centurio·

340 3397 434 3460 nibus
454 3396 529 3460 item
546 3396 790 3480 manipularium
805 3397 939 3462 militum
966 3397 1079 3464 habitu
1099 3399 1213 3477 ductis,
1229 3420 1270 3464 ne
1285 3399 1399 3465 ducem

340 3483 506 3550 circumire
521 3485 624 3548 hostes
638 3497 795 3560 notarent,
812 3485 1020 3567 perlustravit.

385 3567 535 3634 XXXV.
559 3568 684 3656 Vigiliis
698 3569 812 3634 deinde
825 3569 993 3654 dispositis,
1009 3571 1121 3636 ceteris
1140 3570 1288 3635 omnibus
1302 3570 1328 3611 ⁶¹
1341 3584 1403 3638 tes-

738 3758 757 3786 Ν
775 3755 828 3803 Nec
839 3757 914 3803 Gran.
927 3757 997 3805 (trev.

370 3943 403 3991 69
419 3943 543 4004 Principes
563 3945 731 4010 Henatorqsr]
755 3947 792 3994 De
814 3947 852 3993 his
886 3945 1019 3994 Romanos.

338 4007 386 4054 ald.
401 4007 591 4057 vrttatnrrr.
624 4011 681 4057 Duo
698 4011 740 4056 itta
754 4025 853 4072 corpora
916 4007 945 4057 tt
968 4008 1097 4073 Taetrum]
1121 4009 1222 4056 Tessata
1243 4011 1342 4071 propria
1366 4012 1402 4055 est

337 4071 472 4118 efficiebant
490 4083 620 4120 numerum
638 4075 765 4122 hominum
784 4076 852 4122 cimi-
884 4077 973 4122 tabella
992 4074 1089 4136 exlgua,
1112 4075 1136 4120 in
1157 4087 1206 4135 qua
1224 4074 1403 4122 msafimbutur

339 4134 458 4182 malou.
884 4139 991 4200 signum,
1014 4153 1056 4186 acu
1079 4139 1217 4200 symbolum
1245 4145 1403 4186 uocmrnum.

370 4196 651 4266 60'Sr'gra...mod0]
668 4203 852 4264 Strenuum·
885 4203 922 4250 Ea
938 4206 984 4250 sub
998 4215 1111 4251 occasum
1128 4203 1194 4258 solu,
1211 4209 1346 4264 antequam
1362 4215 1404 4264 pu·

337 4261 367 4308 de
384 4264 409 4307 lu
427 4276 499 4309 unum
516 4265 625 4326 conferri,
643 4268 711 4326 quael
731 4267 852 4326 quiescere
885 4274 1000 4316 necentur
1019 4267 1118 4330 vigiliae,
1140 4279 1155 4313 ι
1180 4268 1279 4314 trimano
1300 4267 1403 4314 dautur

336 4328 402 4374 intra
416 4335 495 4373 casua
512 4330 641 4375 statuerint
651 4329 786 4386 Samnitesa
805 4344 853 4377 rno-
885 4332 958 4380 militi
968 4333 1075 4387 cuidam,
1088 4333 1136 4388 (cul
1156 4333 1187 4378 ob
1201 4333 1226 4378 td
1244 4331 1327 4392 apum
1338 4335 1403 4378 urre-

336 4390 365 4441 ro
379 4390 535 4451 etiamqursi
549 4393 623 4442 iidem
640 4401 725 4454 parem
739 4396 853 4446 invadere
884 4397 949 4444 meto
973 4409 1061 4445 nomeu
1086 4394 1149 4458 crat)
1176 4406 1268 4458 perque
1295 4393 1402 4456 singulos
