3008 4908
416 243 511 303 ura.
533 242 591 304 111.
631 213 734 304 'cna
752 241 848 308 cxv,
882 236 883 249 ¹
1094 249 1153 314 219

99 417 131 470 et
149 423 188 470 ex
207 405 453 471 continuatione
473 405 670 496 magistratus
690 407 838 472 invidiam
865 407 1070 472 inminentem
1085 429 1191 480 cer—11,
1203 434 1298 482 040⁶,

101 493 191 556 nenti.
235 493 270 556 ui
281 512 385 579 quum
397 515 438 558 ex
449 494 603 560 veteribus
614 493 749 558 tribunis
760 509 890 581 negaret
903 493 997 558 ullius
1011 491 1154 560 se'ratio-
1161 499 1193 548 A·
1205 500 1232 546 0·
1244 497 1302 546 ⁴⁴⁶·

101 601 168 642 nem
183 515 382 662 halctmnm,
397 594 638 667 pugnarentque
652 580 793 668 collegae,
812 595 846 645 ut
865 581 980 645 liberae
1000 581 1102 645 tribus
1121 581 1153 644 in

100 663 279 754 arffiugium
291 666 441 742 mitteret,
453 680 509 730 out
519 665 706 730 concederet
719 681 835 731 sortem
851 667 1050 731 comitiorum
1061 666 1156 731 eolle-

101 751 157 838 gis,
172 752 329 816 habituris
350 773 368 816 e
386 752 456 836 lege
468 753 574 837 potius
588 753 725 830 comitia,
742 775 836 838 quarn
858 775 898 817 ex
915 753 1078 818 voluntate
1094 753 1156 817 Pa·

102 854 203 915 trum;
226 838 343 922 injecta
369 838 581 919 contentione,
606 838 745 916 Duilius,
770 839 913 904 consules
939 839 980 904 ad
1006 839 1156 905 subsellia

102 923 218 988 aduitus
244 945 342 1010 quum
365 925 598 1011 interrogasset,
614 925 690 1026 quid
713 927 754 989 de
778 925 913 990 comitiis
938 925 1156 990 consularibus

101 1011 132 1072 in
160 1011 268 1074 animo
296 1010 460 1088 baberent,
490 1011 796 1098 respondissentque,
826 1033 858 1075 se
889 1033 985 1076 novos
1014 1011 1156 1076 consules

102 1111 271 1172 creaturos,
293 1096 473 1162 ⁷⁸tractores
497 1097 659 1184 popularis
682 1099 848 1161 sententiae
875 1097 962 1162 haud
987 1097 1156 1185 populares

102 1195 221 1260 nactus,
236 1183 270 1247 in
285 1184 470 1248 concionem
485 1205 556 1248 cum
573 1184 610 1248 iis
624 1185 785 1269 processit.
831 1183 896 1248 Ubi
919 1205 1016 1270 quum
1040 1203 1177 1248 consu-x

10 1337 11 1344 χ
104 1271 155 1345 les,
181 1268 332 1353 producti
353 1269 392 1334 ad
415 1271 581 1356 populum,
606 1270 865 1358 interrogatique,
891 1270 917 1333 si
943 1291 996 1335 eos
1020 1271 1157 1356 populus

105 1355 276 1432 Romarm,
290 1377 415 1420 memor
428 1355 583 1421 libertatis
604 1377 663 1441 per
681 1355 752 1420 illos
771 1368 907 1440 receptes
921 1355 1019 1435 domi,
1037 1377 1158 1421 memor

103 1441 223 1506 milities
237 1455 408 1528 rerumque
433 1455 600 1528 gestarum,
617 1443 759 1506 consules
783 1443 896 1507 iterum
921 1441 1048 1521 laceret,
1065 1445 1157 1529 quid-

105 1549 174 1590 nam
194 1527 308 1592 facturi
323 1541 438 1604 essent,
453 1527 533 1592 nibil
548 1528 711 1593 sententiae
726 1549 792 1593 suae
815 1541 1005 1604 mutassent3
1028 1529 1157 1594 conlau-

105 1613 183 1678 datis
206 1613 400 1692 consulibus,
420 1616 504 1701 quod
528 1629 760 1699 perseverarent
774 1615 814 1682 ari
830 1615 976 1680 ultimum
992 1615 1159 1680 dissimiles

103 1699 352 1765 decemvirorum
377 1723 453 1778 esse,
480 1701 609 1766 comitia
634 1702 763 1765 babuit:
790 1715 832 1783 et,
858 1703 999 1790 quiaque
1022 1702 1159 1767 tribunis

105 1785 202 1869 plebis
224 1787 347 1865 creatis,
371 1809 468 1872 quum
491 1809 556 1870 pree
581 1787 692 1852 stadiis
717 1804 826 1872 aperte
847 1791 1021 1874 petentium
1044 1810 1159 1854 novem

104 1872 301 1939 tribunorum
317 1873 371 1938 ulii
385 1873 544 1938 candidati
564 1873 700 1938 lltribus
713 1895 778 1938 non
800 1875 973 1960 explerent,
989 1876 1159 1941 concilium

105 1959 220 2024 dimisit
227 1983 236 2037 ς
266 1977 325 2024 nee
347 1959 464 2023 deinde
488 1961 687 2025 comitiorum
714 1983 822 2026 caussa
845 1961 965 2026 habuit
1012 1961 1161 2027 Satisfec-

106 2059 169 2110 tum
193 2046 256 2132 legi
271 2045 387 2122 aiebat,
403 2068 486 2131 quae,
501 2067 636 2110 numero
654 2068 808 2133 nusquam
833 2047 992 2133 praefinito
1014 2048 1159 2124 tribunis,

107 2132 198 2196 modo
223 2148 258 2197 ut
278 2132 542 2218 relinquerentur,
559 2133 712 2210 sanciret3
735 2147 767 2198 et
789 2134 830 2198 ab
851 2133 901 2213 iis,
917 2136 971 2220 qui
994 2138 1090 2200 creati
1112 2142 1160 2198 es‘·

105 2233 182 2298 sent,
210 2219 355 2324 cooptari
385 2218 520 2306 collegas
542 2220 680 2304 juberet.
727 2219 955 2305 Recitabatque
988 2221 1161 2308 rogationis

107 2325 241 2382 mucan,
268 2325 300 2368 tn
324 2326 398 2391 quo,
425 2307 461 2370 si
483 2305 621 2370 tribunos
640 2305 744 2388 plebei
766 2308 863 2370 decem
888 2307 1014 2390 rogabo,
1037 2309 1066 2370 si
1086 2310 1161 2390 qui!

107 2413 155 2456 vor
168 2394 267 2456 miuus
279 2393 372 2455 bodie
386 2393 483 2455 decem
497 2392 634 2455 tribuum
642 2391 746 2474 plebei
765 2391 791 2433 ⁷⁸
790 2392 954 2476 feceritis:
977 2393 1013 2454 hi
1026 2402 1088 2454 tum
1102 2395 1160 2467 uti,

105 2499 176 2562 quoa
196 2479 258 2542 sibi
277 2480 409 2562 collegas
422 2480 616 2560 cooptassint,
632 2487 666 2540 ut
688 2478 739 2540 illt'
760 2479 891 2560 legitimi
905 2479 1007 2540 eadm
1023 2479 1089 2562 lege
1102 2479 1162 2540 tri·

10 2573 11 2620 3
108 2563 177 2628 beni
193 2563 299 2646 plebei
315 2565 391 2643 sint,
415 2573 450 2626 ut
471 2565 532 2641 illi,
559 2583 632 2648 quor
654 2563 744 2626 hodie
769 2563 906 2626 tribunos
925 2561 1030 2645 plebei
1041 2563 1161 2647 ficere·-

10 2655 11 2720 1
106 2653 152 2714 tir.
208 2649 348 2724 Duilius,
375 2671 472 2735 qpum
507 2650 548 2714 ad
580 2648 726 2713 ultimum
754 2659 990 2732 perseverasset,
1014 2647 1164 2736 negando

10 2731 11 2804 l
109 2735 284 2820 quindecim
297 2736 441 2800 tribunos
456 2735 577 2820 plebei¹
590 2733 817 2818 rempublicam
832 2734 950 2799 hebere
964 2756 1065 2820 posse,
1081 2737 1164 2798 victa

108 2821 296 2909 collegarum
320 2821 504 2907 cupiditate,
524 2823 642 2906 pariter
666 2821 813 2886 Patribus
835 2821 983 2907 plebique
1005 2836 1162 2906 acceptus,

109 2930 154 2972 me
179 2911 288 2973 'stratu
303 2909 391 2973 abiit

181 2995 256 3059 XV.
290 2996 378 3060 Nori
402 2996 522 3060 tribuni
548 2995 648 3082 plebis
677 2995 709 3060 in
735 2985 921 3082 cooptandis
947 2996 1075 3084 collegis
1101 2995 1310 3077 Pegason,

108 3093 188 3145 trum
206 3081 402 3146 voluntatem
424 3080 580 3147 foverunt.
602 3084 682 3146 duos
703 3083 796 3146 etiam
819 3083 968 3168 patricios
981 3082 1314 3147 reomela-etus«

108 3189 226 3255 resque,
245 3169 302 3252 Sp.
311 3167 530 3252 Tarpeiumet
541 3170 582 3233 A.
595 3171 753 3245 merium,
764 3185 962 3253 coeptavere.
1008 3151 1227 3234 consulate·
1241 3151 1305 3197 Her.

107 3255 212 3330 mesti,
234 3254 309 3318 Lar.
327 3251 532 3332 Herminius,
554 3255 594 3319 T.
612 3255 775 3341 Virginius
798 3255 1061 3334 Caelimontanus,
1084 3216 1297 3342 nihiliii‘la.

108 3361 298 3427 magnopere
320 3338 362 3403 ad
387 3339 516 3405 Petrum
540 3353 593 3406 aut
638 3341 717 3405 lebis
732 3363 872 3406 caussam
893 3342 1047 3418 inclinati,
1062 3343 1162 3406 otium
1172 3344 1213 3390 ¹¹¹⁰
1223 3343 1290 3392 ⁰⁰⁸¹·

107 3426 190 3490 (lomi
204 3448 242 3492 ac
256 3426 334 3490 ioris
348 3425 497 3490 habuere.
543 3427 581 3490 L.
629 3427 777 3492 rebonius
787 3429 934 3494 tribunus
946 3427 1058 3512 plebis,
1069 3427 1166 3492 inies-¹

108 3525 156 3578 tos
172 3513 334 3590 Patribus,
351 3515 438 3598 quod
459 3536 491 3577 se
513 3513 554 3577 ab
575 3513 614 3578 iis
637 3516 669 3577 in
691 3513 877 3599 cooptandis
899 3514 1034 3579 tribunis
1055 3511 1167 3578 fraude

282 3657 296 3697 t
313 3653 335 3698 ri
345 3652 526 3714 qum—jimint
538 3653 612 3700 Grou.
626 3654 695 3702 Creu.
809 3635 828 3686 ¹²
840 3653 902 3716 plclt
912 3655 987 3700 Gron.

138 3768 169 3816 'lb
184 3765 428 3827 amorumque
437 3766 621 3814 routentloelroud
653 3777 710 3814 sunt
732 3769 852 3828 eonsules,
870 3769 912 3829 qui
930 3773 984 3814 tum
1006 3766 1167 3825 acceptissimi

104 3833 224 3893 populoru
248 3829 344 3892 nodet]
372 3827 462 3880 Sensus
487 3833 621 3890 expeditior
652 3835 829 3893 erantpopulo.

10 3951 11 3962 ἵ
107 3896 182 3943 multo
201 3897 273 3950 toret,
297 3895 319 3940 si
341 3896 366 3942 in
386 3895 461 3942 elium
485 3897 564 3942 locum
584 3910 620 3942 re·
685 3898 717 3945 77
737 3897 823 3944 rreum
839 3912 883 3944 non
898 3897 1025 3960 explerent]
1043 3895 1167 3956 Nonpoe·

108 3959 314 4072 πιεῑιῶῑίσιὼ
326 3957 391 4068 hx
396 3961 550 4072 mm
567 3973 622 4008 aar·
653 3967 707 4038 sent
717 3961 855 4022 legitimum
868 3967 893 4008 et
905 3961 1069 4071 peeoeupirmm
1080 3959 1168 4036 supra-

108 4023 357 4142 gamm
375 4095 460 4135 ...n
476 4023 620 4149 ,ffel
652 4039 977 4150 bilmlffllmm’
1010 4037 1167 4089 '‘mm'‘

107 4153 163 4210 polo
172 4161 284 4201 auctores
295 4152 424 4200 renuntia
440 4153 505 4200 houd
515 4159 621 4212 accepte
686 4154 718 4200 ’18
733 4154 854 4218 Fecertrt]
871 4154 974 4201 Videtur
981 4155 1099 4214 seriptum
1107 4153 1167 4200 tute·

109 4215 132 4262 iu
153 4217 248 4280 volgum.
283 4217 409 4264 Sententia
429 4217 472 4264 illa
492 4219 559 4263 haud
579 4229 621 4278 po-
654 4231 688 4273 ne,
708 4217 832 4280 serentis,-
859 4219 1065 4278 quemadmodum
1085 4218 1165 4268 inires

111 4281 345 4342 mmetlpius
358 4280 434 4327 Duilli
451 4282 572 4329 uuunder
592 4282 623 4329 de
655 4287 681 4329 ut
699 4283 736 4329 ltlt
754 4296 808 4344 quor
826 4279 1167 4344 lodktrllrmorplelelficr·

111 4357 155 4392 non
173 4345 311 4396 reficieurlb
333 4345 436 4393 citant
451 4346 538 4406 plebel,
558 4348 624 4406 quod
655 4347 716 4394 ritis.

110 4413 329 4474 muman-t
362 4410 624 4472 mmmmm
689 4410 1130 4474 raommlvummeer.
