2978 4918
342 168 397 229 rra
651 229 654 238 ,
741 157 851 220 riri
877 157 1012 220 urvrr

182 343 316 404 usuam.
340 327 409 406 sina
436 323 502 390 ullo
531 333 709 393 commeatu
737 322 840 390 luisse.
868 321 924 389 *ni
944 323 990 388 ita
1017 333 1107 400 esset,
1129 319 1219 386 multi
1240 321 1372 408 privatim

181 408 316 472 ⁸20³&-
340 411 483 478 ferebant
497 409 626 476 Volscio
643 409 791 496 judices⁸.
835 409 946 487 Quum
965 407 1004 474 ad
1022 401 1175 497 judiciuin
1190 409 1236 474 ire
1249 429 1309 472 non
1324 431 1376 472 au·

341 499 439 574 deret,
461 519 571 562 omnes
594 519 640 562 eae
666 519 725 574 res,
749 498 781 562 in
806 517 906 560 unum
932 509 1151 585 congruentes,
1178 495 1259 558 baud
1285 495 1376 577 magis

341 586 469 651 dubiam
506 583 742 670 damnationem
772 579 901 658 Volscii,
931 605 1026 668 quam
1065 581 1211 647 Kaesonis
1238 577 1377 644 ⁵Volscio

341 684 418 736 teste
431 670 545 749 fuerat,
560 668 726 733 iaciebant.
770 667 808 732 In
834 691 922 732 mora
944 668 1064 735 tribuni
1077 681 1177 745 erant,
1194 667 1247 754 qui
1261 665 1378 730 comitia

341 769 514 844 quaestores
527 755 643 820 habere
657 755 698 820 de
719 775 784 832 reo,
800 753 859 818 nisi
874 753 962 840 prius
987 753 1095 820 habita
1120 753 1252 842 deslege
1276 765 1379 828 essem,

339 865 487 929 passuros
514 843 682 930 negabant.
712 841 756 906 ita
777 853 919 906 extracta
942 853 1078 928 utraque
1099 862 1148 906 res
1170 841 1203 903 in
1224 837 1378 904 consulum

339 929 508 996 adrentum
524 943 579 993 est.
625 927 693 1004 Qut
713 927 769 992 ubi
783 925 1014 1012 triumphantes
1031 927 1149 992 victore
1163 947 1235 991 cum
1251 927 1380 990 exercitu

339 1015 449 1081 urbem
465 1015 616 1094 inierunt,
631 1013 705 1100 quia
719 1013 875 1078 silentium
899 1011 939 1078 de
953 1011 1022 1101 lege
1037 1025 1115 1090 crat,
1127 1011 1288 1098 perculsos
1301 1033 1380 1096 mag·

338 1124 380 1168 na
396 1125 468 1187 pars
484 1101 655 1168 credebant
669 1100 824 1164 tribunos.
861 1103 903 1164 At
919 1097 974 1172 illi,
992 1099 1119 1184 (etenim
1130 1114 1302 1163 extremum
1314 1097 1383 1160 anni

266 1193 270 1200 “
332 1190 399 1274 jam
415 1197 497 1271 erat)
524 1199 670 1274 quartum
694 1185 883 1250 adfectantes
907 1183 1114 1263 tribunatum,
1137 1185 1169 1249 in
1191 1185 1382 1250 comitiorum

338 1274 596 1362 disceptationem
619 1275 660 1336 ab
682 1271 751 1359 lege
766 1285 923 1338 cantamen
938 1285 1125 1336 averterant.
1156 1285 1188 1335 ct
1200 1293 1300 1356 quum
1314 1291 1382 1333 con-

337 1361 419 1428 sules
448 1359 549 1426 nihilo
581 1359 685 1425 minus
721 1359 868 1422 adversus
904 1357 1173 1422 continuationem
1204 1357 1385 1434 tribunatus,

360 1448 475 1513 uamsi
496 1446 550 1512 lex
575 1443 756 1509 minuendae
781 1467 846 1508 suae
868 1443 1036 1529 majestatis
1060 1467 1169 1509 caussa
1192 1441 1316 1528 promul
1339 1454 1390 1506 atu

336 1471 482 1610 decretur,
497 1531 714 1611 tetendissent,
727 1531 857 1596 victoria
872 1529 1051 1594 certaminis
1062 1552 1159 1616 penes
1170 1467 1385 1596 tribunosiuit

339 1619 460 1684 Eodem
486 1639 572 1682 anuo
586 1615 699 1702 AEquis
718 1639 784 1702 pax
805 1629 852 1680 est
874 1615 1051 1700 petentibus
1065 1615 1151 1681 data.
1199 1615 1329 1692 Census,
1343 1637 1391 1678 res

175 1717 293 1765 Lustrum
336 1707 445 1792 priore
459 1726 544 1784 anno
560 1701 716 1778 inchoata,
733 1701 911 1788 perficitur:
934 1701 1032 1788 idque
1044 1701 1203 1767 ⁶lustrum
1218 1703 1260 1768 ab
1274 1701 1389 1788 origine

175 1781 306 1830 cadmum.
339 1790 426 1857 urbis
449 1791 608 1856 decimum
633 1789 807 1853 conditum.
862 1788 1003 1853 Fuerunt
1032 1811 1125 1852 censa
1147 1789 1265 1854 civium
1290 1787 1388 1872 capita

336 1891 464 1953 centum
486 1873 706 1961 septemdecim
730 1873 828 1962 millia
848 1886 987 1939 trecenta
1010 1874 1229 1940 novemdecim
1239 1883 1262 1940 ¹.
1307 1877 1388 1940 Con-

336 1964 441 2030 sulum
465 1985 581 2050 magna
603 1959 691 2026 domi
712 1960 849 2047 bellique
870 1983 908 2026 eo
931 1983 1016 2024 anno
1037 1959 1139 2049 glorio
1161 1961 1239 2026 fuit:
1262 1962 1347 2046 quod
1360 1973 1388 2024 et

335 2049 412 2114 foris
438 2071 547 2135 pacem
574 2067 736 2132 peperere,
752 2060 784 2111 et
808 2045 907 2126 domi,
929 2047 989 2112 etsi
1014 2068 1079 2110 non
1107 2068 1253 2126 concors,
1269 2047 1392 2112 ⁷miuus

336 2149 454 2214 tamon,
469 2155 563 2223 quam
578 2134 664 2211 alias,
681 2131 792 2197 infesta
800 2131 909 2197 civitas
923 2131 993 2198 fuit.

174 2218 205 2269 Π·
218 2220 245 2268 ⁰·
256 2219 311 2268 ²9⁶·
381 2223 493 2288 XXV.
518 2221 557 2286 L.
571 2219 736 2286 Minucius
747 2218 822 2284 inde
836 2233 868 2283 et
881 2217 920 2283 C.
931 2218 1067 2283 Nautius
1076 2220 1222 2286 consules
1235 2219 1390 2285 sactiduas

172 2283 312 2398 ffiff
337 2309 479 2376 residuas
507 2309 582 2374 anni
608 2304 722 2392 prioris
751 2328 874 2370 caussas
897 2315 1103 2385 exceperunt.
1146 2307 1273 2372 Eodem
1303 2304 1393 2370 modo

172 2413 261 2473 duc:
338 2395 480 2462 consules
491 2394 603 2482 legem,
617 2392 735 2456 tribuni
746 2389 903 2476 judicium
913 2391 954 2455 de
965 2391 1092 2456 Volscio
1105 2385 1328 2476 inpediebaut:
1342 2387 1392 2454 sed

171 2478 265 2592 {2⁶⁰
277 2479 312 2528 ¹¹·
336 2483 371 2550 in
386 2481 596 2571 quaestoribua
606 2480 697 2546 noris
711 2479 812 2564 major
827 2477 882 2554 vis,
899 2479 997 2564 major
1011 2478 1184 2544 auctoritas
1200 2473 1282 2545 erat.
1316 2477 1393 2542 Cum

348 2630 466 2706 ''juratecm
477 2631 630 2685 Cremonen.
680 2637 792 2706 'nmium
804 2633 955 2696 trimatum
962 2635 1036 2682 miliia
1047 2635 1217 2700 quadringenta
1224 2639 1307 2688 noim
1313 2637 1379 2686 aad.

370 2773 388 2820 t
403 2771 443 2818 Ni
463 2773 498 2818 tta
516 2765 584 2831 estat]
599 2769 689 2816 Praeter
710 2773 851 2827 quaestores,
883 2777 1003 2830 oporteret
1013 2771 1044 2818 ab
1055 2785 1084 2817 ec
1094 2773 1254 2832 magistratu.
1265 2767 1336 2833 cujus
1351 2771 1400 2812 ertt

336 2838 379 2902 qui
399 2835 529 2896 publleeet
540 2834 564 2878 vi
575 2833 731 2893 magistratus
742 2833 780 2878 sui
792 2832 851 2882 Vol·
880 2831 1025 2895 jurisdictio,
1041 2849 1128 2894 nempe
1144 2835 1235 2896 primis
1254 2833 1400 2894 temporibus

337 2901 415 2948 scium
435 2899 589 2948 accusabant,
601 2895 674 2942 multi
695 2897 808 2954 privatim
826 2905 851 2946 et
883 2911 898 2944 a
914 2901 1022 2957 consule,
1033 2907 1115 2960 postea
1125 2912 1140 2945 a
1150 2907 1279 2960 praetoret
1297 2905 1362 2946 actor
1377 2900 1398 2940 tt

336 2961 558 3010 monomineeum
577 2959 602 3006 iu
621 2957 664 3022 jus
683 2961 810 3017 vocabant,
826 2971 851 3010 et
882 2966 1111 3011 reuscommuniter
1131 2965 1163 3010 ab
1186 2977 1217 3011 eo
1240 2963 1399 3024 postulauit.

335 3041 417 3076 coram
431 3023 515 3088 judice
531 3037 613 3072 aecum
629 3025 762 3084 disceptare
780 3023 852 3087 jube-
883 3035 910 3072 ut
919 3029 958 3074 hic
968 3030 1010 3088 qui
1021 3034 1164 3076 convenerat
1182 3029 1231 3076 sibi
1247 3025 1401 3090 judexdare·

336 3095 404 3144 hant.
420 3091 559 3150 spondendo
578 3102 603 3134 ae
619 3095 710 3136 certam
730 3093 851 3147 quandam
884 3098 931 3138 tur.
966 3093 1148 3154 Nonnunquam
1169 3101 1242 3140 actor
1265 3109 1308 3142 reo
1324 3093 1400 3146 dabat,

334 3156 445 3216 pecumae
473 3157 596 3199 'summam
620 3154 729 3206 daturos,
752 3156 773 3200 si
796 3169 852 3202 reus
885 3161 913 3202 ut
931 3159 982 3217 ipse
996 3157 1101 3220 judicem
1121 3157 1217 3210 diceret.
1236 3159 1254 3207 i.
1275 3173 1296 3204 e.
1319 3167 1400 3202 eume

334 3221 506 3280 probaratnon
522 3217 557 3263 ita
577 3231 602 3264 ae
621 3231 673 3263 rem
693 3217 787 3265 habere.
822 3220 851 3267 In
881 3217 1013 3282 judicibus,
1023 3235 1097 3282 quem
1115 3223 1162 3282 ipsi
1182 3221 1402 3281 mammaeam·

333 3285 468 3332 intentione
484 3282 534 3328 litis
550 3286 852 3332 actoretreussemutuo
885 3291 922 3331 ret
943 3293 968 3332 et
989 3286 1165 3346 umagistratu
1186 3290 1336 3346 postularet.
1367 3284 1403 3330 Sic

334 3349 463 3408 sponsione
495 3348 674 3406 provocabant3
703 3353 727 3393 et
755 3349 851 3408 utrique
884 3350 988 3406 initae.
1006 3351 1044 3398 56.
1066 3349 1324 3414 VirginiusAppium
1342 3361 1403 3395 com·

335 3425 431 3460 necesse
451 3415 504 3459 erat
525 3412 655 3471 spondere,
673 3425 707 3466 se.
730 3413 777 3458 nisi
798 3425 851 3460 rem
885 3415 958 3472 pellat
975 3415 1117 3462 hisverbiss
1144 3415 1225 3462 Unius
1246 3421 1341 3464 matum
1360 3411 1403 3460 cti·

334 3477 492 3536 probaretita
508 3489 559 3522 esse
576 3477 782 3536 quemadmodum
793 3491 850 3523 con-
883 3480 955 3525 nante
969 3479 995 3524 ai
1005 3479 1186 3543 jttdioemdicet.
1224 3481 1345 3530 Ceterum
1356 3481 1405 3526 An·

334 3541 453 3596 tenderet,
476 3547 567 3587 certam
587 3543 718 3599 quamdam
741 3543 850 3600 pecunia
883 3545 952 3590 dress
970 3551 995 3590 et
1006 3544 1148 3590 vetustiores
1167 3545 1232 3590 editi
1250 3547 1345 3593 habent
1363 3545 1406 3588 hoc

334 3619 469 3664 summam,
484 3618 540 3664 quae
557 3605 693 3658 liniebatur,
705 3605 849 3651 solutunnn.
883 3608 936 3654 loco
963 3607 1069 3668 judicet.-
1097 3608 1200 3668 optimae
1244 3610 1406 3660 membrana·

335 3669 393 3718 Vid.
411 3673 469 3718 Aac.
481 3669 607 3716 Pedinl.
618 3668 638 3714 1.
655 3667 806 3721 invenem.
823 3683 851 3732 m,
883 3677 944 3719 teste
965 3673 1096 3732 Gmnovio,
1119 3671 1223 3734 judicia.
1260 3675 1349 3736 Itaque
1368 3673 1406 3718 itte

336 3732 390 3783 116.
433 3733 532 3782 Talium
559 3733 717 3792 sponsionum
739 3734 850 3792 exempla
881 3737 957 3782 eredit
974 3735 1073 3784 Livium
1083 3735 1210 3796 scripsisse
1226 3739 1333 3800 judices.
1353 3735 1408 3797 quia

333 3799 408 3846 habea
426 3799 492 3860 apud
512 3797 561 3842 cic.
585 3797 633 3843 111.
654 3797 684 3843 de
701 3797 750 3844 Off.
768 3811 792 3841 n.
811 3797 849 3844 tt.
882 3813 969 3861 nempe
979 3801 1062 3859 multi,
1073 3807 1097 3847 et
1108 3801 1169 3848 attus
1191 3803 1276 3849 alium
1299 3804 1408 3851 ferebant

334 3861 651 3912 VatMax.l.11.c.S.
687 3859 761 3906 Ροπο
771 3872 848 3920 quum
882 3865 977 3911 Volscio
984 3862 1102 3926 judicem.

332 3933 400 3974 actor
403 3927 472 3988 serre
483 3923 587 3986 judiam
601 3937 643 3970 reo
661 3925 759 3978 dicitur,
778 3925 849 3971 intel·
914 3929 951 3976 δ’
965 3929 1052 3977 Volscio
1078 3931 1144 3996 uate]
1169 3929 1212 3977 Ob
1237 3934 1409 3980 tastimostium

331 3991 458 4052 ligandum
474 3995 510 4035 est
522 3989 553 4034 ab
563 4001 592 4034 eo
603 3989 748 4034 nominatim
768 3991 849 4038 offerri
882 3992 982 4041 Volscil.

331 4069 359 4103 ac
376 4055 477 4126 propopi
494 4053 599 4128 aliquem
611 4067 625 4097 e
637 4049 771 4114 judicibus,
783 4056 848 4114 apud
913 4059 929 4104 a
948 4058 1058 4106 tuarum
1070 4086 1121 4106 ....
1132 4057 1269 4128 decimam]
1288 4064 1350 4111 Vid.
1363 4067 1410 4110 not

331 4133 406 4180 quem
417 4120 447 4168 de
453 4129 509 4179 Jure
520 4123 646 4177 utriusque
657 4117 847 4178 disceptareturs
881 4121 903 4167 8.
915 4123 947 4169 ad
957 4136 978 4169 e.
990 4123 1012 4170 8.
1022 4121 1095 4186 hujus
1106 4123 1168 4171 libri.

331 4178 848 4298 tit.i.¹“tit'titt.“⁰ttt.³ttt¹t⁰t
881 4185 1200 4300 ..t0iit“‘···''”s‘''⁰¹
1220 4191 1314 4242 ΜΝ
1327 4197 1416 4242 “““

331 4312 440 4372 singulas
448 4311 503 4356 lites
511 4305 630 4370 judicem,
640 4311 678 4356 vat
690 4305 786 4370 judices
796 4311 848 4358 dart
