3032 4924
359 221 416 294 'sse
749 209 1023 295 r1r1n1'v11

199 407 230 456 u,
241 411 267 457 c.
279 405 333 454 sm.
359 395 452 460 Iaetus
466 395 507 459 ed
522 394 644 474 milites,
656 396 723 482 jam
739 418 826 460 arms
842 395 881 460 ud
897 395 1128 482 ⁴⁹propositum
1143 415 1261 485 pugnes
1275 397 1412 482 signum,

197 469 334 552 ³:⁰⁸⁸}
359 482 442 546 sicut
455 481 591 546 edictum
615 497 693 560 erut,
709 479 777 547 luce
798 482 899 568 prima
921 485 1088 570 cupientes,
1104 484 1273 567 processit:
1296 485 1413 549 Nostro

197 539 328 648 ffitff
358 570 488 633 uictoria
503 579 557 644 est,
572 569 693 645 milites,
708 569 819 654 iuquit,
835 572 864 633 si
877 571 954 654 quid
967 571 1030 634 Dii
1048 580 1187 654 uatesque
1201 581 1301 634 eorum
1317 571 1413 655 iusu-

197 667 293 714 mittes
358 663 457 718 turum
472 656 585 720 uident.
600 657 713 738 itaque,
726 666 759 719 ut
774 659 855 719 decet
869 665 959 720 cerlae
968 657 1034 738 spei
1041 658 1159 738 plenos,
1171 671 1200 719 et
1213 679 1277 719 crem
1293 658 1414 740 inpari-

358 739 411 804 bus
425 762 531 804 ruentes
544 751 739 819 conserturos,
750 744 829 825 pilis
842 752 915 805 erute
922 745 1017 824 pedes
1028 743 1150 824 positis,
1163 743 1283 827 gladiis
1296 751 1413 806 tontum

358 827 482 892 deutrus
496 849 662 890 armemus.-
678 849 716 890 ne
723 830 871 911 procurri
884 829 1001 912 quidem
1016 827 1056 890 ub
1070 830 1137 892 acie
1150 831 1248 904 velim,
1260 831 1315 893 sed
1328 829 1413 892 obni-

357 933 405 976 sos
419 935 469 977 uos
482 913 589 976 stabili
599 915 702 996 gradec
717 915 849 996 inpetum
864 915 991 978 hostium
1006 915 1152 996 excipere.
1192 913 1255 979 Ubi
1269 916 1321 980 illi
1334 936 1414 978 uano

358 998 517 1082 injecerint
536 999 675 1076 missilia,
690 1009 720 1063 et
733 1001 824 1086 ‘ffi‘Si
843 1000 992 1064 stantibus
1011 1000 1093 1064 uobis
1113 1020 1145 1064 se
1165 1001 1339 1077 intulerint,
1354 1011 1414 1064 tum

358 1085 468 1149 micent
480 1087 595 1170 gladii,
610 1095 640 1149 et
661 1088 765 1150 ueniat
787 1089 819 1150 in
842 1095 965 1148 mentem
990 1087 1160 1170 unicuique,
1176 1087 1259 1150 Deos
1274 1110 1347 1164 esse,
1363 1089 1416 1172 qui

359 1171 529 1235 Romarm
540 1170 683 1255 oely'uoent
691 1206 702 1244 ,-
720 1173 816 1252 Deos,
830 1173 884 1254 qui
896 1174 1032 1236 secundis
1042 1171 1147 1236 auidus
1159 1174 1192 1235 iu
1200 1175 1347 1254 prelium
1359 1174 1413 1236 mi·

358 1259 464 1322 serint.
513 1255 568 1332 Tit,
590 1257 626 1320 Τ.
645 1256 781 1333 Quincti,
797 1259 923 1342 equitem
940 1259 1072 1322 intentus
1086 1259 1130 1320 ed
1141 1260 1275 1340 primum
1292 1261 1413 1324 initium

358 1345 433 1408 moti
445 1345 621 1407 certaminis
634 1353 752 1408 teneus:
769 1345 822 1407 udi
835 1342 1023 1426 lraererejnm
1035 1345 1129 1406 eciem
1144 1347 1263 1407 conlmo
1270 1348 1355 1428 pede
1369 1347 1414 1409 ui·

358 1432 451 1507 deris,
466 1441 527 1493 tum
542 1441 684 1493 terrorem
700 1441 860 1514 equestrem
872 1431 1026 1512 occupatis
1040 1429 1105 1493 clio
1113 1451 1230 1512 pauore
1241 1431 1343 1516 infir.-
1368 1433 1414 1495 in-

261 1517 265 1529 '
358 1526 512 1600 vectusque
526 1517 647 1579 ordines
655 1519 859 1600 pugnantium
876 1517 1003 1598 dissipa.
1049 1514 1102 1579 Sic
1120 1537 1223 1602 eques,
1240 1517 1284 1580 sic
1306 1517 1413 1603 pedes,

357 1614 613 1750 ptupraeceperut,
630 1617 792 1687 pugnant:
815 1621 873 1664 nec
892 1599 958 1663 dux
981 1599 1131 1688 legiones,
1147 1623 1204 1665 nec
1226 1600 1356 1668 fortuna
1371 1603 1414 1668 Ie·

370 1711 388 1751 e
413 1687 436 1750 it
450 1689 573 1751 ducem.

402 1771 502 1837 XIII.
526 1770 702 1836 Multitudo
723 1769 859 1838 bostium
874 1771 987 1838 ⁵⁰nulli
1002 1773 1056 1852 rei,
1072 1788 1284 1860 praeterquam
1301 1795 1414 1838 nume·

358 1882 406 1935 ro,
421 1858 510 1935 fretu,
527 1870 558 1922 et
571 1857 669 1922 oculis
683 1870 850 1942 utrumque
864 1860 994 1924 metiens
1008 1861 1117 1937 eciem,
1133 1875 1249 1926 temere
1263 1859 1412 1946 proeiium

357 1945 437 2020 iniit,
454 1958 572 2009 temere
593 1943 717 2008 omisit:
740 1942 876 2010 clamore
896 1958 1019 2011 tuntum
1042 1946 1271 2032 missilibusque
1293 1946 1366 2010 telis
1383 1961 1414 2010 et

356 2031 461 2117 primo
482 2051 599 2118 pugnae
620 2029 729 2116 inpetu
753 2032 854 2115 ferox,
868 2031 990 2119 gladios
1011 2046 1042 2097 et
1064 2033 1222 2097 conlatum
1247 2031 1360 2118 pedem
1382 2045 1414 2098 et

288 2125 291 2132 '
356 2117 478 2182 vultum
507 2115 616 2193 hostis,
642 2118 753 2180 urdore
777 2117 873 2180 animi
900 2119 1077 2197 micantem,
1098 2118 1181 2183 ierre
1204 2140 1269 2182 non
1295 2119 1413 2202 potuit.

357 2203 487 2290 Inpulsu
510 2202 596 2266 frons
618 2202 729 2288 primu,
746 2213 777 2266 et
791 2203 960 2287 trepidatio
982 2204 1128 2270 subsidiis
1148 2204 1254 2280 inlate,
1272 2218 1303 2269 et
1322 2225 1413 2270 suum

283 2287 286 2294 ’
356 2305 509 2356 terrorem
532 2288 638 2354 intulit
659 2294 770 2374 equesi
793 2289 878 2374 rupti
892 2290 964 2354 inde
978 2289 1085 2355 multis
1099 2289 1176 2356 Iocis
1191 2291 1330 2368 ordines,
1347 2313 1413 2355 mo-

355 2390 451 2465 tuque
472 2377 590 2459 omnis,
609 2389 641 2439 et
661 2375 824 2440 fluctuanti
846 2375 954 2440 similis
976 2378 1056 2441 scies
1078 2390 1154 2441 erut.
1178 2377 1303 2454 deinde,
1327 2391 1413 2462 post·

356 2485 461 2551 quum,
482 2459 667 2528 cudentibus
690 2462 809 2546 primis,
825 2462 892 2547 jam
915 2462 955 2527 ud
978 2485 1011 2527 se
1033 2464 1163 2548 quisque
1188 2477 1411 2548 perventurum

355 2551 476 2615 caedem
492 2547 651 2625 cernebat,
668 2561 756 2632 terge
769 2562 906 2614 vertunt.
951 2547 1073 2613 Instare
1089 2549 1272 2627 Romanus3
1296 2565 1340 2628 et,
1356 2549 1412 2613 do·

354 2659 413 2702 nec
428 2636 539 2702 armati
554 2633 748 2720 consertique
762 2634 901 2713 abibunt,
912 2635 1053 2718 peditum
1068 2635 1158 2700 labor
1172 2635 1204 2698 in
1220 2656 1413 2722 persequen-

354 2723 398 2787 do
419 2719 488 2786 tuit.
510 2735 579 2808 post
604 2741 675 2783 uam
696 2721 809 2806 jactari
830 2741 917 2784 erma
939 2724 1064 2806 passim,
1081 2723 1217 2809 fugaque
1238 2743 1297 2806 per
1320 2745 1412 2811 agros

354 2811 459 2896 spargi
475 2809 571 2871 selem
618 2805 733 2870 ostium
748 2807 997 2871 animadversum
1014 2821 1059 2872 est
1070 2823 1083 2884 ;“
1101 2822 1167 2871 tum
1185 2807 1329 2893 equitum
1346 2823 1413 2873 tur·

354 2915 417 2957 ruae
432 2893 564 2970 emissae,
577 2891 688 2954 61ὼιῐο
703 2891 804 2977 signo,
817 2914 867 2971 ne,
883 2893 915 2956 in
931 2893 1127 2978 singulorum
1143 2895 1299 2958 morando
1314 2895 1411 2972 taede,

355 2979 491 3064 spatium
514 2976 554 3043 ud
580 2975 777 3064 evadendum
804 2977 930 3042 interim
961 2979 1155 3044 multitudini
1179 2980 1303 3044 darent.
1335 2981 1410 3045 satis

354 3087 430 3142 esse,
443 3063 609 3128 missilibus
621 3085 658 3126 uc
668 3078 787 3127 terrore
797 3063 939 3149 inpedire
949 3077 968 3104 ¹⁰
984 3087 1123 3143 cursum,
1136 3065 1413 3154 obequitandoque

354 3172 467 3240 agmen
487 3149 596 3227 tenerI,
612 3148 689 3212 dum
708 3147 835 3236 adsequi
857 3151 952 3236 pedes
971 3165 1002 3216 et
1015 3151 1132 3238 ”justu
1152 3153 1240 3216 caede
1255 3152 1412 3218 conficere

353 3237 476 3302 bostem
501 3246 611 3322 posset.
657 3235 757 3320 Fuge)
778 3238 990 3388 sequendique
1004 3259 1077 3301 vnon
1099 3251 1172 3303 unte
1194 3253 1322 3302 noctem
1341 3239 1411 3303 finis

353 3323 430 3389 fuit:
454 3333 545 3408 capta
559 3345 684 3410 quoque
700 3343 737 3385 uc
751 3321 876 3408 direpta
890 3345 926 3388 eo
951 3345 1000 3388 ern
1021 3325 1073 3388 die
1094 3339 1194 3390 castra
1208 3323 1410 3404 Volscorum,

682 3485 687 3492 ·
728 3479 748 3507 Β
759 3477 865 3538 lnquedlrl
875 3477 949 3526 Gron.
961 3477 1029 3524 Cres.

384 3629 417 3677 te
432 3629 581 3691 Propositum
587 3641 675 3690 pugne
685 3630 792 3693 wem]
810 3630 862 3690 Sig-
895 3631 1016 3678 GronovIo
1027 3629 1138 3692 inspecti,
1146 3637 1171 3678 et
1181 3632 1314 3692 pleriquec
1325 3631 1412 3678 nostris

352 3709 413 3744 num
439 3695 500 3742 iliud
525 3701 576 3739 erat
603 3705 689 3752 rugum
715 3695 864 3752 coccineum,
895 3697 1009 3744 exhibent
1035 3695 1111 3758 instdoe
1217 3697 1321 3744 mrictoti
1337 3695 1411 3758 seete·

351 3761 416 3822 quod
432 3773 505 3820 supra
524 3760 671 3818 preturium,
687 3757 738 3803 sive
753 3760 863 3804 taberne·
898 3759 965 3806 Unde
981 3761 1100 3806 dubitatio
1110 3761 1167 3807 oriri
1182 3767 1316 3820 potestur
1329 3761 1411 3807 Lirim

350 3825 433 3870 cuium
471 3823 632 3883 imperatoris,
674 3823 861 3882 expandebatur.
894 3838 950 3871 cum
967 3825 1039 3871 dandi
1059 3838 1116 3872 essu
1136 3837 1225 3870 nomen
1237 3823 1322 3886 fretus
1339 3825 1411 3870 biter-

350 3889 417 3936 I’Iut.
428 3889 452 3935 in
466 3887 523 3934 Feb.
894 3890 952 3936 dum
964 3885 1134 3950 subjunxerit.
1150 3888 1239 3934 Tutius
1248 3895 1332 3934 temen
1342 3894 1410 3948 putu-

347 4003 349 4010 ,
382 3952 414 4000 50
430 3950 863 4016 Nuturn....sreu]11simtius
894 3966 951 4000 mus
961 3953 1126 4014 pervulgatum
1136 3953 1250 4014 loquendi
1259 3953 1410 3998 sormmse-

349 4023 412 4062 esset
421 4017 484 4062 nullo
494 4022 568 4070 reret
577 4016 611 4063 sic
620 4017 755 4064 Gronovius
763 4023 788 4061 et
799 4015 864 4064 vict.
896 4017 945 4078 qui·
1246 4047 1254 4060 .
1386 4055 1390 4062 ,

349 4083 432 4126 codex.
464 4079 557 4126 'iumen
569 4081 593 4126 in
609 4088 658 4126 not.
671 4081 709 4128 to.
722 4081 752 4127 sd
764 4077 811 4127 IV.
822 4081 862 4128 37.
925 4079 955 4128 ul
973 4081 1036 4128 Dato
1052 4082 1118 4142 rlgno
1148 4079 1203 4126 Vid.
1218 4085 1268 4126 not.
1285 4078 1326 4128 42
1342 4081 1374 4128 sd
1388 4091 1409 4126 e.

350 4145 391 4190 ubi
404 4145 539 4190 Gronovius
550 4145 624 4190 edidit
637 4149 744 4204 tunquam
759 4149 863 4190 constan·
894 4144 962 4192 36.-1.
974 4143 1007 4192 V.
1018 4153 1043 4192 et
1054 4153 1104 4192 nm⁸
1131 4144 1242 4191 saun.
1256 4143 1296 4191 20.

349 4210 438 4254 tlselmo
459 4223 485 4254 re
500 4207 600 4270 sentuno
619 4207 707 4270 sectus,
728 4209 863 4255 0bservmi·
926 4206 1058 4256 eentum
1075 4209 1145 4274 cede]
1167 4209 1240 4255 Piens
1260 4211 1338 4263 cede,
1355 4219 1408 4269 qun

350 4285 406 4317 mus
422 4273 446 4317 In
458 4273 552 4332 scriptis
569 4273 616 4332 legi
634 4277 741 4332 tunquam
759 4275 862 4318 coneten-
896 4287 943 4318 non
963 4279 1070 4333 carperet
1089 4276 1191 4326 hostem,
1212 4273 1254 4320 sed
1274 4274 1408 4320 conficeret·

350 4335 500 4392 tumescerem
514 4337 710 4394 quoedsmetism
719 4336 864 4397 habercsor·
896 4335 953 4384 Vid.
967 4345 1017 4386 not.
1028 4337 1067 4388 27.
1078 4340 1109 4386 sd
1121 4337 1141 4386 1.
1153 4335 1176 4384 t

348 4403 420 4446 turre.
436 4401 468 4449 Iit
479 4401 495 4447 I.
508 4401 579 4447 VIII.
591 4415 612 4448 e.
625 4400 665 4448 22.
680 4401 762 4462 scripti
779 4412 863 4447 omnes
