<?xml version="1.0" encoding="UTF-8"?>
<!DOCTYPE html PUBLIC "-//W3C//DTD XHTML 1.0 Transitional//EN"
    "http://www.w3.org/TR/xhtml1/DTD/xhtml1-transitional.dtd">
<html xmlns="http://www.w3.org/1999/xhtml" xml:lang="en" lang="en">
 <head>
  <title>
</title>
<meta http-equiv="Content-Type" content="text/html;charset=utf-8" />
  <meta name='ocr-system' content='tesseract 3.04.00' />
  <meta name='ocr-capabilities' content='ocr_page ocr_carea ocr_par ocr_line ocrx_word'/>
</head>
<body>
  <div class='ocr_page' id='page_1' title='image "./tliviipatavinih02crevgoog_0460.png"; bbox 0 0 3056 4928; ppageno 0'>
   <div class='ocr_carea' id='block_1_1' title="bbox 455 229 1186 295">
    <p class='ocr_par' dir='ltr' id='par_1_1' title="bbox 455 229 1186 295">
     <span class='ocr_line' id='line_1_1' title="bbox 455 229 1186 295; baseline -0.003 -1"><span class='ocrx_word' id='word_1_1' title='bbox 455 233 548 294; x_wconf 86' lang='lat' dir='ltr'><strong>LIB.</strong></span> <span class='ocrx_word' id='word_1_2' title='bbox 569 232 655 295; x_wconf 83' lang='lat' dir='ltr'><strong>vttl.</strong></span> <span class='ocrx_word' id='word_1_3' title='bbox 684 233 786 294; x_wconf 78' lang='lat' dir='ltr'>CAP.</span> <span class='ocrx_word' id='word_1_4' title='bbox 807 229 859 292; x_wconf 85' lang='lat' dir='ltr'><strong>Vl.</strong></span> <span class='ocrx_word' id='word_1_5' title='bbox 1128 237 1186 292; x_wconf 76' lang='lat'><strong>453</strong></span> 
     </span>
    </p>
   </div>
   <div class='ocr_carea' id='block_1_2' title="bbox 123 386 1349 737">
    <p class='ocr_par' dir='ltr' id='par_1_2' title="bbox 123 386 1349 737">
     <span class='ocr_line' id='line_1_2' title="bbox 123 386 1329 479; baseline 0.002 -23"><span class='ocrx_word' id='word_1_6' title='bbox 123 386 308 476; x_wconf 73' lang='lat' dir='ltr'><strong>jrtssasque.</strong></span> <span class='ocrx_word' id='word_1_7' title='bbox 333 393 530 479; x_wconf 71' lang='lat' dir='ltr'><strong>‘Peregrinos</strong></span> <span class='ocrx_word' id='word_1_8' title='bbox 538 395 671 460; x_wconf 71' lang='lat' dir='ltr'><strong>emunda</strong></span> <span class='ocrx_word' id='word_1_9' title='bbox 684 403 716 462; x_wconf 82' lang='lat' dir='ltr'><strong>et</strong></span> <span class='ocrx_word' id='word_1_10' title='bbox 723 395 920 478; x_wconf 81' lang='lat' dir='ltr'><strong>peregrinum</strong></span> <span class='ocrx_word' id='word_1_11' title='bbox 931 399 1065 458; x_wconf 77' lang='lat' dir='ltr'><strong>senuaar</strong></span> <span class='ocrx_word' id='word_1_12' title='bbox 1077 393 1226 472; x_wconf 70' lang='lat' dir='ltr'><strong>intuma</strong></span> <span class='ocrx_word' id='word_1_13' title='bbox 1238 409 1329 460; x_wconf 74' lang='lat' dir='ltr'><strong>utta</strong></span> 
     </span>
     <span class='ocr_line' id='line_1_3' title="bbox 133 477 1349 568; baseline -0.001 -25"><span class='ocrx_word' id='word_1_14' title='bbox 133 477 269 560; x_wconf 84' lang='lat' dir='ltr'><strong>Jupiter,</strong></span> <span class='ocrx_word' id='word_1_15' title='bbox 284 488 437 564; x_wconf 77' lang='lat' dir='ltr'><strong>asuguruto</strong></span> <span class='ocrx_word' id='word_1_16' title='bbox 450 483 571 563; x_wconf 76' lang='lat' dir='ltr'><strong>tarpio,</strong></span> <span class='ocrx_word' id='word_1_17' title='bbox 587 490 693 563; x_wconf 85' lang='lat' dir='ltr'><strong>captus</strong></span> <span class='ocrx_word' id='word_1_18' title='bbox 706 491 798 568; x_wconf 83' lang='lat' dir='ltr'><strong>atque</strong></span> <span class='ocrx_word' id='word_1_19' title='bbox 812 482 876 562; x_wconf 84' lang='lat' dir='ltr'><strong>ipse</strong></span> <span class='ocrx_word' id='word_1_20' title='bbox 890 478 1054 562; x_wconf 79' lang='lat' dir='ltr'><strong><em>obpressus,</em></strong></span> <span class='ocrx_word' id='word_1_21' title='bbox 1070 477 1329 558; x_wconf 48' lang='lat' dir='ltr'><strong>usuram&amp;-</strong></span> <span class='ocrx_word' id='word_1_22' title='bbox 1345 531 1349 542; x_wconf 85' lang='lat'><em>.</em></span> 
     </span>
     <span class='ocr_line' id='line_1_4' title="bbox 133 563 1187 650; baseline 0.002 -24"><span class='ocrx_word' id='word_1_23' title='bbox 133 568 189 626; x_wconf 74' lang='lat' dir='ltr'><strong>es?</strong></span> <span class='ocrx_word' id='word_1_24' title='bbox 214 565 489 650; x_wconf 85' lang='lat' dir='ltr'><strong>Hoeccinefoedera</strong></span> <span class='ocrx_word' id='word_1_25' title='bbox 508 567 614 632; x_wconf 78' lang='lat' dir='ltr'><strong><em>Tullus</em></strong></span> <span class='ocrx_word' id='word_1_26' title='bbox 627 567 783 630; x_wconf 76' lang='lat' dir='ltr'><strong>Romanius</strong></span> <span class='ocrx_word' id='word_1_27' title='bbox 796 588 853 630; x_wconf 80' lang='lat' dir='ltr'><strong>rex</strong></span> <span class='ocrx_word' id='word_1_28' title='bbox 865 567 929 628; x_wconf 76' lang='lat' dir='ltr'><strong>uum</strong></span> <span class='ocrx_word' id='word_1_29' title='bbox 943 563 1117 643; x_wconf 77' lang='lat' dir='ltr'><strong>¹⁸Alhaur‘s,</strong></span> <span class='ocrx_word' id='word_1_30' title='bbox 1126 587 1187 650; x_wconf 88' lang='lat' dir='ltr'><strong>pa-</strong></span> 
     </span>
     <span class='ocr_line' id='line_1_5' title="bbox 133 649 1187 737; baseline 0.005 -26"><span class='ocrx_word' id='word_1_31' title='bbox 133 649 229 714; x_wconf 82' lang='lat' dir='ltr'><strong>tribus</strong></span> <span class='ocrx_word' id='word_1_32' title='bbox 242 653 360 727; x_wconf 84' lang='lat' dir='ltr'><strong>uestris,</strong></span> <span class='ocrx_word' id='word_1_33' title='bbox 379 651 498 727; x_wconf 74' lang='lat' dir='ltr'><strong>latini,</strong></span> <span class='ocrx_word' id='word_1_34' title='bbox 514 653 578 716; x_wconf 83' lang='lat' dir='ltr'><strong>ltaer</strong></span> <span class='ocrx_word' id='word_1_35' title='bbox 587 654 633 718; x_wconf 78' lang='lat' dir='ltr'><strong>L.</strong></span> <span class='ocrx_word' id='word_1_36' title='bbox 648 653 837 737; x_wconf 79' lang='lat' dir='ltr'><strong><em>Tarquinius</em></strong></span> <span class='ocrx_word' id='word_1_37' title='bbox 850 651 997 716; x_wconf 73' lang='lat' dir='ltr'><strong>molismum</strong></span> <span class='ocrx_word' id='word_1_38' title='bbox 1010 659 1121 734; x_wconf 79' lang='lat' dir='ltr'><strong>postea</strong></span> <span class='ocrx_word' id='word_1_39' title='bbox 1129 651 1187 736; x_wconf 83' lang='lat' dir='ltr'><strong>se·</strong></span> 
     </span>
    </p>
   </div>
   <div class='ocr_carea' id='block_1_3' title="bbox 14 735 1187 823">
    <p class='ocr_par' dir='ltr' id='par_1_3' title="bbox 14 735 1187 823">
     <span class='ocr_line' id='line_1_6' title="bbox 14 735 1187 823; baseline 0.002 -25"><span class='ocrx_word' id='word_1_40' title='bbox 14 743 15 748; x_wconf 77' lang='grc'>’</span> <span class='ocrx_word' id='word_1_41' title='bbox 76 743 78 750; x_wconf 64' lang='lat'>‘</span> <span class='ocrx_word' id='word_1_42' title='bbox 133 735 202 798; x_wconf 79' lang='lat' dir='ltr'><strong>cit?</strong></span> <span class='ocrx_word' id='word_1_43' title='bbox 227 736 299 800; x_wconf 83' lang='lat' dir='ltr'><strong>Nau</strong></span> <span class='ocrx_word' id='word_1_44' title='bbox 313 739 694 823; x_wconf 81' lang='lat' dir='ltr'><strong>uenitinmeutempugaa</strong></span> <span class='ocrx_word' id='word_1_45' title='bbox 709 740 794 822; x_wconf 85' lang='lat' dir='ltr'><strong>apud</strong></span> <span class='ocrx_word' id='word_1_46' title='bbox 808 738 960 823; x_wconf 81' lang='lat' dir='ltr'><strong><em>Regillum</em></strong></span> <span class='ocrx_word' id='word_1_47' title='bbox 974 739 1187 802; x_wconf 75' lang='lat' dir='ltr'><strong>lacumladea</strong></span> 
     </span>
    </p>
   </div>
   <div class='ocr_carea' id='block_1_4' title="bbox 132 822 1187 1252">
    <p class='ocr_par' dir='ltr' id='par_1_4' title="bbox 132 822 1187 1252">
     <span class='ocr_line' id='line_1_7' title="bbox 132 822 1187 924; baseline 0.004 -41"><span class='ocrx_word' id='word_1_48' title='bbox 132 829 162 884; x_wconf 83' lang='lat' dir='ltr'><strong>et</strong></span> <span class='ocrx_word' id='word_1_49' title='bbox 182 822 314 924; x_wconf 65' lang='lat' dir='ltr'><strong>cladium</strong></span> <span class='ocrx_word' id='word_1_50' title='bbox 329 833 458 888; x_wconf 70' lang='lat' dir='ltr'><strong>neruum</strong></span> <span class='ocrx_word' id='word_1_51' title='bbox 478 835 644 890; x_wconf 74' lang='lat' dir='ltr'><strong>uestrarum</strong></span> <span class='ocrx_word' id='word_1_52' title='bbox 664 834 694 888; x_wconf 83' lang='lat' dir='ltr'><strong>et</strong></span> <span class='ocrx_word' id='word_1_53' title='bbox 713 825 918 906; x_wconf 73' lang='lat' dir='ltr'><strong>beneficiorum</strong></span> <span class='ocrx_word' id='word_1_54' title='bbox 929 831 1098 888; x_wconf 86' lang='lat' dir='ltr'><strong>nostrorum</strong></span> <span class='ocrx_word' id='word_1_55' title='bbox 1112 845 1187 909; x_wconf 86' lang='lat' dir='ltr'><strong>erga</strong></span> 
     </span>
     <span class='ocr_line' id='line_1_8' title="bbox 134 906 1187 1080; baseline 0.004 -25"><span class='ocrx_word' id='word_1_56' title='bbox 134 906 376 1069; x_wconf 52' lang='lat' dir='ltr'><strong>willlhiirillii</strong></span> <span class='ocrx_word' id='word_1_57' title='bbox 386 913 528 1060; x_wconf 48' lang='lat' dir='ltr'><strong>{ansulis</strong></span> <span class='ocrx_word' id='word_1_58' title='bbox 541 1016 650 1060; x_wconf 85' lang='lat' dir='ltr'><strong>rocem</strong></span> <span class='ocrx_word' id='word_1_59' title='bbox 671 994 837 1061; x_wconf 85' lang='lat' dir='ltr'><strong>subsecuta</strong></span> <span class='ocrx_word' id='word_1_60' title='bbox 863 995 993 1060; x_wconf 77' lang='lat' dir='ltr'><strong>Petrum</strong></span> <span class='ocrx_word' id='word_1_61' title='bbox 1009 993 1187 1080; x_wconf 70' lang='lat' dir='ltr'><strong>indignatio</strong></span> 
     </span>
     <span class='ocr_line' id='line_1_9' title="bbox 132 1080 1187 1166; baseline 0.002 -24"><span class='ocrx_word' id='word_1_62' title='bbox 132 1090 222 1154; x_wconf 82' lang='lat' dir='ltr'><strong>esset,</strong></span> <span class='ocrx_word' id='word_1_63' title='bbox 237 1080 382 1164; x_wconf 85' lang='lat' dir='ltr'><strong>proditur</strong></span> <span class='ocrx_word' id='word_1_64' title='bbox 403 1082 576 1158; x_wconf 62' lang='lat' dir='ltr'><strong>memoria»,</strong></span> <span class='ocrx_word' id='word_1_65' title='bbox 599 1081 749 1146; x_wconf 83' lang='lat' dir='ltr'><strong>adversm</strong></span> <span class='ocrx_word' id='word_1_66' title='bbox 775 1081 919 1147; x_wconf 86' lang='lat' dir='ltr'><strong>crebram</strong></span> <span class='ocrx_word' id='word_1_67' title='bbox 942 1080 1187 1166; x_wconf 76' lang='lat' dir='ltr'><strong>inplorationem</strong></span> 
     </span>
     <span class='ocr_line' id='line_1_10' title="bbox 133 1162 1185 1252; baseline 0.005 -25"><span class='ocrx_word' id='word_1_68' title='bbox 133 1162 255 1242; x_wconf 73' lang='lat' dir='ltr'><strong>Deam,</strong></span> <span class='ocrx_word' id='word_1_69' title='bbox 298 1189 355 1230; x_wconf 86' lang='lat' dir='ltr'><strong>uos</strong></span> <span class='ocrx_word' id='word_1_70' title='bbox 378 1180 469 1232; x_wconf 85' lang='lat' dir='ltr'><strong>testea</strong></span> <span class='ocrx_word' id='word_1_71' title='bbox 492 1165 651 1232; x_wconf 87' lang='lat' dir='ltr'><strong>loederum</strong></span> <span class='ocrx_word' id='word_1_72' title='bbox 674 1167 789 1252; x_wconf 83' lang='lat' dir='ltr'><strong>saepius</strong></span> <span class='ocrx_word' id='word_1_73' title='bbox 814 1166 1003 1232; x_wconf 87' lang='lat' dir='ltr'><strong>invocabant</strong></span> <span class='ocrx_word' id='word_1_74' title='bbox 1031 1165 1185 1245; x_wconf 81' lang='lat' dir='ltr'><strong>consules,</strong></span> 
     </span>
    </p>
   </div>
   <div class='ocr_carea' id='block_1_5' title="bbox 131 1187 1186 1338">
    <p class='ocr_par' dir='ltr' id='par_1_5' title="bbox 131 1187 1186 1338">
     <span class='ocr_line' id='line_1_11' title="bbox 131 1187 1186 1338; baseline 0.005 -25"><span class='ocrx_word' id='word_1_75' title='bbox 131 1271 241 1314; x_wconf 86' lang='lat' dir='ltr'><strong>vocem</strong></span> <span class='ocrx_word' id='word_1_76' title='bbox 270 1187 381 1332; x_wconf 59' lang='lat' dir='ltr'><strong>lonii,</strong></span> <span class='ocrx_word' id='word_1_77' title='bbox 400 1254 574 1338; x_wconf 86' lang='lat' dir='ltr'><strong>spernentis</strong></span> <span class='ocrx_word' id='word_1_78' title='bbox 600 1254 730 1318; x_wconf 86' lang='lat' dir='ltr'><strong>numina</strong></span> <span class='ocrx_word' id='word_1_79' title='bbox 754 1253 844 1318; x_wconf 86' lang='lat' dir='ltr'><strong>loris</strong></span> <span class='ocrx_word' id='word_1_80' title='bbox 869 1252 1017 1330; x_wconf 90' lang='lat' dir='ltr'><strong>Romani,</strong></span> <span class='ocrx_word' id='word_1_81' title='bbox 1033 1252 1186 1318; x_wconf 87' lang='lat' dir='ltr'><strong>auditam.</strong></span> 
     </span>
    </p>
   </div>
   <div class='ocr_carea' id='block_1_6' title="bbox 38 1337 1351 3487">
    <p class='ocr_par' dir='ltr' id='par_1_6' title="bbox 132 1337 1187 1423">
     <span class='ocr_line' id='line_1_12' title="bbox 132 1337 1187 1423; baseline 0 -22"><span class='ocrx_word' id='word_1_82' title='bbox 132 1347 226 1410; x_wconf 78' lang='lat' dir='ltr'><strong>certe,</strong></span> <span class='ocrx_word' id='word_1_83' title='bbox 250 1349 347 1422; x_wconf 81' lang='lat' dir='ltr'><strong>qaum</strong></span> <span class='ocrx_word' id='word_1_84' title='bbox 371 1351 549 1404; x_wconf 86' lang='lat' dir='ltr'><strong>commotus</strong></span> <span class='ocrx_word' id='word_1_85' title='bbox 573 1340 621 1404; x_wconf 88' lang='lat' dir='ltr'><strong>ira</strong></span> <span class='ocrx_word' id='word_1_86' title='bbox 645 1362 678 1403; x_wconf 85' lang='lat' dir='ltr'><strong>se</strong></span> <span class='ocrx_word' id='word_1_87' title='bbox 704 1339 744 1403; x_wconf 88' lang='lat' dir='ltr'><strong>ab</strong></span> <span class='ocrx_word' id='word_1_88' title='bbox 772 1339 927 1404; x_wconf 84' lang='lat' dir='ltr'><strong>vestibulo</strong></span> <span class='ocrx_word' id='word_1_89' title='bbox 955 1337 1065 1423; x_wconf 87' lang='lat' dir='ltr'><strong>templi</strong></span> <span class='ocrx_word' id='word_1_90' title='bbox 1090 1339 1187 1404; x_wconf 88' lang='lat' dir='ltr'><strong>citato</strong></span> 
     </span>
    </p>

    <p class='ocr_par' dir='ltr' id='par_1_7' title="bbox 38 1422 1351 3487">
     <span class='ocr_line' id='line_1_13' title="bbox 172 1422 1301 1514; baseline 0.005 -27"><span class='ocrx_word' id='word_1_91' title='bbox 172 1422 235 1487; x_wconf 86' lang='lat' dir='ltr'><strong>adu</strong></span> <span class='ocrx_word' id='word_1_92' title='bbox 260 1422 448 1509; x_wconf 80' lang='lat' dir='ltr'><strong>proriperet,</strong></span> <span class='ocrx_word' id='word_1_93' title='bbox 473 1427 577 1510; x_wconf 85' lang='lat' dir='ltr'><strong>lapsus</strong></span> <span class='ocrx_word' id='word_1_94' title='bbox 602 1447 660 1510; x_wconf 89' lang='lat' dir='ltr'><strong>per</strong></span> <span class='ocrx_word' id='word_1_95' title='bbox 684 1425 810 1514; x_wconf 83' lang='lat' dir='ltr'><strong>gradus,</strong></span> <span class='ocrx_word' id='word_1_96' title='bbox 836 1427 939 1510; x_wconf 86' lang='lat' dir='ltr'><strong>capite</strong></span> <span class='ocrx_word' id='word_1_97' title='bbox 967 1424 1104 1508; x_wconf 83' lang='lat' dir='ltr'><strong>graviter</strong></span> <span class='ocrx_word' id='word_1_98' title='bbox 1129 1423 1301 1493; x_wconf 62' lang='lat' dir='ltr'><strong>abdaram·</strong></span> 
     </span>
     <span class='ocr_line' id='line_1_14' title="bbox 130 1443 1341 1608; baseline 0.001 -36"><span class='ocrx_word' id='word_1_99' title='bbox 130 1443 229 1584; x_wconf 50' lang='lat' dir='ltr'><strong>goso,</strong></span> <span class='ocrx_word' id='word_1_100' title='bbox 241 1509 388 1594; x_wconf 81' lang='lat' dir='ltr'><strong>inpactus</strong></span> <span class='ocrx_word' id='word_1_101' title='bbox 410 1512 476 1574; x_wconf 90' lang='lat' dir='ltr'><strong>imo</strong></span> <span class='ocrx_word' id='word_1_102' title='bbox 491 1515 533 1576; x_wconf 88' lang='lat' dir='ltr'><strong>ita</strong></span> <span class='ocrx_word' id='word_1_103' title='bbox 547 1522 594 1576; x_wconf 84' lang='lat' dir='ltr'><strong>eat</strong></span> <span class='ocrx_word' id='word_1_104' title='bbox 613 1518 701 1588; x_wconf 81' lang='lat' dir='ltr'><strong>saxa,</strong></span> <span class='ocrx_word' id='word_1_105' title='bbox 718 1523 752 1577; x_wconf 89' lang='lat' dir='ltr'><strong>ut</strong></span> <span class='ocrx_word' id='word_1_106' title='bbox 767 1510 793 1550; x_wconf 74' lang='lat'><strong>³⁹</strong></span> <span class='ocrx_word' id='word_1_107' title='bbox 803 1511 970 1598; x_wconf 85' lang='lat' dir='ltr'><strong>sopiretur.</strong></span> <span class='ocrx_word' id='word_1_108' title='bbox 1015 1497 1297 1607; x_wconf 56' lang='lat' dir='ltr'><strong>Exanima·h¹f⁸¹¹¹¹¹¹&#39;</strong></span> <span class='ocrx_word' id='word_1_109' title='bbox 1315 1559 1341 1608; x_wconf 48' lang='grc' dir='ltr'><strong>ν,</strong></span> 
     </span>
     <span class='ocr_line' id='line_1_15' title="bbox 131 1573 1316 1686; baseline 0.002 -28"><span class='ocrx_word' id='word_1_110' title='bbox 131 1607 199 1660; x_wconf 85' lang='lat' dir='ltr'><strong>tum</strong></span> <span class='ocrx_word' id='word_1_111' title='bbox 222 1608 366 1660; x_wconf 82' lang='lat' dir='ltr'><strong>auctores</strong></span> <span class='ocrx_word' id='word_1_112' title='bbox 385 1597 534 1684; x_wconf 90' lang='lat' dir='ltr'><strong>quoniam</strong></span> <span class='ocrx_word' id='word_1_113' title='bbox 550 1618 614 1660; x_wconf 91' lang='lat' dir='ltr'><strong>non</strong></span> <span class='ocrx_word' id='word_1_114' title='bbox 630 1619 739 1662; x_wconf 88' lang='lat' dir='ltr'><strong>omnes</strong></span> <span class='ocrx_word' id='word_1_115' title='bbox 753 1609 838 1676; x_wconf 84' lang='lat' dir='ltr'><strong>aunt,</strong></span> <span class='ocrx_word' id='word_1_116' title='bbox 854 1595 931 1660; x_wconf 91' lang='lat' dir='ltr'><strong>mihi</strong></span> <span class='ocrx_word' id='word_1_117' title='bbox 947 1617 1073 1682; x_wconf 90' lang='lat' dir='ltr'><strong>quoque</strong></span> <span class='ocrx_word' id='word_1_118' title='bbox 1089 1596 1122 1659; x_wconf 92' lang='lat' dir='ltr'><strong>in</strong></span> <span class='ocrx_word' id='word_1_119' title='bbox 1138 1573 1316 1686; x_wconf 49' lang='lat' dir='ltr'><strong>in-„ss&#39;iiff</strong></span> 
     </span>
     <span class='ocr_line' id='line_1_16' title="bbox 131 1677 1187 1768; baseline 0.003 -24"><span class='ocrx_word' id='word_1_120' title='bbox 131 1692 219 1746; x_wconf 80' lang='lat' dir='ltr'><strong>certo</strong></span> <span class='ocrx_word' id='word_1_121' title='bbox 233 1681 378 1746; x_wconf 83' lang='lat' dir='ltr'><strong>relietum</strong></span> <span class='ocrx_word' id='word_1_122' title='bbox 393 1683 449 1748; x_wconf 85' lang='lat' dir='ltr'><strong>sit:</strong></span> <span class='ocrx_word' id='word_1_123' title='bbox 473 1683 554 1748; x_wconf 83' lang='lat' dir='ltr'><strong>sicut</strong></span> <span class='ocrx_word' id='word_1_124' title='bbox 575 1684 657 1748; x_wconf 87' lang='lat' dir='ltr'><strong>inter</strong></span> <span class='ocrx_word' id='word_1_125' title='bbox 680 1682 835 1748; x_wconf 84' lang='lat' dir='ltr'><strong>foederunr</strong></span> <span class='ocrx_word' id='word_1_126' title='bbox 856 1696 1022 1768; x_wconf 84' lang='lat' dir='ltr'><strong>ruptorum</strong></span> <span class='ocrx_word' id='word_1_127' title='bbox 1048 1677 1187 1748; x_wconf 77' lang='lat' dir='ltr'><strong>testatio·</strong></span> 
     </span>
     <span class='ocr_line' id='line_1_17' title="bbox 131 1767 1188 1856; baseline 0.004 -26"><span class='ocrx_word' id='word_1_128' title='bbox 131 1787 204 1832; x_wconf 85' lang='lat' dir='ltr'><strong>nem</strong></span> <span class='ocrx_word' id='word_1_129' title='bbox 228 1767 349 1854; x_wconf 82' lang='lat' dir='ltr'><strong>ingenti</strong></span> <span class='ocrx_word' id='word_1_130' title='bbox 372 1767 496 1856; x_wconf 84' lang='lat' dir='ltr'><strong>fragore</strong></span> <span class='ocrx_word' id='word_1_131' title='bbox 516 1771 588 1834; x_wconf 85' lang='lat' dir='ltr'><strong>coeti</strong></span> <span class='ocrx_word' id='word_1_132' title='bbox 611 1769 780 1854; x_wconf 75' lang='lat' dir='ltr'><strong>procellam</strong></span> <span class='ocrx_word' id='word_1_133' title='bbox 805 1769 945 1835; x_wconf 80' lang='lat' dir='ltr'><strong>effusam.</strong></span> <span class='ocrx_word' id='word_1_134' title='bbox 968 1789 1041 1834; x_wconf 88' lang='lat' dir='ltr'><strong>nam</strong></span> <span class='ocrx_word' id='word_1_135' title='bbox 1064 1781 1096 1833; x_wconf 88' lang='lat' dir='ltr'><strong>et</strong></span> <span class='ocrx_word' id='word_1_136' title='bbox 1116 1791 1188 1834; x_wconf 87' lang='lat' dir='ltr'><strong>vera</strong></span> 
     </span>
     <span class='ocr_line' id='line_1_18' title="bbox 130 1853 1187 1940; baseline 0.003 -23"><span class='ocrx_word' id='word_1_137' title='bbox 130 1875 211 1931; x_wconf 84' lang='lat' dir='ltr'><strong>essa,</strong></span> <span class='ocrx_word' id='word_1_138' title='bbox 227 1863 258 1917; x_wconf 89' lang='lat' dir='ltr'><strong>et</strong></span> <span class='ocrx_word' id='word_1_139' title='bbox 280 1865 353 1939; x_wconf 89' lang='lat' dir='ltr'><strong>apte</strong></span> <span class='ocrx_word' id='word_1_140' title='bbox 375 1855 451 1918; x_wconf 73' lang='lat' dir='ltr'><strong>”ad</strong></span> <span class='ocrx_word' id='word_1_141' title='bbox 472 1855 759 1940; x_wconf 82' lang='lat' dir='ltr'><strong>repraesentandam</strong></span> <span class='ocrx_word' id='word_1_142' title='bbox 782 1856 862 1920; x_wconf 86' lang='lat' dir='ltr'><strong>iram</strong></span> <span class='ocrx_word' id='word_1_143' title='bbox 887 1853 992 1920; x_wconf 74' lang='lat' dir='ltr'><strong>Delam</strong></span> <span class='ocrx_word' id='word_1_144' title='bbox 1018 1855 1092 1920; x_wconf 87' lang='lat' dir='ltr'><strong>ficta</strong></span> <span class='ocrx_word' id='word_1_145' title='bbox 1115 1877 1187 1940; x_wconf 84' lang='lat' dir='ltr'><strong>pos·</strong></span> 
     </span>
     <span class='ocr_line' id='line_1_19' title="bbox 132 1938 1188 2030; baseline 0.004 -28"><span class='ocrx_word' id='word_1_146' title='bbox 132 1951 217 2004; x_wconf 83' lang='lat' dir='ltr'><strong>aunt.</strong></span> <span class='ocrx_word' id='word_1_147' title='bbox 262 1938 455 2026; x_wconf 85' lang='lat' dir='ltr'><strong>Torquatus,</strong></span> <span class='ocrx_word' id='word_1_148' title='bbox 480 1943 591 2006; x_wconf 80' lang='lat' dir='ltr'><strong>missus</strong></span> <span class='ocrx_word' id='word_1_149' title='bbox 614 1943 655 2006; x_wconf 87' lang='lat' dir='ltr'><strong>ab</strong></span> <span class='ocrx_word' id='word_1_150' title='bbox 674 1953 782 2006; x_wconf 84' lang='lat' dir='ltr'><strong>senatu</strong></span> <span class='ocrx_word' id='word_1_151' title='bbox 809 1943 848 2005; x_wconf 87' lang='lat' dir='ltr'><strong>ad</strong></span> <span class='ocrx_word' id='word_1_152' title='bbox 874 1939 1078 2006; x_wconf 84' lang='lat' dir='ltr'><strong>dimittendos</strong></span> <span class='ocrx_word' id='word_1_153' title='bbox 1103 1941 1188 2030; x_wconf 84' lang='lat' dir='ltr'><strong>lega-</strong></span> 
     </span>
     <span class='ocr_line' id='line_1_20' title="bbox 132 2027 1305 2114; baseline 0.002 -24"><span class='ocrx_word' id='word_1_154' title='bbox 132 2041 192 2101; x_wconf 82' lang='lat' dir='ltr'><strong>tos,</strong></span> <span class='ocrx_word' id='word_1_155' title='bbox 209 2047 306 2110; x_wconf 88' lang='lat' dir='ltr'><strong>quum</strong></span> <span class='ocrx_word' id='word_1_156' title='bbox 325 2028 482 2111; x_wconf 87' lang='lat' dir='ltr'><strong>jacentem</strong></span> <span class='ocrx_word' id='word_1_157' title='bbox 507 2028 649 2093; x_wconf 78' lang='lat' dir='ltr'><strong>Annium</strong></span> <span class='ocrx_word' id='word_1_158' title='bbox 668 2027 805 2103; x_wconf 82' lang='lat' dir='ltr'><strong>vidisset,</strong></span> <span class='ocrx_word' id='word_1_159' title='bbox 822 2031 986 2104; x_wconf 76' lang='lat' dir='ltr'><strong>exclamat,</strong></span> <span class='ocrx_word' id='word_1_160' title='bbox 1003 2029 1047 2092; x_wconf 89' lang='lat' dir='ltr'><strong>ita</strong></span> <span class='ocrx_word' id='word_1_161' title='bbox 1071 2041 1107 2092; x_wconf 90' lang='lat' dir='ltr'><strong>ut</strong></span> <span class='ocrx_word' id='word_1_162' title='bbox 1127 2050 1188 2114; x_wconf 91' lang='lat' dir='ltr'><strong>po-</strong></span> <span class='ocrx_word' id='word_1_163' title='bbox 1303 2027 1305 2033; x_wconf 81' lang='lat'>&#39;</span> 
     </span>
     <span class='ocr_line' id='line_1_21' title="bbox 131 2110 1191 2199; baseline 0.003 -23"><span class='ocrx_word' id='word_1_164' title='bbox 131 2111 209 2195; x_wconf 89' lang='lat' dir='ltr'><strong>pulo</strong></span> <span class='ocrx_word' id='word_1_165' title='bbox 227 2110 436 2199; x_wconf 86' lang='lat' dir='ltr'><strong>Patribuaque</strong></span> <span class='ocrx_word' id='word_1_166' title='bbox 453 2112 561 2178; x_wconf 84' lang='lat' dir='ltr'><strong>audita</strong></span> <span class='ocrx_word' id='word_1_167' title='bbox 575 2135 639 2178; x_wconf 82' lang='lat' dir='ltr'><strong>vox</strong></span> <span class='ocrx_word' id='word_1_168' title='bbox 664 2115 781 2199; x_wconf 88' lang='lat' dir='ltr'><strong>pariter</strong></span> <span class='ocrx_word' id='word_1_169' title='bbox 805 2113 855 2192; x_wconf 83' lang='lat' dir='ltr'><strong>sis,</strong></span> <span class='ocrx_word' id='word_1_170' title='bbox 871 2115 957 2178; x_wconf 85' lang='lat' dir='ltr'><strong>Bene</strong></span> <span class='ocrx_word' id='word_1_171' title='bbox 978 2113 1080 2178; x_wconf 80' lang='lat' dir='ltr'><strong>habet.</strong></span> <span class='ocrx_word' id='word_1_172' title='bbox 1125 2116 1191 2179; x_wconf 86' lang='lat' dir='ltr'><strong>Dii</strong></span> 
     </span>
     <span class='ocr_line' id='line_1_22' title="bbox 131 2197 1188 2283; baseline 0.003 -22"><span class='ocrx_word' id='word_1_173' title='bbox 131 2197 157 2237; x_wconf 83' lang='lat'><strong>¹¹</strong></span> <span class='ocrx_word' id='word_1_174' title='bbox 163 2200 250 2280; x_wconf 84' lang='lat' dir='ltr'><strong>pium</strong></span> <span class='ocrx_word' id='word_1_175' title='bbox 273 2199 409 2264; x_wconf 66' lang='lat' dir='ltr'><strong>monne*</strong></span> <span class='ocrx_word' id='word_1_176' title='bbox 424 2200 541 2264; x_wconf 84' lang='lat' dir='ltr'><strong>bellum.</strong></span> <span class='ocrx_word' id='word_1_177' title='bbox 584 2202 644 2264; x_wconf 85' lang='lat' dir='ltr'><strong>Est</strong></span> <span class='ocrx_word' id='word_1_178' title='bbox 667 2202 783 2264; x_wconf 82' lang='lat' dir='ltr'><strong>coeleste</strong></span> <span class='ocrx_word' id='word_1_179' title='bbox 800 2209 929 2262; x_wconf 85' lang='lat' dir='ltr'><strong>numen!</strong></span> <span class='ocrx_word' id='word_1_180' title='bbox 951 2221 991 2274; x_wconf 86' lang='lat' dir='ltr'><strong>es,</strong></span> <span class='ocrx_word' id='word_1_181' title='bbox 1008 2221 1117 2283; x_wconf 84' lang='lat' dir='ltr'><strong>magne</strong></span> <span class='ocrx_word' id='word_1_182' title='bbox 1129 2202 1188 2267; x_wconf 80' lang='lat' dir='ltr'><strong><em>Ju-</em></strong></span> 
     </span>
     <span class='ocr_line' id='line_1_23' title="bbox 126 2285 1189 2368; baseline 0.002 -20"><span class='ocrx_word' id='word_1_183' title='bbox 126 2286 237 2367; x_wconf 85' lang='lat' dir='ltr'><strong>piter!</strong></span> <span class='ocrx_word' id='word_1_184' title='bbox 257 2285 343 2348; x_wconf 84' lang='lat' dir='ltr'><strong>laud</strong></span> <span class='ocrx_word' id='word_1_185' title='bbox 353 2285 492 2367; x_wconf 74' lang='lat' dir='ltr'><strong>snutra-</strong></span> <span class='ocrx_word' id='word_1_186' title='bbox 506 2295 537 2350; x_wconf 84' lang='lat' dir='ltr'><strong>te</strong></span> <span class='ocrx_word' id='word_1_187' title='bbox 558 2295 679 2368; x_wconf 85' lang='lat' dir='ltr'><strong>patrem</strong></span> <span class='ocrx_word' id='word_1_188' title='bbox 703 2285 803 2349; x_wconf 73' lang='lat' dir='ltr'><strong>Deum</strong></span> <span class='ocrx_word' id='word_1_189' title='bbox 824 2285 1033 2368; x_wconf 80' lang='lat' dir='ltr'><strong>luminumque</strong></span> <span class='ocrx_word' id='word_1_190' title='bbox 1046 2286 1104 2348; x_wconf 77' lang='lat' dir='ltr'><strong>luas</strong></span> <span class='ocrx_word' id='word_1_191' title='bbox 1120 2289 1189 2350; x_wconf 85' lang='lat' dir='ltr'><strong>sede</strong></span> 
     </span>
     <span class='ocr_line' id='line_1_24' title="bbox 131 2370 1187 2454; baseline 0.001 -20"><span class='ocrx_word' id='word_1_192' title='bbox 131 2371 327 2436; x_wconf 74' lang='lat' dir='ltr'><strong>armavimus.</strong></span> <span class='ocrx_word' id='word_1_193' title='bbox 348 2371 433 2445; x_wconf 83' lang='lat' dir='ltr'><strong>Quid</strong></span> <span class='ocrx_word' id='word_1_194' title='bbox 445 2374 578 2449; x_wconf 85' lang='lat' dir='ltr'><strong>cessatis,</strong></span> <span class='ocrx_word' id='word_1_195' title='bbox 593 2370 740 2447; x_wconf 79' lang='lat' dir='ltr'><strong>Quirites,</strong></span> <span class='ocrx_word' id='word_1_196' title='bbox 756 2391 873 2454; x_wconf 88' lang='lat' dir='ltr'><strong><em>uosque,</em></strong></span> <span class='ocrx_word' id='word_1_197' title='bbox 889 2372 1003 2435; x_wconf 83' lang='lat' dir='ltr'><strong>Patres</strong></span> <span class='ocrx_word' id='word_1_198' title='bbox 1013 2373 1187 2454; x_wconf 71' lang='lat' dir='ltr'><strong>commpti,</strong></span> 
     </span>
     <span class='ocr_line' id='line_1_25' title="bbox 132 2456 1189 2540; baseline 0.004 -22"><span class='ocrx_word' id='word_1_199' title='bbox 132 2477 222 2520; x_wconf 82' lang='lat' dir='ltr'><strong>orma</strong></span> <span class='ocrx_word' id='word_1_200' title='bbox 244 2477 355 2539; x_wconf 83' lang='lat' dir='ltr'><strong>capere</strong></span> <span class='ocrx_word' id='word_1_201' title='bbox 376 2458 453 2522; x_wconf 89' lang='lat' dir='ltr'><strong>Diis</strong></span> <span class='ocrx_word' id='word_1_202' title='bbox 475 2457 624 2522; x_wconf 79' lang='lat' dir='ltr'><strong>ducibrus?</strong></span> <span class='ocrx_word' id='word_1_203' title='bbox 647 2458 698 2522; x_wconf 85' lang='lat' dir='ltr'><strong>Sic</strong></span> <span class='ocrx_word' id='word_1_204' title='bbox 720 2465 835 2520; x_wconf 84' lang='lat' dir='ltr'><strong>stratus</strong></span> <span class='ocrx_word' id='word_1_205' title='bbox 857 2458 990 2540; x_wconf 84' lang='lat' dir='ltr'><strong>legiones</strong></span> <span class='ocrx_word' id='word_1_206' title='bbox 1006 2456 1189 2522; x_wconf 71' lang='lat' dir='ltr'><strong>latinorum</strong></span> 
     </span>
     <span class='ocr_line' id='line_1_26' title="bbox 133 2541 1188 2630; baseline 0 -24"><span class='ocrx_word' id='word_1_207' title='bbox 133 2543 223 2618; x_wconf 78' lang='lat' dir='ltr'><strong>dabo,</strong></span> <span class='ocrx_word' id='word_1_208' title='bbox 239 2545 484 2626; x_wconf 84' lang='lat' dir='ltr'><strong>quemadmodum</strong></span> <span class='ocrx_word' id='word_1_209' title='bbox 498 2545 629 2630; x_wconf 82' lang='lat' dir='ltr'><strong>legatum</strong></span> <span class='ocrx_word' id='word_1_210' title='bbox 634 2542 787 2629; x_wconf 82' lang='lat' dir='ltr'><strong>jacentem</strong></span> <span class='ocrx_word' id='word_1_211' title='bbox 803 2543 924 2607; x_wconf 82' lang='lat' dir='ltr'><strong>uidetis.</strong></span> <span class='ocrx_word' id='word_1_212' title='bbox 971 2541 1116 2607; x_wconf 82' lang='lat' dir='ltr'><strong>Adsensu</strong></span> <span class='ocrx_word' id='word_1_213' title='bbox 1130 2565 1188 2629; x_wconf 93' lang='lat' dir='ltr'><strong>po·</strong></span> 
     </span>
     <span class='ocr_line' id='line_1_27' title="bbox 132 2626 1190 2778; baseline 0.003 -87"><span class='ocrx_word' id='word_1_214' title='bbox 132 2627 201 2778; x_wconf 88' lang='lat' dir='ltr'><strong>puli</strong></span> <span class='ocrx_word' id='word_1_215' title='bbox 226 2641 358 2712; x_wconf 84' lang='lat' dir='ltr'><strong>excepta</strong></span> <span class='ocrx_word' id='word_1_216' title='bbox 380 2651 441 2694; x_wconf 82' lang='lat' dir='ltr'><strong>vox</strong></span> <span class='ocrx_word' id='word_1_217' title='bbox 467 2627 603 2694; x_wconf 87' lang='lat' dir='ltr'><strong>consulis</strong></span> <span class='ocrx_word' id='word_1_218' title='bbox 628 2642 749 2694; x_wconf 86' lang='lat' dir='ltr'><strong>tantum</strong></span> <span class='ocrx_word' id='word_1_219' title='bbox 775 2626 898 2694; x_wconf 89' lang='lat' dir='ltr'><strong>ardoris</strong></span> <span class='ocrx_word' id='word_1_220' title='bbox 921 2628 1034 2693; x_wconf 85' lang='lat' dir='ltr'><strong>animis</strong></span> <span class='ocrx_word' id='word_1_221' title='bbox 1055 2626 1136 2704; x_wconf 88' lang='lat' dir='ltr'><strong>lecit,</strong></span> <span class='ocrx_word' id='word_1_222' title='bbox 1154 2642 1190 2694; x_wconf 92' lang='lat' dir='ltr'><strong>ut</strong></span> 
     </span>
     <span class='ocr_line' id='line_1_28' title="bbox 144 2714 1187 2802; baseline 0.002 -24"><span class='ocrx_word' id='word_1_223' title='bbox 144 2728 255 2802; x_wconf 84' lang='lat' dir='ltr'><strong>egatoa</strong></span> <span class='ocrx_word' id='word_1_224' title='bbox 278 2715 511 2799; x_wconf 81' lang='lat' dir='ltr'><strong>proficiscentes</strong></span> <span class='ocrx_word' id='word_1_225' title='bbox 533 2738 609 2781; x_wconf 89' lang='lat' dir='ltr'><strong>cura</strong></span> <span class='ocrx_word' id='word_1_226' title='bbox 634 2715 872 2800; x_wconf 79' lang='lat' dir='ltr'><strong>magistratuum</strong></span> <span class='ocrx_word' id='word_1_227' title='bbox 897 2714 1007 2802; x_wconf 89' lang='lat' dir='ltr'><strong>magis,</strong></span> <span class='ocrx_word' id='word_1_228' title='bbox 1022 2715 1076 2802; x_wconf 87' lang='lat' dir='ltr'><strong>qui</strong></span> <span class='ocrx_word' id='word_1_229' title='bbox 1097 2715 1187 2801; x_wconf 84' lang='lat' dir='ltr'><strong><em>jussu</em></strong></span> 
     </span>
     <span class='ocr_line' id='line_1_29' title="bbox 132 2800 1188 2888; baseline 0 -22"><span class='ocrx_word' id='word_1_230' title='bbox 132 2800 271 2866; x_wconf 82' lang='lat' dir='ltr'><strong>consulis</strong></span> <span class='ocrx_word' id='word_1_231' title='bbox 291 2805 573 2888; x_wconf 87' lang='lat' dir='ltr'><strong>prosequebantur,</strong></span> <span class='ocrx_word' id='word_1_232' title='bbox 612 2824 683 2866; x_wconf 87' lang='lat' dir='ltr'><strong>uam</strong></span> <span class='ocrx_word' id='word_1_233' title='bbox 705 2803 758 2886; x_wconf 82' lang='lat' dir='ltr'><strong>jue</strong></span> <span class='ocrx_word' id='word_1_234' title='bbox 777 2801 931 2884; x_wconf 81' lang='lat' dir='ltr'><strong>gentium,</strong></span> <span class='ocrx_word' id='word_1_235' title='bbox 947 2801 987 2865; x_wconf 86' lang='lat' dir='ltr'><strong>ab</strong></span> <span class='ocrx_word' id='word_1_236' title='bbox 1003 2801 1049 2866; x_wconf 85' lang='lat' dir='ltr'><strong>ira</strong></span> <span class='ocrx_word' id='word_1_237' title='bbox 1064 2801 1095 2865; x_wconf 90' lang='lat' dir='ltr'><strong>in</strong></span> <span class='ocrx_word' id='word_1_238' title='bbox 1138 2815 1188 2866; x_wconf 89' lang='lat' dir='ltr'><strong>tu·</strong></span> 
     </span>
     <span class='ocr_line' id='line_1_30' title="bbox 133 2885 1187 2974; baseline 0.003 -23"><span class='ocrx_word' id='word_1_239' title='bbox 133 2907 196 2974; x_wconf 86' lang='lat' dir='ltr'><strong>que</strong></span> <span class='ocrx_word' id='word_1_240' title='bbox 222 2885 389 2952; x_wconf 88' lang='lat' dir='ltr'><strong>hominum</strong></span> <span class='ocrx_word' id='word_1_241' title='bbox 419 2899 549 2974; x_wconf 83' lang='lat' dir='ltr'><strong>tegeret.</strong></span> <span class='ocrx_word' id='word_1_242' title='bbox 641 2885 810 2952; x_wconf 88' lang='lat' dir='ltr'><strong>Consensit</strong></span> <span class='ocrx_word' id='word_1_243' title='bbox 837 2900 869 2952; x_wconf 83' lang='lat' dir='ltr'><strong>et</strong></span> <span class='ocrx_word' id='word_1_244' title='bbox 897 2899 1023 2952; x_wconf 85' lang='lat' dir='ltr'><strong>senatus</strong></span> <span class='ocrx_word' id='word_1_245' title='bbox 1050 2888 1187 2954; x_wconf 78' lang='lat' dir='ltr'><strong>belurm</strong></span> 
     </span>
     <span class='ocr_line' id='line_1_31' title="bbox 133 2971 1190 3061; baseline -0.001 -23"><span class='ocrx_word' id='word_1_246' title='bbox 133 2971 349 3060; x_wconf 68' lang='lat' dir='ltr'><strong>eonsulesqna</strong></span> <span class='ocrx_word' id='word_1_247' title='bbox 364 2973 489 3038; x_wconf 91' lang='lat' dir='ltr'><strong><em>duobus</em></strong></span> <span class='ocrx_word' id='word_1_248' title='bbox 503 2974 627 3059; x_wconf 85' lang='lat' dir='ltr'><strong>scriptia</strong></span> <span class='ocrx_word' id='word_1_249' title='bbox 642 2973 831 3040; x_wconf 84' lang='lat' dir='ltr'><strong>exercitibus</strong></span> <span class='ocrx_word' id='word_1_250' title='bbox 853 2996 910 3060; x_wconf 88' lang='lat' dir='ltr'><strong>per</strong></span> <span class='ocrx_word' id='word_1_251' title='bbox 933 2973 1060 3040; x_wconf 83' lang='lat' dir='ltr'><strong>Marsas</strong></span> <span class='ocrx_word' id='word_1_252' title='bbox 1083 2973 1190 3061; x_wconf 87' lang='lat' dir='ltr'><strong>Pelig-</strong></span> 
     </span>
     <span class='ocr_line' id='line_1_32' title="bbox 132 3057 1221 3147; baseline 0.001 -23"><span class='ocrx_word' id='word_1_253' title='bbox 132 3081 254 3146; x_wconf 85' lang='lat' dir='ltr'><strong>noaque</strong></span> <span class='ocrx_word' id='word_1_254' title='bbox 272 3057 415 3144; x_wconf 84' lang='lat' dir='ltr'><strong>proiecti,</strong></span> <span class='ocrx_word' id='word_1_255' title='bbox 434 3061 582 3147; x_wconf 87' lang='lat' dir='ltr'><strong>adjuncto</strong></span> <span class='ocrx_word' id='word_1_256' title='bbox 602 3061 792 3124; x_wconf 85' lang='lat' dir='ltr'><strong>Samnitium</strong></span> <span class='ocrx_word' id='word_1_257' title='bbox 808 3061 960 3138; x_wconf 86' lang='lat' dir='ltr'><strong>exercitu,</strong></span> <span class='ocrx_word' id='word_1_258' title='bbox 976 3061 1014 3124; x_wconf 90' lang='lat' dir='ltr'><strong>ad</strong></span> <span class='ocrx_word' id='word_1_259' title='bbox 1029 3061 1188 3146; x_wconf 87' lang='lat' dir='ltr'><strong>Capuam,</strong></span> <span class='ocrx_word' id='word_1_260' title='bbox 1218 3125 1221 3134; x_wconf 82' lang='grc'><em>,</em></span> 
     </span>
     <span class='ocr_line' id='line_1_33' title="bbox 133 3145 1351 3234; baseline 0 -24"><span class='ocrx_word' id='word_1_261' title='bbox 133 3165 197 3232; x_wconf 89' lang='lat' dir='ltr'><strong>qao</strong></span> <span class='ocrx_word' id='word_1_262' title='bbox 206 3147 273 3232; x_wconf 84' lang='lat' dir='ltr'><strong>jam</strong></span> <span class='ocrx_word' id='word_1_263' title='bbox 292 3145 398 3211; x_wconf 90' lang='lat' dir='ltr'><strong>Latini</strong></span> <span class='ocrx_word' id='word_1_264' title='bbox 420 3147 559 3231; x_wconf 84' lang='lat' dir='ltr'><strong>sociique</strong></span> <span class='ocrx_word' id='word_1_265' title='bbox 578 3158 797 3223; x_wconf 81' lang='lat' dir='ltr'><strong>convenerant,</strong></span> <span class='ocrx_word' id='word_1_266' title='bbox 813 3160 915 3212; x_wconf 85' lang='lat' dir='ltr'><strong>castra</strong></span> <span class='ocrx_word' id='word_1_267' title='bbox 928 3146 1043 3212; x_wconf 87' lang='lat' dir='ltr'><strong>locunt.</strong></span> <span class='ocrx_word' id='word_1_268' title='bbox 1089 3147 1139 3212; x_wconf 88' lang='lat' dir='ltr'><strong>Ibi</strong></span> <span class='ocrx_word' id='word_1_269' title='bbox 1155 3147 1187 3210; x_wconf 90' lang='lat' dir='ltr'><strong>in</strong></span> <span class='ocrx_word' id='word_1_270' title='bbox 1198 3155 1351 3234; x_wconf 59' lang='grc' dir='ltr'><strong>ωαψ-</strong></span> 
     </span>
     <span class='ocr_line' id='line_1_34' title="bbox 133 3227 1286 3320; baseline 0.002 -24"><span class='ocrx_word' id='word_1_271' title='bbox 133 3233 239 3318; x_wconf 89' lang='lat' dir='ltr'><strong>quiete</strong></span> <span class='ocrx_word' id='word_1_272' title='bbox 258 3233 384 3318; x_wconf 88' lang='lat' dir='ltr'><strong>utrique</strong></span> <span class='ocrx_word' id='word_1_273' title='bbox 400 3232 521 3298; x_wconf 83' lang='lat' dir='ltr'><strong>consuli</strong></span> <span class='ocrx_word' id='word_1_274' title='bbox 536 3232 645 3297; x_wconf 87' lang='lat' dir='ltr'><strong>eadem</strong></span> <span class='ocrx_word' id='word_1_275' title='bbox 667 3231 783 3297; x_wconf 86' lang='lat' dir='ltr'><strong>dicitur</strong></span> <span class='ocrx_word' id='word_1_276' title='bbox 798 3232 863 3298; x_wconf 86' lang='lat' dir='ltr'><strong>visa</strong></span> <span class='ocrx_word' id='word_1_277' title='bbox 884 3234 1002 3318; x_wconf 85' lang='lat' dir='ltr'><strong>species</strong></span> <span class='ocrx_word' id='word_1_278' title='bbox 1016 3233 1074 3297; x_wconf 88' lang='lat' dir='ltr'><strong>viri</strong></span> <span class='ocrx_word' id='word_1_279' title='bbox 1091 3235 1188 3320; x_wconf 86' lang='lat' dir='ltr'><strong>majo·</strong></span> <span class='ocrx_word' id='word_1_280' title='bbox 1197 3227 1286 3268; x_wconf 78' lang='lat' dir='ltr'><strong>mum.</strong></span> 
     </span>
     <span class='ocr_line' id='line_1_35' title="bbox 133 3317 1187 3404; baseline 0 -22"><span class='ocrx_word' id='word_1_281' title='bbox 133 3319 187 3396; x_wconf 85' lang='lat' dir='ltr'><strong>ria,</strong></span> <span class='ocrx_word' id='word_1_282' title='bbox 214 3339 310 3404; x_wconf 88' lang='lat' dir='ltr'><strong>quam</strong></span> <span class='ocrx_word' id='word_1_283' title='bbox 339 3340 398 3404; x_wconf 89' lang='lat' dir='ltr'><strong>pro</strong></span> <span class='ocrx_word' id='word_1_284' title='bbox 422 3317 564 3382; x_wconf 88' lang='lat' dir='ltr'><strong>humano</strong></span> <span class='ocrx_word' id='word_1_285' title='bbox 592 3317 713 3393; x_wconf 90' lang='lat' dir='ltr'><strong>habitu,</strong></span> <span class='ocrx_word' id='word_1_286' title='bbox 748 3319 1007 3404; x_wconf 85' lang='lat' dir='ltr'><strong>augustioriaque,</strong></span> <span class='ocrx_word' id='word_1_287' title='bbox 1037 3318 1187 3384; x_wconf 85' lang='lat' dir='ltr'><strong>dicentia:</strong></span> 
     </span>
     <span class='ocr_line' id='line_1_36' title="bbox 38 3396 1326 3487; baseline 0.002 -17"><span class='ocrx_word' id='word_1_288' title='bbox 38 3461 40 3475; x_wconf 91' lang='grc'>,</span> <span class='ocrx_word' id='word_1_289' title='bbox 133 3405 188 3470; x_wconf 73' lang='lat' dir='ltr'><strong>Ee</strong></span> <span class='ocrx_word' id='word_1_290' title='bbox 210 3426 272 3468; x_wconf 85' lang='lat' dir='ltr'><strong>una</strong></span> <span class='ocrx_word' id='word_1_291' title='bbox 293 3406 361 3468; x_wconf 85' lang='lat' dir='ltr'><strong>acie</strong></span> <span class='ocrx_word' id='word_1_292' title='bbox 380 3396 600 3487; x_wconf 71' lang='lat' dir='ltr'><strong>imperatorem,</strong></span> <span class='ocrx_word' id='word_1_293' title='bbox 617 3427 654 3468; x_wconf 83' lang='lat' dir='ltr'><strong>ee</strong></span> <span class='ocrx_word' id='word_1_294' title='bbox 668 3406 770 3468; x_wconf 82' lang='lat' dir='ltr'><strong>altera</strong></span> <span class='ocrx_word' id='word_1_295' title='bbox 783 3406 945 3468; x_wconf 71' lang='lat' dir='ltr'><strong>exercitum</strong></span> <span class='ocrx_word' id='word_1_296' title='bbox 964 3405 1037 3470; x_wconf 88' lang='lat' dir='ltr'><strong>Diis</strong></span> <span class='ocrx_word' id='word_1_297' title='bbox 1050 3405 1326 3486; x_wconf 73' lang='lat' dir='ltr'><strong>ntanibusttpeetmm</strong></span> 
     </span>
    </p>
   </div>
   <div class='ocr_carea' id='block_1_7' title="bbox 133 3489 1353 3728">
    <p class='ocr_par' dir='ltr' id='par_1_8' title="bbox 133 3489 1353 3728">
     <span class='ocr_line' id='line_1_37' title="bbox 133 3489 1320 3574; baseline -0.005 -20"><span class='ocrx_word' id='word_1_298' title='bbox 133 3493 286 3574; x_wconf 78' lang='lat' dir='ltr'><strong>matrique</strong></span> <span class='ocrx_word' id='word_1_299' title='bbox 313 3491 419 3556; x_wconf 72' lang='lat' dir='ltr'><strong>Terra</strong></span> <span class='ocrx_word' id='word_1_300' title='bbox 441 3491 544 3555; x_wconf 83' lang='lat' dir='ltr'><strong>deberi</strong></span> <span class='ocrx_word' id='word_1_301' title='bbox 553 3525 565 3564; x_wconf 83' lang='lat'><strong>,·</strong></span> <span class='ocrx_word' id='word_1_302' title='bbox 588 3493 687 3554; x_wconf 74' lang='lat' dir='ltr'><strong>raritas</strong></span> <span class='ocrx_word' id='word_1_303' title='bbox 709 3491 857 3554; x_wconf 80' lang='lat' dir='ltr'><strong>exercitus</strong></span> <span class='ocrx_word' id='word_1_304' title='bbox 879 3492 1045 3573; x_wconf 84' lang='lat' dir='ltr'><strong>imperator</strong></span> <span class='ocrx_word' id='word_1_305' title='bbox 1058 3489 1320 3574; x_wconf 71' lang='lat' dir='ltr'><strong>ugionemraue·</strong></span> 
     </span>
     <span class='ocr_line' id='line_1_38' title="bbox 133 3553 1353 3728; baseline -0.001 -88"><span class='ocrx_word' id='word_1_306' title='bbox 133 3577 272 3654; x_wconf 74' lang='lat' dir='ltr'><strong>hostium,</strong></span> <span class='ocrx_word' id='word_1_307' title='bbox 287 3597 435 3728; x_wconf 65' lang='lat' dir='ltr'><strong>aupelrgue</strong></span> <span class='ocrx_word' id='word_1_308' title='bbox 444 3599 496 3642; x_wconf 87' lang='lat' dir='ltr'><strong>ens</strong></span> <span class='ocrx_word' id='word_1_309' title='bbox 506 3599 537 3642; x_wconf 81' lang='lat' dir='ltr'><strong>se</strong></span> <span class='ocrx_word' id='word_1_310' title='bbox 547 3577 719 3652; x_wconf 74' lang='lat' dir='ltr'><strong>amouisset,</strong></span> <span class='ocrx_word' id='word_1_311' title='bbox 732 3575 911 3659; x_wconf 56' lang='lat' dir='ltr'><strong>oapeputt</strong></span> <span class='ocrx_word' id='word_1_312' title='bbox 918 3579 1082 3660; x_wconf 86' lang='lat' dir='ltr'><strong>partisque</strong></span> <span class='ocrx_word' id='word_1_313' title='bbox 1095 3577 1189 3644; x_wconf 85' lang='lat' dir='ltr'><strong>uicta-</strong></span> <span class='ocrx_word' id='word_1_314' title='bbox 1196 3553 1353 3664; x_wconf 58' lang='lat' dir='ltr'><strong>ffiffl&#39;</strong></span> 
     </span>
    </p>
   </div>
   <div class='ocr_carea' id='block_1_8' title="bbox 133 3661 1263 3847">
    <p class='ocr_par' dir='ltr' id='par_1_9' title="bbox 133 3661 1263 3847">
     <span class='ocr_line' id='line_1_39' title="bbox 133 3661 1263 3750; baseline 0.002 -22"><span class='ocrx_word' id='word_1_315' title='bbox 133 3663 304 3750; x_wconf 84' lang='lat' dir='ltr'><strong>riarusere.</strong></span> <span class='ocrx_word' id='word_1_316' title='bbox 388 3663 489 3728; x_wconf 79' lang='lat' dir='ltr'><strong>neubi</strong></span> <span class='ocrx_word' id='word_1_317' title='bbox 506 3675 679 3734; x_wconf 83' lang='lat' dir='ltr'><strong>nocturnos</strong></span> <span class='ocrx_word' id='word_1_318' title='bbox 688 3661 772 3726; x_wconf 83' lang='lat' dir='ltr'><strong><em>visus</em></strong></span> <span class='ocrx_word' id='word_1_319' title='bbox 783 3661 865 3726; x_wconf 85' lang='lat' dir='ltr'><strong>inter</strong></span> <span class='ocrx_word' id='word_1_320' title='bbox 875 3683 908 3725; x_wconf 82' lang='lat' dir='ltr'><strong>se</strong></span> <span class='ocrx_word' id='word_1_321' title='bbox 918 3661 1062 3728; x_wconf 80' lang='lat' dir='ltr'><strong>consules</strong></span> <span class='ocrx_word' id='word_1_322' title='bbox 1076 3675 1188 3728; x_wconf 84' lang='lat' dir='ltr'><strong>coutu-</strong></span> <span class='ocrx_word' id='word_1_323' title='bbox 1197 3693 1263 3730; x_wconf 78' lang='lat' dir='ltr'><strong>sam</strong></span> 
     </span>
     <span class='ocr_line' id='line_1_40' title="bbox 520 3796 804 3847; baseline -0.011 0"><span class='ocrx_word' id='word_1_324' title='bbox 520 3796 535 3836; x_wconf 81' lang='lat' dir='ltr'><strong>t</strong></span> <span class='ocrx_word' id='word_1_325' title='bbox 550 3803 636 3846; x_wconf 74' lang='lat' dir='ltr'><strong>munte</strong></span> <span class='ocrx_word' id='word_1_326' title='bbox 646 3799 722 3847; x_wconf 83' lang='lat' dir='ltr'><strong>Gran.</strong></span> <span class='ocrx_word' id='word_1_327' title='bbox 733 3798 804 3846; x_wconf 75' lang='lat' dir='ltr'><strong>ctae.</strong></span> 
     </span>
    </p>
   </div>
   <div class='ocr_carea' id='block_1_9' title="bbox 134 3929 1193 4122">
    <p class='ocr_par' dir='ltr' id='par_1_10' title="bbox 134 3929 1193 4122">
     <span class='ocr_line' id='line_1_41' title="bbox 168 3929 936 3992; baseline -0.004 -13"><span class='ocrx_word' id='word_1_328' title='bbox 168 3929 335 3990; x_wconf 77' lang='lat' dir='ltr'><strong>lss&#39;Altanlr,</strong></span> <span class='ocrx_word' id='word_1_329' title='bbox 351 3931 456 3992; x_wconf 70' lang='lat' dir='ltr'><strong>patritus</strong></span> <span class='ocrx_word' id='word_1_330' title='bbox 470 3933 562 3989; x_wconf 73' lang='lat' dir='ltr'><strong>matria,</strong></span> <span class='ocrx_word' id='word_1_331' title='bbox 577 3931 645 3978; x_wconf 76' lang='lat' dir='ltr'><strong>Latt-</strong></span> <span class='ocrx_word' id='word_1_332' title='bbox 677 3943 734 3978; x_wconf 84' lang='lat' dir='ltr'><strong>man</strong></span> <span class='ocrx_word' id='word_1_333' title='bbox 745 3934 771 3975; x_wconf 83' lang='lat' dir='ltr'><strong>et</strong></span> <span class='ocrx_word' id='word_1_334' title='bbox 780 3929 817 3977; x_wconf 81' lang='lat' dir='ltr'><strong>tra</strong></span> <span class='ocrx_word' id='word_1_335' title='bbox 827 3929 936 3977; x_wconf 60' lang='lat' dir='ltr'><strong>&amp;arum</strong></span> 
     </span>
     <span class='ocr_line' id='line_1_42' title="bbox 134 3989 1192 4060; baseline -0.004 -18"><span class='ocrx_word' id='word_1_336' title='bbox 134 3997 173 4060; x_wconf 77' lang='lat' dir='ltr'><strong>aa]</strong></span> <span class='ocrx_word' id='word_1_337' title='bbox 200 3996 296 4056; x_wconf 76' lang='lat' dir='ltr'><strong>Nempe</strong></span> <span class='ocrx_word' id='word_1_338' title='bbox 317 3995 401 4042; x_wconf 72' lang='lat' dir='ltr'><strong>[aaut</strong></span> <span class='ocrx_word' id='word_1_339' title='bbox 420 3995 449 4042; x_wconf 79' lang='lat' dir='ltr'><strong>ab</strong></span> <span class='ocrx_word' id='word_1_340' title='bbox 471 3995 532 4044; x_wconf 76' lang='lat' dir='ltr'><strong>Atta</strong></span> <span class='ocrx_word' id='word_1_341' title='bbox 552 3993 645 4042; x_wconf 76' lang='lat' dir='ltr'><strong>oriundi</strong></span> <span class='ocrx_word' id='word_1_342' title='bbox 709 3989 848 4041; x_wconf 77' lang='lat' dir='ltr'><strong>21¹1’tum</strong></span> <span class='ocrx_word' id='word_1_343' title='bbox 866 3995 953 4040; x_wconf 76' lang='lat' dir='ltr'><strong>mauric</strong></span> <span class='ocrx_word' id='word_1_344' title='bbox 968 3990 1062 4056; x_wconf 58' lang='lat' dir='ltr'><strong>buum]</strong></span> <span class='ocrx_word' id='word_1_345' title='bbox 1087 3991 1192 4053; x_wconf 83' lang='lat' dir='ltr'><strong>luciplta</strong></span> 
     </span>
     <span class='ocr_line' id='line_1_43' title="bbox 134 4056 1193 4122; baseline -0.005 -14"><span class='ocrx_word' id='word_1_346' title='bbox 134 4069 213 4120; x_wconf 75' lang='lat' dir='ltr'><strong>arant,</strong></span> <span class='ocrx_word' id='word_1_347' title='bbox 230 4065 259 4106; x_wconf 83' lang='lat' dir='ltr'><strong>nt</strong></span> <span class='ocrx_word' id='word_1_348' title='bbox 277 4061 388 4106; x_wconf 77' lang='lat' dir='ltr'><strong>absumat</strong></span> <span class='ocrx_word' id='word_1_349' title='bbox 403 4059 548 4122; x_wconf 65' lang='lat' dir='ltr'><strong>&#39;inmutatus</strong></span> <span class='ocrx_word' id='word_1_350' title='bbox 559 4059 647 4120; x_wconf 82' lang='lat' dir='ltr'><strong>Super·</strong></span> <span class='ocrx_word' id='word_1_351' title='bbox 677 4058 792 4104; x_wconf 72' lang='lat' dir='ltr'><strong>adumar</strong></span> <span class='ocrx_word' id='word_1_352' title='bbox 811 4057 919 4104; x_wconf 80' lang='lat' dir='ltr'><strong>numinis</strong></span> <span class='ocrx_word' id='word_1_353' title='bbox 931 4056 1004 4104; x_wconf 78' lang='lat' dir='ltr'><strong>rastri</strong></span> <span class='ocrx_word' id='word_1_354' title='bbox 1014 4063 1193 4118; x_wconf 76' lang='lat' dir='ltr'><strong>mntemptarea</strong></span> 
     </span>
    </p>
   </div>
   <div class='ocr_carea' id='block_1_10' title="bbox 134 4117 1193 4248">
    <p class='ocr_par' dir='ltr' id='par_1_11' title="bbox 134 4117 1193 4248">
     <span class='ocr_line' id='line_1_44' title="bbox 135 4117 1193 4187; baseline -0.006 -15"><span class='ocrx_word' id='word_1_355' title='bbox 135 4125 218 4180; x_wconf 64' lang='grc' dir='ltr'><strong>ΝΜ.</strong></span> <span class='ocrx_word' id='word_1_356' title='bbox 230 4124 250 4172; x_wconf 91' lang='lat'><strong>1.</strong></span> <span class='ocrx_word' id='word_1_357' title='bbox 258 4138 281 4172; x_wconf 81' lang='lat' dir='ltr'><strong>a.</strong></span> <span class='ocrx_word' id='word_1_358' title='bbox 291 4123 332 4172; x_wconf 80' lang='lat'><strong>⁶2.</strong></span> <span class='ocrx_word' id='word_1_359' title='bbox 349 4123 402 4172; x_wconf 82' lang='lat' dir='ltr'><strong>vid.</strong></span> <span class='ocrx_word' id='word_1_360' title='bbox 418 4131 444 4171; x_wconf 78' lang='lat' dir='ltr'><strong>et</strong></span> <span class='ocrx_word' id='word_1_361' title='bbox 458 4139 481 4172; x_wconf 85' lang='lat' dir='ltr'><strong><em>u.</em></strong></span> <span class='ocrx_word' id='word_1_362' title='bbox 496 4124 520 4172; x_wconf 81' lang='grc'><strong>8.</strong></span> <span class='ocrx_word' id='word_1_363' title='bbox 537 4119 646 4187; x_wconf 73' lang='lat' dir='ltr'><strong>ejuadm</strong></span> <span class='ocrx_word' id='word_1_364' title='bbox 678 4122 747 4183; x_wconf 63' lang='lat' dir='ltr'><strong>pum</strong></span> <span class='ocrx_word' id='word_1_365' title='bbox 776 4117 922 4183; x_wconf 72' lang='lat' dir='ltr'><strong>justumque</strong></span> <span class='ocrx_word' id='word_1_366' title='bbox 952 4120 1061 4178; x_wconf 69' lang='lat' dir='ltr'><strong>belluna</strong></span> <span class='ocrx_word' id='word_1_367' title='bbox 1094 4121 1193 4182; x_wconf 81' lang='lat' dir='ltr'><strong>rignum</strong></span> 
     </span>
     <span class='ocr_line' id='line_1_45' title="bbox 134 4184 1006 4248; baseline -0.002 -15"><span class='ocrx_word' id='word_1_368' title='bbox 134 4188 189 4234; x_wconf 85' lang='lat' dir='ltr'><strong>libri</strong></span> <span class='ocrx_word' id='word_1_369' title='bbox 200 4190 222 4237; x_wconf 92' lang='lat'><strong>1.</strong></span> <span class='ocrx_word' id='word_1_370' title='bbox 678 4187 858 4248; x_wconf 82' lang='lat' dir='ltr'><strong>quodammodo</strong></span> <span class='ocrx_word' id='word_1_371' title='bbox 869 4187 926 4232; x_wconf 82' lang='lat' dir='ltr'><strong>dare</strong></span> <span class='ocrx_word' id='word_1_372' title='bbox 937 4184 1006 4232; x_wconf 81' lang='lat' dir='ltr'><strong>bello.</strong></span> 
     </span>
    </p>
   </div>
   <div class='ocr_carea' id='block_1_11' title="bbox 135 4247 1193 4442">
    <p class='ocr_par' dir='ltr' id='par_1_12' title="bbox 135 4247 1193 4442">
     <span class='ocr_line' id='line_1_46' title="bbox 168 4247 1193 4317; baseline -0.003 -19"><span class='ocrx_word' id='word_1_373' title='bbox 168 4251 647 4317; x_wconf 67' lang='lat' dir='ltr'><strong>19⁰Sapiraiar1Vid.nat.li.adl.4l.</strong></span> <span class='ocrx_word' id='word_1_374' title='bbox 712 4248 902 4297; x_wconf 65' lang='lat' dir='ltr'><strong>avemus</strong></span> <span class='ocrx_word' id='word_1_375' title='bbox 928 4253 950 4296; x_wconf 80' lang='lat' dir='ltr'><strong>rt</strong></span> <span class='ocrx_word' id='word_1_376' title='bbox 977 4253 1068 4296; x_wconf 66' lang='lat' dir='ltr'><strong>untes</strong></span> <span class='ocrx_word' id='word_1_377' title='bbox 1097 4247 1193 4316; x_wconf 78' lang='lat' dir='ltr'><strong>lullum]</strong></span> 
     </span>
     <span class='ocr_line' id='line_1_47' title="bbox 168 4311 1127 4380; baseline -0.001 -17"><span class='ocrx_word' id='word_1_378' title='bbox 168 4314 646 4380; x_wconf 58' lang='lat' dir='ltr'><strong>auudnproeaenrmamtmaeaml</strong></span> <span class='ocrx_word' id='word_1_379' title='bbox 679 4311 1063 4363; x_wconf 64' lang='lat' dir='ltr'><strong>Vimnottss.etu.adl.8².</strong></span> <span class='ocrx_word' id='word_1_380' title='bbox 1123 4311 1127 4322; x_wconf 92' lang='lat'>&#39;</span> 
     </span>
     <span class='ocr_line' id='line_1_48' title="bbox 135 4379 647 4442; baseline 0 -14"><span class='ocrx_word' id='word_1_381' title='bbox 135 4379 169 4428; x_wconf 83' lang='lat' dir='ltr'><strong>tn</strong></span> <span class='ocrx_word' id='word_1_382' title='bbox 189 4393 295 4442; x_wconf 66' lang='lat' dir='ltr'><strong>mna</strong></span> <span class='ocrx_word' id='word_1_383' title='bbox 314 4379 450 4428; x_wconf 75' lang='lat' dir='ltr'><strong>tammus·</strong></span> <span class='ocrx_word' id='word_1_384' title='bbox 472 4382 581 4429; x_wconf 63' lang='lat' dir='ltr'><strong>ematur</strong></span> <span class='ocrx_word' id='word_1_385' title='bbox 603 4394 647 4428; x_wconf 90' lang='lat' dir='ltr'><strong>nu·</strong></span> 
     </span>
    </p>
   </div>
   <div class='ocr_carea' id='block_1_12' title="bbox 734 4451 826 4530">
    <p class='ocr_par' dir='ltr' id='par_1_13' title="bbox 734 4451 826 4530">
     <span class='ocr_line' id='line_1_49' title="bbox 734 4451 826 4530; baseline 0.022 -24"><span class='ocrx_word' id='word_1_386' title='bbox 734 4451 826 4530; x_wconf 67' lang='lat' dir='ltr'><strong>ogs</strong></span> 
     </span>
    </p>
   </div>
   <div class='ocr_carea' id='block_1_13' title="bbox 0 0 1533 4928">
    <p class='ocr_par' dir='ltr' id='par_1_14' title="bbox 0 0 1533 4928">
     <span class='ocr_line' id='line_1_50' title="bbox 0 0 1533 4928; baseline 0 0"><span class='ocrx_word' id='word_1_387' title='bbox 0 0 1533 4928; x_wconf 95' lang='lat' dir='ltr'><strong> </strong></span> 
     </span>
    </p>
   </div>
  </div>
 </body>
</html>
