3008 4908
344 197 400 264 298
741 189 1023 255 T1T1L1v11³

181 375 210 421 u.
221 377 249 423 u
260 375 316 423 sse.
342 357 492 422 universis
506 357 695 433 exercitibus,
709 360 815 440 polam
833 359 1022 422 inconcione
1035 359 1208 422 audiuntur.
1223 357 1295 420 odeo
1307 357 1386 439 quid·

180 443 211 486 Α·
221 443 247 488 ⁰·
260 441 314 489 ⁴⁰⁰·
343 446 419 528 qnid
432 445 571 507 tribunus
583 443 668 524 plebi
678 446 855 524 mloquitur,
868 447 926 510 etsi
935 446 1104 526 prodendis
1112 445 1227 526 palriee
1240 444 1387 506 dissoluen-

342 533 448 613 doeque
466 531 642 611 reipublice
663 539 716 605 esc,
734 530 915 594 ¹⁹ndstrestis
936 533 1019 614 ecqui
1038 532 1147 594 audire
1157 563 1169 600 ,-
1192 540 1230 604 et,
1245 529 1388 592 dulcedine

336 618 501 698 potestatis
515 614 577 699 qus
591 619 686 697 copti,
702 618 843 700 quenlibet
855 617 909 680 snb
922 639 960 680 eo
974 619 1086 680 scelera
1097 617 1193 680 latere
1205 616 1311 679 sinitis.
1330 613 1387 676 Re·

341 704 456 785 liqnum
471 713 525 779 est,
542 713 585 779 nt,
602 722 670 786 quor
689 703 740 764 iric
753 704 969 787 uocr'serontur,
986 704 1088 766 eadem
1105 705 1140 764 in
1154 702 1261 766 castris
1273 709 1301 764 et
1313 699 1388 780 opud

341 789 453 852 milites
467 799 574 872 want,
590 800 620 850 et
637 791 784 852 exercitus
798 797 1007 870 conrnrmpont,
1024 787 1201 872 ducibtuque
1211 807 1321 868 parere
1333 804 1385 846 non

337 875 525 956 potiuntur:
541 877 682 958 quonium
693 897 730 937 eo
742 877 855 939 denum
867 875 974 938 Romce
983 875 1111 938 libertos
1121 884 1174 949 est,
1184 893 1244 935 non
1253 880 1387 944 senonen,

341 981 402 1023 non
417 963 623 1044 magistratus,
641 981 701 1023 nort
715 963 804 1044 leges,
820 981 880 1023 non
903 981 997 1024 mores
1011 960 1167 1044 majorum,
1184 979 1242 1021 non
1258 959 1389 1022 instituto

336 1056 473 1130 potinem,
485 1068 545 1110 non
561 1049 756 1129 disciplinam
772 1047 873 1110 uereri
886 1047 1017 1110 militie.

385 1131 463 1196 VII.
491 1133 551 1196 Pur
568 1133 634 1217 jour
657 1134 751 1196 etiarn
773 1133 805 1194 in
821 1132 1026 1196 concionibus
1041 1145 1107 1196 erat
1122 1131 1245 1216 Appius
1267 1127 1390 1194 tribunis

341 1217 461 1303 plebis3
485 1241 582 1304 quum
601 1218 716 1295 subito,
732 1219 758 1256 ¹⁰
769 1217 861 1282 unde·
876 1218 1002 1282 minime
1017 1218 1087 1302 quis
1107 1218 1257 1294 crederet,
1273 1227 1389 1296 acceptu

342 1304 504 1368 calamitas
525 1306 608 1390 opud
634 1305 728 1368 Veios
750 1319 782 1367 et
802 1305 995 1388 superiorem
1017 1306 1159 1389 Appium
1184 1305 1215 1368 in
1238 1323 1350 1375 caussa,
1363 1312 1391 1362 et

343 1391 545 1456 concordium
573 1392 719 1454 ordinum
748 1392 897 1476 mojorem
920 1392 1129 1476 ardoremque
1150 1390 1191 1455 ed
1214 1385 1390 1453 obsidendos

180 1478 533 1562 npemuompertinnoius
561 1477 655 1540 Veios
685 1477 764 1541 iecit.
813 1477 894 1540 Nam
920 1499 1016 1562 quum
1047 1499 1145 1564 agger
1174 1489 1333 1562 promotus
1355 1469 1391 1535 ad

180 1557 466 1640 ”Wlfflin-urbem,
489 1565 652 1649 viueaeque
676 1577 805 1628 tontum
823 1585 887 1626 non
909 1565 976 1648 jam
1002 1563 1153 1649 injunctoe
1176 1561 1331 1626 moenibus
1350 1580 1392 1622 es·

179 1623 316 1733 {ffi'b
344 1663 424 1725 sent,
440 1649 515 1714 dum
532 1671 628 1734 opero
644 1650 780 1714 interdiu
796 1647 877 1712 fiunt
900 1650 1059 1726 intentius,
1075 1673 1171 1736 quom
1193 1661 1285 1713 nocte
1298 1656 1392 1712 custo·

344 1739 482 1813 diuntur,
499 1735 656 1821 putesocte
674 1749 803 1821 repente
821 1747 923 1820 porta,
940 1737 1051 1823 ingens
1072 1736 1253 1812 multitudo,
1268 1731 1391 1798 fascibus

343 1823 482 1886 maxime
504 1834 634 1899 ormano,
658 1823 746 1907 ignes
768 1823 921 1907 conjecit:
949 1821 1100 1922 horaeque
1126 1836 1288 1887 momento
1307 1815 1392 1882 simul

342 1929 490 1995 aggerem
516 1931 553 1972 nc
578 1909 692 1984 vinens,
721 1923 784 1972 tum
815 1909 901 2001 longi
927 1921 1077 1990 temporis
1102 1931 1196 1994 opus,
1221 1905 1391 1973 incendium

341 1993 466 2059 hausit:
491 1995 642 2081 multique
666 1994 709 2058 ibi
731 1996 878 2058 mortales
906 1995 1116 2080 nequidquam
1139 2017 1236 2080 opem
1260 1993 1391 2065 serentes,

340 2079 426 2145 ferro
438 2081 569 2168 ignique
583 2080 718 2144 obsumti
739 2097 822 2144 sunt.
867 2080 964 2157 Quod
989 2084 1041 2144 ubi
1060 2082 1198 2146 Romam
1212 2093 1260 2146 ost
1273 2077 1392 2144 nuncin·

340 2168 617 2248 summentium
633 2168 794 2246 omnibus,
810 2167 928 2231 senatui
948 2189 1055 2232 curem
1078 2181 1263 2254 metumque
1284 2164 1391 2252 injecit,

340 2269 471 2320 netum
496 2277 570 2319 vero
593 2255 736 2318 sustineri
765 2276 823 2317 nec
846 2253 878 2315 in
906 2257 983 2317 urbe
1008 2254 1131 2330 seditio,
1152 2277 1212 2320 nec
1238 2251 1393 2317 incastris

340 2354 457 2426 posset,
472 2355 503 2404 et
524 2341 641 2405 tribuni
666 2339 766 2424 plebis
780 2338 866 2404 velut
883 2339 923 2404 ob
938 2363 971 2404 se
986 2341 1076 2404 victae
1098 2341 1283 2426 reipublicae
1304 2335 1393 2401 insui·

178 2442 280 2502 Equites
340 2441 460 2492 terent:
484 2449 580 2512 quum
604 2439 743 2512 repente,
764 2425 913 2512 ²²quibus
935 2447 1044 2490 census
1066 2441 1214 2511 equester
1235 2437 1312 2505 erut,
1329 2420 1393 2508 eqni

177 2507 306 2616 &⁰¹⁸2ss
340 2513 461 2600 publici
481 2535 545 2579 rron
569 2527 660 2579 erent
682 2513 847 2612 adsignati,
864 2513 994 2577 consilio
1039 2513 1102 2578 rius
1124 2515 1208 2578 inter
1227 2536 1292 2578 sese
1315 2508 1393 2574 bobi-

177 2585 259 2618 meren
299 2603 306 2620 '
341 2613 385 2678 to,
413 2614 555 2665 senatum
585 2601 720 2675 adeunt3
747 2603 890 2684 lectoque
918 2535 1042 2663 dicensli
1069 2614 1232 2682 potestate,
1257 2599 1342 2686 equis
1365 2616 1394 2658 se

340 2687 404 2751 suis
440 2685 609 2772 stipendio
625 2686 763 2750 locturos
791 2687 989 2769 promittunt.
1039 2684 1164 2761 Quibus
1201 2709 1301 2772 quum
1333 2703 1393 2746 nm·

361 2773 486 2836 lissimie
510 2771 611 2835 verbis
632 2773 744 2856 gratim
766 2771 807 2833 ab
829 2788 938 2835 serrato
963 2785 1041 2836 nctae
1062 2787 1176 2848 essent,
1193 2773 1339 2858 famaque
1362 2789 1395 2830 en

180 2868 252 2917 Piens
263 2885 303 2932 pe-
339 2796 443 2922 iorum
459 2873 553 2942 atque
568 2859 676 2920 urbem
700 2858 894 2941 pervasisset,
910 2857 1015 2922 subito
1032 2860 1071 2922 od
1094 2859 1216 2922 curiam
1232 2875 1394 2924 concursus

176 2935 378 3046 fiffimffifit
397 2943 510 3029 plebis.
553 2943 741 3009 ”Pedestris
761 2945 880 3007 ordinis
900 2965 941 3019 se,
960 2944 1059 3021 munt,
1075 2967 1155 3008 nunc
1175 2969 1249 3022 esse,
1264 2961 1394 3028 opernm·

176 3015 287 3112 ,fflness
343 3053 399 3115 que
423 3030 598 3113 reipublicae
620 3039 709 3093 ectro
731 3031 867 3092 ordinem
888 3033 1042 3111 polliceri,
1064 3053 1116 3094 seu
1145 3032 1395 3110 Veneresque

177 3129 310 3188 prooem·
343 3119 408 3182 olio
420 3119 528 3180 dicere
541 3118 645 3180 uelint.
664 3118 694 3180 si
711 3115 799 3182 Veios
821 3117 904 3179 ducti
924 3118 997 3194 sint,
1012 3133 1140 3205 negant,
1156 3141 1188 3182 se
1211 3119 1285 3182 inde
1299 3115 1392 3199 prius,

778 3273 797 3302 Β
804 3270 876 3331 plebei
888 3273 956 3320 Creu.

372 3407 403 3456 19
419 3406 534 3454 Armenio
542 3403 702 3466 oquiondirc]
721 3399 850 3449 uanctec-
883 3407 953 3460 senti
970 3405 1013 3450 sed
1031 3405 1119 3463 quibus
1136 3403 1249 3450 nondum
1267 3403 1323 3463 equi
1341 3399 1396 3460 pub·

339 3475 430 3519 tionem
450 3471 554 3518 monuit
574 3469 715 3526 Rhenanus,
731 3480 807 3528 quum
825 3468 851 3512 in
883 3469 923 3514 lici
940 3469 1055 3528 essiguuti
1071 3475 1140 3513 erant
1157 3482 1172 3514 a
1190 3469 1340 3518 censoribus.
1355 3475 1394 3509 nec

338 3545 418 3584 vetere
444 3535 575 3595 exemplari
605 3535 718 3594 reperiret
746 3533 852 3577 monitis
883 3533 983 3592 proinde
1007 3533 1123 3592 equestris
1146 3533 1238 3591 gradus
1262 3532 1394 3578 attributus.

337 3603 393 3662 qui.-
410 3602 473 3663 quod
490 3605 515 3646 et
531 3605 625 3644 exstare
643 3599 667 3642 in
683 3596 852 3658 quibuednme
885 3595 941 3642 Non
951 3597 1017 3642 enim
1035 3597 1076 3641 olii
1091 3596 1191 3656 Equites
1204 3596 1311 3644 Romani
1323 3597 1395 3644 munis

337 3667 387 3714 suis
399 3672 458 3713 vett.
474 3664 540 3710 libris
557 3663 668 3722 Sigonius
684 3663 752 3709 testis
767 3666 814 3716 est,
826 3666 851 3705 et
883 3675 956 3721 quam
974 3661 1061 3721 quibus
1081 3673 1157 3719 equus
1173 3673 1189 3705 a
1204 3662 1345 3707 censoribus
1361 3669 1394 3702 ru·

337 3733 362 3778 in
376 3731 462 3777 nostris
479 3729 597 3790 plerisque
613 3728 752 3786 reperimus.
786 3726 850 3769 Ante
882 3726 991 3786 signatus
1010 3732 1088 3770 crecti
1106 3732 1178 3785 atque
1199 3725 1221 3770 is
1241 3738 1319 3784 eqntn
1337 3721 1396 3767 dice·

293 3831 297 3840 .
337 3790 719 3842 Rhenanumouucecitirandlrc.
882 3791 954 3836 butus
967 3789 1081 3850 pontiore,
1098 3791 1156 3849 qnia
1174 3795 1199 3835 et
1219 3805 1235 3836 a
1254 3783 1396 3848 magistrati-

369 3859 402 3908 20
421 3858 486 3906 Unde
502 3857 597 3903 minime
612 3857 663 3914 quie
675 3852 786 3915 ercdmtl
804 3850 849 3900 Le·
882 3855 927 3900 bus
952 3853 1035 3914 populi
1060 3852 1163 3900 Romani
1185 3855 1301 3908 dubntm,
1321 3857 1346 3896 et
1367 3849 1395 3894 de

336 3939 375 3986 ge,
397 3923 455 3984 quod
479 3921 575 3968 minime
598 3919 649 3978 quis
669 3920 775 3966 mederet.
809 3918 850 3963 ln·
882 3919 977 3978 publico
1006 3919 1140 3973 emebatur,
1168 3925 1192 3964 et
1223 3919 1343 3968 debetur,
1370 3917 1396 3958 ul

336 3991 382 4042 tro,
395 3987 484 4034 xx11.
495 3984 534 4034 2&
567 3985 621 4043 Iprc
636 3981 791 4043 autonomi
806 3984 851 4028 mi·
882 3983 1026 4029 memoravit
1037 3977 1122 4028 Livius
1132 3995 1206 4042 supro
1217 3981 1291 4030 MS·

336 4055 398 4099 minuc
417 4053 468 4112 quir
489 4049 597 4106 mederet,
616 4061 686 4109 quum
706 4047 777 4094 lunello
793 4059 850 4108 pru·
882 4069 886 4074 ·
914 4048 945 4094 22
962 4046 1080 4094 Pmoun
1094 4045 1194 4110 ordinis]
1212 4046 1295 4093 Locus
1311 4053 1394 4105 panim

331 4119 529 4178 piurima..
882 4112 983 4158 fortusse
1016 4123 1105 4166 sununs
1136 4124 1211 4171 quem
1247 4112 1294 4156 hoe
1325 4107 1394 4154 modo

369 4179 398 4227 21
413 4179 427 4205 ⁸
441 4179 528 4236 Quum
556 4189 635 4224 cenem
664 4178 763 4236 censetor
789 4179 848 4229 mot,
882 4176 1005 4223 emmderi
1024 4187 1094 4233 posse
1108 4182 1188 4222 censet
1207 4175 1335 4234 cuperus:
1352 4171 1395 4217 Pr-

335 4247 387 4306 coni
401 4243 489 4306 publici
506 4257 549 4288 non
568 4245 634 4288 mont
652 4241 778 4303 mrigruoti]
801 4239 850 4293 Qui
881 4239 963 4286 deutris
978 4239 1068 4285 ordinis
1083 4240 1151 4285 cictm
1165 4253 1227 4286 nunc
1244 4253 1292 4286 circ
1307 4247 1394 4298 epm

335 4323 392 4356 enm
412 4305 532 4355 habebunt
551 4319 660 4360 censum,
680 4319 709 4351 ee
730 4305 800 4360 bono,
822 4311 850 4351 nt
881 4305 938 4366 reip.
950 4303 1061 4364 polliceri.
1094 4302 1150 4350 Nisi
1163 4303 1226 4350 forte
1241 4303 1297 4363 quic
1311 4299 1392 4348 maliis

335 4375 359 4421 in
386 4379 521 4434 equestrem
549 4369 657 4418 ordinem
684 4369 767 4416 resero
796 4383 849 4429 pos·
882 4367 999 4417 Pedestrir
1009 4369 1098 4416 ordinis
1114 4371 1173 4415 viem
1188 4368 1256 4415 uiunl
1273 4380 1334 4414 num
1343 4375 1393 4410 estc·
