3056 4928
360 215 418 268 ⁴20
753 209 864 269 TlTl
892 209 1028 270 lell

203 387 231 435 υ.
244 387 271 436 c.
281 387 337 436 tot.
349 383 446 438 'mam
461 383 560 448 erant,
576 371 682 436 mitior
695 371 764 438 fuit
787 373 892 438 medio
912 376 944 438 in
966 373 1037 439 foro
1052 395 1161 440 omnes
1174 373 1273 462 virgis
1288 374 1363 438 caesi
1377 395 1412 438 ac

201 453 338 504 ΗΜ
364 460 464 524 securi
489 459 637 538 percussi.
659 458 691 522 id
717 481 777 545 pro
803 460 962 526 inmolatis
985 463 1018 525 in
1043 460 1112 525 foro
1132 459 1409 548 Tarquiniensium

203 552 354 610 Foedurcum
364 546 517 610 Romanis
532 567 635 630 poenae
649 545 791 610 hostibus
811 547 978 611 redditum.
1024 548 1087 612 Res
1109 546 1191 611 bello
1209 549 1287 611 bene
1300 559 1412 632 gestae,

202 617 319 729 {aputu-
364 647 398 697 ut
415 632 569 697 Samnites
581 653 705 781 quoqpe
720 633 886 697 amicitiam
902 645 1056 720 peterent,
1067 633 1245 698 effecerunt.
1282 631 1413 718 Legatis

363 739 471 782 eorum
488 719 652 782 comitera
689 733 797 783 senatu
817 741 1016 804 responsum:
1038 719 1156 784 toedere
1178 721 1208 783 in
1231 719 1410 784 societatem

363 805 493 888 accepti.
539 804 612 868 Non
628 804 736 870 eadem
751 804 847 881 domi,
863 827 935 890 quae
958 806 1087 882 militie,
1102 805 1228 870 fortuna
1246 821 1312 868 erat
1326 802 1412 890 plebi

366 891 529 955 Romanae.
552 911 624 954 nam
639 893 706 969 etsi,
718 892 860 955 unciario
875 891 993 955 loenore
1003 891 1097 967 facto,
1114 895 1214 956 levata
1224 913 1318 955 usura
1332 909 1410 966 erar,

363 992 447 1041 sorte
469 977 536 1062 ipsa
561 976 775 1041 obruebantur
793 977 910 1066 inopes,
926 977 952 1016 ¹²
962 999 1140 1064 nexumque
1154 977 1287 1041 inibant.
1302 999 1340 1038 eo
1353 997 1411 1039 nec

362 1063 509 1148 patricios
524 1062 618 1126 ambo
632 1064 785 1140 consules,
802 1085 903 1148 neque
917 1065 1114 1129 comitiorum
1130 1087 1249 1138 curam,
1270 1061 1411 1148 l’'publi-

363 1171 439 1213 care
453 1149 556 1214 studia
568 1171 638 1233 -prae
652 1151 782 1234 privatis
803 1151 1010 1215 incommodis
1025 1151 1116 1235 plebs
1137 1151 1176 1215 ad
1200 1150 1342 1213 animum¹
1357 1148 1410 1212 ad·

364 1235 514 1318 mittebat.
560 1236 748 1300 Consulatus
761 1248 890 1322 uterquc
904 1240 986 1321 apud
1002 1237 1149 1323 patricios
1165 1250 1280 1302 manet.
1325 1235 1410 1298 Con·

170 1391 173 1400 ,
203 1338 338 1387 stom
363 1323 443 1386 sules
476 1321 571 1388 creati
602 1323 638 1385 C.
666 1322 823 1418 Sulpicius
858 1322 982 1388 Peticus
1009 1336 1168 1410 quartum,
1202 1321 1250 1387 M.
1266 1319 1408 1384 Valerius

201 1405 231 1450 A.
244 1403 270 1450 ⁰·
282 1403 338 1452 ⁸⁵⁰⁴
366 1408 530 1473 Publicola
545 1409 669 1474 iterum.
704 1408 741 1473 ln
758 1409 875 1473 bellum
891 1409 1058 1474 Etruscum
1076 1411 1227 1474 intentam
1243 1407 1406 1482 civitatem,

202 1469 437 1582 ,ογεῗίιρὶὖίζιιιιίιι
461 1495 609 1558 Caeritem
634 1495 786 1580 populum
808 1495 1021 1560 misericordia
1034 1517 1151 1561 consan
1184 1493 1312 1560 rinitatis
1327 1492 1407 1556 Tar-

202 1599 261 1645 taro
272 1598 306 1645 ιι.
361 1581 575 1668 quiniensibus
599 1580 783 1668 adjunctum
799 1580 880 1645 fama
894 1580 1023 1660 ferebat,
1038 1583 1132 1668 legati
1179 1581 1257 1644 atini
1279 1577 1318 1644 ad
1334 1577 1407 1642 Vol·

180 1664 268 1710 ‘cm
361 1689 429 1732 scos
451 1681 641 1744 convertere,
658 1669 850 1744 nunciantes,
866 1669 1040 1734 exercitum
1069 1667 1281 1753 conscriptum
1308 1687 1408 1729 arma·

362 1769 492 1838 tumque
501 1757 568 1838 jam
589 1753 652 1816 suis
666 1752 781 1817 finibus
799 1755 971 1819 inminere:
995 1752 1089 1819 inde!¹
1113 1752 1354 1840 populabundos
1377 1753 1409 1814 in

349 1860 472 1927 *agrum
502 1839 680 1902 Romanurn
703 1852 851 1903 venturos
877 1863 951 1904 esse.
997 1841 1127 1906 Censuit
1153 1841 1249 1927 igitur
1273 1854 1408 1914 senatus,

363 1940 503 1989 neutram
529 1923 755 2011 neglegendam
780 1947 848 1988 rem
874 1949 956 1990 esse:
984 1941 1117 2014 utroque
1140 1926 1280 2008 legiones
1305 1924 1408 2001 scribi,

361 2010 566 2098 consulesque
580 2011 684 2075 sortiri
699 2011 877 2097 provincias
887 2014 990 2098 jussit.
1037 2013 1202 2078 inclinavit
1213 2007 1327 2076 deinde
1339 2032 1411 2093 pars

363 2099 461 2183 major
475 2119 559 2162 curia
581 2099 613 2160 in
636 2096 803 2162 Etruscum
828 2098 960 2176 bellum3
984 2113 1148 2185 postquam
1165 2098 1262 2161 literis
1278 2096 1411 2181 Sulpicii

360 2183 505 2261 consulis,
522 2184 572 2248 cui
585 2183 752 2268 Tarquinii
765 2186 929 2269 provincia
942 2203 1099 2267 evenerat,
1114 2185 1275 2271 cognitum
1287 2196 1345 2262 est,
1358 2185 1411 2248 de·

358 2271 544 2371 populatum
560 2293 671 2358 agrum
687 2273 770 2335 circa
787 2271 946 2335 Romanas
957 2271 1080 2350 salinas,
1093 2271 1272 2358 predaeque
1287 2283 1409 2355 partem

360 2379 392 2420 ιιι
416 2357 565 2423 Caeritum
588 2357 666 2420 fines
686 2371 833 2435 avectam,
850 2373 882 2421 et
901 2357 986 2423 haud
1009 2357 1103 2422 dubie
1122 2359 1318 2443 juventutem
1343 2357 1409 2442 ejus

123 2493 126 2504 ,
218 2434 229 2450 “
359 2443 468 2592 pppuli
483 2445 563 2508 inter
577 2442 772 2527 praedatores
790 2441 891 2508 fuisse.
936 2445 1048 2531 Itaque
1063 2443 1221 2509 Valerium
1235 2442 1409 2520 consulem,

328 2523 339 2552 ⁴
391 2532 482 2595 olscir
497 2530 685 2615 obpositam,
701 2543 864 2616 castraque
888 2531 927 2596 ad
950 2531 1043 2594 linem
1060 2529 1276 2594 Tusculanum
1290 2528 1411 2593 baben·

198 2617 228 2696 T,-
244 2617 432 2693 lllunliu⁸tern,
453 2629 632 2682 revocatum
649 2615 723 2680 iude
744 2632 868 2680 senatus
891 2617 1076 2681 dictatorern
1098 2616 1202 2680 dicere
1215 2615 1321 2702 jussit.
1366 2615 1409 2680 T.
1503 2603 1504 2652 l

196 2683 307 2731 dm*
358 2702 514 2766 Manlium
528 2700 567 2765 L.
579 2701 678 2765 filium
691 2701 783 2778 discit.
829 2702 870 2780 ls,
886 2723 983 2789 quum
995 2702 1054 2766 sibi
1069 2703 1253 2789 magistrum
1267 2703 1411 2786 equitum

358 2788 400 2854 A.
419 2787 601 2852 Cornelium
618 2787 751 2852 Cossum
774 2787 914 2865 dixisset,
931 2789 1088 2854 consulari
1113 2790 1253 2852 exercitu
1278 2801 1410 2852 conten-

358 2888 422 3023 mq,
435 2895 476 2938 ex
492 2873 676 2939 auctoritate
692 2874 820 2939 Petrum
836 2897 873 2940 ac
884 2875 992 2963 populi
1004 2875 1091 2962 jussu
1109 2873 1276 2940 Caeritibus
1292 2874 1410 2939 bellurn

357 2982 390 3024 ιιι
413 2963 485 3026 rxit.
875 3025 878 3034 ,

402 3046 485 3110 ΧΧ.
509 3046 594 3110 Tum
609 3037 746 3131 primurn
765 3048 906 3124 Caerites,
919 3063 1079 3135 tamquam
1099 3050 1130 3113 in
1147 3049 1248 3113 verbis
1268 3047 1409 3112 bostium
1503 3119 1504 3124 η

307 3133 313 3157 ”
358 3132 404 3196 ris
424 3133 523 3219 major
537 3131 578 3196 ad
594 3132 709 3198 bellum
726 3134 976 3221 significandum,
992 3158 1087 3221 quarn
1109 3136 1141 3199 in
1157 3135 1221 3199 suis
1236 3131 1337 3210 iactis,
1354 3133 1411 3220 qui
1503 3147 1504 3156 ‘

310 3281 312 3288 .
357 3241 415 3302 per
439 3219 675 3304 populationem
700 3219 862 3286 Romanos
882 3221 1088 3298 lacessierant,
1111 3234 1198 3297 esset,
1220 3241 1313 3284 verus
1335 3220 1411 3285 belli
1461 3227 1463 3234 '

358 3319 459 3371 terror
474 3305 605 3370 invasit=
629 3320 786 3393 et‚,quam
812 3330 876 3372 non
901 3329 1028 3372 suarum
1053 3308 1165 3371 virium
1185 3329 1222 3371 ea
1245 3306 1411 3372 dimicatio

354 3407 445 3469 esset,
470 3391 649 3457 cernebant.
705 3393 948 3480 Poenitebatque
972 3393 1192 3479 populationis,
1215 3409 1247 3457 et
1270 3393 1411 3479 Tarqui·
1503 3453 1504 3480 ,

320 3519 324 3528 .
356 3479 478 3544 aienses
500 3481 743 3543 exsecrabantur
768 3479 950 3545 defectionis
974 3495 1126 3544 auctores.
1148 3500 1208 3542 nec
1230 3500 1329 3559 arma,
1356 3493 1413 3544 nut
1503 3493 1504 3504 ¹

356 3565 472 3630 bellum
493 3566 656 3650 quisquam
673 3565 835 3649 adparere,
852 3566 904 3630 sed
918 3589 977 3652 pro
998 3587 1031 3630 se
1045 3567 1175 3653 quisque
1191 3566 1311 3652 legatos
1326 3566 1409 3630 mitti

191 3649 530 3738 certabet-jubebatur
542 3651 708 3736 petendam
720 3655 836 3716 erroris
850 3654 982 3718 veniam.
1028 3651 1140 3740 Legati
1151 3666 1292 3715 senatum
1308 3673 1409 3738 quum

191 3725 501 3836 fflffiu‘ss‘ffludissenr,
527 3741 568 3802 ab
593 3751 700 3802 senatu
725 3739 829 3823 rejecti
855 3739 893 3802 ad
922 3738 1083 3824 populum,
1101 3738 1189 3803 Deos
1205 3752 1409 3822 rogaverunt,

279 3821 286 3836 '
377 3847 488 3890 uorum
513 3846 602 3888 sacra
627 3823 711 3890 bello
734 3824 858 3910 Gallico
883 3837 1012 3909 accepta
1036 3825 1095 3888 rite
1116 3839 1351 3910 procurassent,
1373 3837 1409 3887 ut

388 3933 519 3974 omanos
531 3911 678 3976 florentes
699 3933 736 3974 ea
758 3911 805 3974 sui
830 3909 1040 3975 misericordia
1058 3923 1193 3995 caperet,
1209 3931 1282 3996 quae
1304 3933 1338 3973 se
1360 3931 1410 3972 re·

354 3997 411 4062 bus
426 3997 554 4062 adfectis
569 3996 727 4085 quondam
742 3997 853 4082 populi
878 3997 1014 4062 Romani
1030 3999 1177 4088 cepisset3
1200 3993 1409 4082 conversique

738 4159 752 4200 1
769 4153 848 4201 deiude
859 4155 933 4203 Gron.
946 4155 1015 4204 crev.

385 4296 864 4365 ltNeeaaqaetuttanr1>vic.not.tc.
928 4298 1226 4363 ivnonas-atarto]
1251 4297 1336 4346 Studia
1359 4297 1407 4344 fac-

350 4359 383 4406 ad
395 4361 429 4407 ll.
441 4361 479 4408 23.
491 4378 570 4450 supra.
895 4365 989 4414 tionum
1000 4366 1026 4414 iu
1038 4363 1166 4424 republica.
