2986 4930
463 223 558 284 urs.
580 223 621 282 11.
649 221 752 282 cte.
773 220 814 282 11.
1131 229 1168 284 ιι
1232 295 1234 300 ,

98 379 230 461 otton,
254 393 416 470 rampant
440 388 549 465 alieni,
564 389 654 472 regni
675 385 839 472 Superbum
862 385 1312 471 Tarqaiaimn'vclatmc.tts.

99 467 308 535 lareditatem
320 475 429 557 gentis
442 475 552 538 scelere
565 496 602 536 ac
615 475 813 556 oirepetisse.
846 473 941 537 Pulsa
951 473 1098 560 'Sttperha
1108 497 1165 558 pe·
1174 475 1206 524 A·
1217 475 1244 523 θ
1257 473 1312 526 ³⁰⁷²

100 575 148 618 aes
163 557 357 622 Collatinum
380 561 542 642 imperium
562 581 630 624 esse.
676 559 803 623 Nescire
823 559 1009 644 Tarquinios
1030 562 1169 640 priuatos

100 643 207 706 ninere.
224 665 289 706 nort
295 647 425 728 placere
437 667 551 709 uomere.
563 647 763 728 perictionem
775 644 915 708 libertati
924 667 994 710 csse.
1018 643 1085 710 Hic
1099 649 1172 734 pri:

101 747 151 789 mo
172 729 292 793 sensim
317 731 509 795 tentantium
531 731 653 794 animos
674 751 777 794 sermo
801 751 858 814 per
884 741 982 796 totum
1007 733 1166 798 civitatem

101 827 144 877 cst
158 813 267 892 datus,
285 815 519 903 sollicitamque
533 817 710 901 suspicione
724 815 848 900 plebem
866 815 984 881 Brutus
999 818 1039 882 ud
1059 821 1166 884 conci·

102 920 191 963 onem
207 917 316 966 vocat.
363 901 413 966 lbi
435 903 576 966 omnium
599 903 736 986 primum
753 903 975 990 jusjurandum
993 905 1101 988 populi
1117 927 1166 969 re·

101 985 185 1050 citat.
226 989 389 1052 Neminem
405 1011 535 1074 regnare
544 1007 698 1072 passarus,
713 1009 767 1052 rtec
780 1011 842 1054 csse
856 990 973 1068 Roma,
989 993 1069 1056 unde
1076 995 1165 1074 peri-

101 1075 195 1136 culum
211 1075 355 1139 libertati
357 1075 458 1160 fhret.
501 1076 543 1138 Icl
555 1094 667 1138 aemma
682 1096 739 1158 ope
751 1077 891 1137 tuendum
907 1097 987 1139 esse.-
1010 1098 1105 1160 neque
1118 1081 1165 1142 ul-

101 1159 160 1221 lam
176 1183 252 1236 rem,
270 1181 337 1244 qaae
352 1183 387 1224 eo
396 1163 564 1244 pertineat,
576 1162 830 1224 contemnendam.
873 1162 1006 1224 Invitum
1019 1183 1050 1226 se
1065 1165 1167 1227 dicere

100 1243 232 1310 laminis
246 1269 374 1310 caussa:
390 1269 444 1310 occ
458 1247 723 1331 dientnemfirisse,
736 1248 772 1309 ni
784 1249 901 1310 caritas
911 1247 1087 1330 respublica
1097 1251 1163 1312 oin·

100 1341 189 1394 ceret.
237 1331 311 1394 Noa
332 1335 456 1396 credere
474 1333 619 1416 populum
637 1333 818 1408 Rmnaaom,
839 1333 967 1396 solidam
993 1333 1163 1398 libertatem

101 1427 313 1499 recuperatam
327 1441 400 1482 esse.
423 1417 449 1456 ¹⁴
459 1419 589 1502 Regium
607 1439 711 1502 gemes,
727 1419 843 1502 regium
861 1439 975 1496 nomen,
993 1440 1053 1480 aaa
1069 1421 1163 1484 salum

101 1504 287 1575 incivitate,
303 1506 465 1567 sedetiam
480 1506 512 1566 in
528 1506 657 1588 imperio
669 1525 740 1567 esse.
785 1503 827 1565 ld
846 1503 979 1586 obstem,
996 1506 1032 1567 id
1044 1505 1167 1569 obstare

99 1587 251 1654 libertati.
277 1589 370 1652 Hunc
383 1601 427 1665 tu,
443 1589 555 1674 inquit,
568 1599 622 1652 toa
632 1591 795 1666 uoluntate,
812 1589 854 1654 L.
870 1591 1034 1672 Tarquini,
1047 1613 1164 1655 remoue

99 1685 217 1738 metam.
265 1673 471 1748 Mernirtimas,
475 1677 628 1760 fatemur,
643 1675 758 1758 decimi
773 1697 869 1760 reges.
912 1675 1041 1740 Absolve
1054 1677 1164 1760 benaia·
1276 1683 1279 1690 ’

99 1762 176 1823 aum
188 1771 285 1825 tuam.
315 1761 746 1846 Anserlincregiumrtomert.
773 1761 986 1825 Restuastibi
996 1765 1170 1827 nouaclum·

99 1847 230 1910 reddeat
243 1849 324 1911 cives
337 1851 394 1922 toi,
407 1857 529 1911 auctore
542 1867 604 1918 me,-
620 1849 681 1922 sed,
693 1849 722 1910 si
736 1849 810 1930 qaid
824 1850 914 1922 deest,
927 1851 1064 1930 moapice
1075 1847 1162 1912 1⁵au·
1189 1849 1193 1858 '
1300 1847 1303 1856 '

95 1933 220 2015 getam.
267 1933 391 1998 Amicus
411 1933 473 1996 alti.
497 1953 629 1997 caonera
647 1935 800 1997 civitatem
821 1953 901 1996 nano
914 1933 1058 2019 sarsitaa
1072 1946 1161 2000 metu.

98 2017 149 2080 Ita
163 2039 342 2101 persaamm
360 2029 405 2083 est
426 2021 547 2096 animis,
563 2041 627 2082 cum
646 2028 738 2104 gente
755 2019 930 2103 Tarquinia
951 2041 1075 2104 regnum
1090 2022 1163 2085 ltine

98 2103 262 2168 abinaam.
302 2105 434 2169 Consuli
449 2105 552 2189 primo
566 2119 631 2168 tam
648 2127 738 2168 uovae
753 2105 798 2167 rei
812 2127 849 2168 aa
864 2105 977 2169 subitae
992 2105 1162 2170 admiratio

98 2188 271 2255 incluserat
288 2213 410 2255 vocem.
453 2192 569 2254 Dicere
589 2190 705 2254 deinde
724 2190 926 2276 incipientem
948 2192 1102 2276 primores
1116 2193 1161 2256 ci·

42 2323 49 2330 .
98 2276 202 2340 sitatis
225 2276 471 2354 circumsistunt,
486 2277 596 2341 eudem
619 2275 725 2340 multis
745 2277 891 2361 precibus
905 2291 1007 2341 orant.
1052 2278 1161 2342 Et‘ce-

96 2363 155 2426 teri
183 2361 315 2450 quidem
348 2365 513 2428 movebunt
550 2363 664 2426 minus.
695 2377 862 2448 postquam
894 2364 950 2448 Sp.
980 2363 1160 2444 Lucretius,

97 2447 122 2486 ¹⁸
130 2451 234 2535 major
244 2463 339 2514 oettte
350 2473 388 2514 uc
400 2449 563 2536 dignitate,
576 2469 664 2512 socer
675 2461 829 2532 praeterca
838 2447 946 2530 ipsius,
958 2469 1053 2534 agera
1064 2451 1161 2529 varie,

96 2535 244 2622 rogando
270 2535 399 2600 alternis
424 2535 655 2620 suadendoque,
671 2535 777 2620 coepit,
795 2546 830 2597 ut
846 2533 928 2596 vinci
952 2554 985 2595 se
1006 2555 1161 2598 consensu

96 2619 233 2686 civitatis
257 2635 437 2707 pateretur3
466 2625 579 2685 timens
601 2619 720 2696 consul,
743 2640 783 2683 ue
806 2617 1011 2704 postmodum
1037 2620 1162 2702 privato

94 2705 153 2772 sibi
168 2707 281 2772 eadem
298 2707 351 2771 illa
365 2729 437 2771 cum
452 2707 610 2772 bonorum
626 2706 803 2782 emissione,
813 2705 983 2792 additaque
997 2703 1059 2768 alia
1073 2705 1161 2769 iusu-

94 2813 151 2876 per
165 2794 355 2878 ignominia,
370 2793 560 2870 accidetent,
576 2792 735 2856 abdicavit
749 2815 782 2857 se
796 2790 980 2855 consulatu:
1003 2789 1270 2878 rebusquenaatea
1281 2829 1307 2864 ιι

94 2880 158 2943 suis
178 2878 331 2944 omnibus
361 2882 527 2944 Lavinium
549 2879 718 2956 translatis,
741 2879 867 2942 civitate
890 2877 991 2942 cessit.
1038 2877 1301 2946 Bracarum·

94 2987 132 3030 ex
154 2966 434 3031 senatusconsulto
454 2966 493 3030 ad
519 2963 672 3051 populum
692 2963 774 3040 tulit,
791 2977 827 3028 ut
848 2985 957 3027 omnes
972 2963 1158 3051 Tarquinia

92 3055 197 3136 gentis
227 3051 352 3116 exsules
381 3065 502 3116 essenti
536 3050 688 3138 collegam
720 3051 780 3114 sibi
810 3049 945 3114 comitiis
973 3053 1156 3120 centuriatis

92 3139 212 3202 tumuit
228 3137 268 3204 P.
284 3137 460 3216 Valerium,
476 3161 540 3224 qua
555 3135 700 3223 adjutore
714 3159 803 3225 reges
818 3137 958 3224 ejecerat.
1152 3151 1319 3268 {affirm

91 3351 118 3388 ut
145 3345 318 3392 hereditatem
345 3349 481 3404 paternum,
506 3357 609 3404 regutsm
640 3345 686 3404 ipsi
697 3346 727 3390 de
745 3345 840 3404 publico
859 3346 930 3391 datar
956 3344 1062 3403 quinque
1080 3340 1155 3404 (mea

91 3409 295 3468 metium
307 3421 351 3468 ptr
362 3409 412 3454 vim
423 3415 449 3453 et
459 3407 548 3456 seclusi
641 3421 682 3456 ant
700 3409 756 3456 468.
766 3421 824 3456 cum
840 3423 883 3456 tex
898 3407 986 3463 unciis)
997 3409 1028 3454 de
1038 3419 1083 3452 suu
1094 3407 1157 3455 Bru-

123 3471 154 3518 lt
170 3471 278 3533 negata
293 3472 380 3535 genu]
404 3473 480 3518 Bruta
496 3475 542 3532 ipsi
558 3485 609 3520 mt-
641 3479 682 3522 tue
693 3473 794 3534 largitus
804 3480 849 3521 est.
866 3473 966 3533 Dionys.
978 3473 994 3517 l.
1006 3471 1036 3517 V.

90 3541 190 3612 tanum
208 3551 288 3596 genus
304 3545 398 3584 ersten
415 3537 520 3596 mgibtre.
549 3535 608 3583 lum
675 3537 705 3584 lo
721 3537 803 3598 Major
811 3567 884 3586 .....
890 3535 1014 3598 digrtltate]
1042 3534 1155 3614 Quonam

89 3601 610 3712 &astutissimus
641 3603 721 3724 tit,
734 3601 1156 3725 tttfflttttm‘ttnt

90 3729 177 3775 sidiam
189 3731 292 3776 civitate
302 3726 364 3792 ejici.
399 3727 607 3789 ltaqueetstcum
641 3729 736 3790 Nempe
752 3729 988 3790 tlgrtltmdifflertub
1015 3741 1155 3785 onotc,aeu

92 3791 159 3839 Livia
178 3795 272 3842 sentire
291 3794 389 3840 videtur
408 3793 491 3840 (liceto
513 3793 561 3840 111.
578 3791 608 3841 ds
640 3795 792 3855 magistratu,
812 3807 856 3840 nec
882 3805 991 3852 uuquam
1022 3805 1051 3838 ea
1081 3805 1154 3839 semu

90 3856 135 3903 Off.
152 3871 177 3904 n.
189 3857 231 3907 lo.
241 3859 325 3906 verius
341 3863 424 3904 umen
441 3859 608 3905 existimamus
640 3860 704 3920 apud
721 3860 808 3919 pabor
827 3857 966 3904 Latinitatis
987 3862 1096 3902 suctores
1114 3867 1155 3904 tu·

91 3921 425 3980 qundntcn.1.v.ett’1ut
436 3922 462 3967 in
474 3921 540 3982 Pupi.
553 3935 607 3975 ntr-
639 3925 723 3972 mitur.
756 3923 869 3983 Dignitce
883 3923 947 3967 idem
966 3919 1016 3966 fers
1034 3922 1154 3981 estquod

91 3993 155 4034 rute
180 3987 333 4034 calamina
353 3997 402 4032 nan
421 3987 518 4048 puluun
538 3988 606 4044 urbe,
638 3988 783 4048 amplitudo,
806 3993 831 4032 et
848 3985 960 4032 mdescit
981 3997 1012 4030 ex
1033 3983 1063 4028 iis
1082 3985 1154 4032 rebus

92 4051 133 4097 nisi
149 4059 282 4114 postquem
303 4049 430 4110 equitum.
442 4052 529 4096 maris
546 4051 607 4098 fliius
638 4053 751 4099 omnibus
770 4064 825 4112 quse
842 4049 914 4096 meat
933 4048 1094 4108 splendorem,
1110 4061 1153 4096 ex·

92 4119 172 4163 mutto
193 4115 318 4178 supplicia
340 4114 431 4174 eripere
450 4121 559 4170 caumas,
579 4117 607 4162 iu
638 4117 820 4169 uumuonem,
848 4113 1026 4160 venerationem
1054 4113 1153 4160 macili-

94 4183 248 4241 nspiebnem
269 4179 367 4227 ciram
384 4180 536 4226 suissenetit
552 4193 607 4240 pra-
637 4188 696 4234 ants
713 4193 810 4240 gauere,
822 4179 894 4224 rebus
903 4177 986 4238 gnus,
1001 4177 1062 4224 aeds
1076 4177 1152 4222 hona·

92 4247 237 4302 namus
249 4253 372 4307 tyranno·
383 4243 464 4290 animi.
637 4246 714 4302 ribtu,
725 4250 806 4300 etate,
818 4243 915 4294 virtuts,
927 4247 980 4294 etc.
1006 4238 1091 4300 ltaque
1106 4241 1151 4288 ha-

119 4309 148 4356 ts
161 4308 307 4372 Aegei-ul]
325 4307 358 4353 Et
369 4309 517 4369 vaovigtnu
528 4309 606 4356 mea·
639 4321 696 4356 mre
718 4306 859 4357 Lucretium
875 4305 1008 4352 Callatim
1026 4305 1151 4359 mteihett

93 4381 113 4419 u
131 4375 231 4437 [mm
249 4371 353 4434 menti
369 4371 510 4422 emnem
526 4371 606 4432 leta)
638 4372 751 4434 lignitate
758 4372 906 4420 collatinum
918 4369 1052 4418 Lucetium

663 4443 719 4500 ut
