3032 4924
441 197 535 257 LIB.
556 197 608 254 Vl.
634 197 692 256 CA
706 197 739 256 P.
761 195 860 259 XXX.
1123 208 1177 262 881

114 383 237 450 magno
266 362 438 427 certamine
469 363 580 448 captis,
596 362 731 427 Velitras
760 362 916 426 exercitus
950 358 1077 428 ductus.
1122 361 1326 429 Eaencsrs.

117 469 247 534 quoque
267 461 463 536 expugnate.
491 464 559 512 tum
583 449 620 512 ιιι]
644 462 738 534 caput
761 447 836 512 belli
863 447 1020 514 Praeneste
1041 444 1327 514 ventumst-³⁷⁷·

96 535 154 600 .1d
168 557 233 598 nou
246 535 288 610 vi,
305 534 356 599 sed
372 557 429 620 per
442 535 647 613 deditionem,
660 549 823 620 receptum
837 547 895 599 est.
941 535 982 600 T.
999 535 1181 612 Quinctius,

117 621 212 685 semel
240 622 308 684 acie
332 621 441 700 victor,
464 622 547 687 binis
572 623 689 704 castris·
707 622 855 699 hostium,
870 643 983 686 novem
1010 622 1136 709 oppidis
1152 623 1182 685 vi

117 707 228 792 captis,
248 706 409 772 Praeneste
432 708 463 772 in
489 707 681 773 deditionem
705 721 846 792 accepto,
870 708 1007 772 Romam
1033 710 1181 774 revertit:

117 792 385 880 triumphansque
399 794 535 880 signum,
554 796 711 860 Praeneste
732 795 908 872 derectum,
930 794 1017 859 Jovis
1040 795 1088 860 Im
1114 818 1345 878 era-rupissem·

116 879 195 944 toris
211 879 244 943 in
263 879 457 966 Capitolium
473 882 555 946 tulit.
598 881 791 948 Dedicatum
806 895 852 946 est
866 881 950 945 inter
968 880 1078 946 callam
1091 818 1292 948 loviers-ator·

118 987 156 1032 ac
173 965 351 1043 Minervoe3
378 967 548 1054 tabulaque
571 969 629 1034 sub
650 991 689 1032 eo
710 967 785 1046 fixa,
808 981 1049 1033 monumentum
1072 991 1183 1034 rerum

117 1065 290 1139 gestarum,
312 1052 362 1118 hia
385 1052 482 1118 ferme
501 1054 600 1119 incisa
623 1055 720 1120 literis
742 1053 822 1119 fuit:
845 1055 973 1136 Jupiter
996 1065 1088 1139 atque
1104 1057 1185 1120 Diui

116 1161 219 1204 omnes
233 1141 289 1203 hoc
303 1141 460 1220 dederunt,
474 1151 509 1204 ut
528 1143 563 1206 Τ.
582 1140 746 1217 Quinctius
759 1141 893 1206 dictator
906 1139 1058 1223 floppida
1080 1163 1183 1206 noveru

117 1236 253 1378 eabpieret.
298 1226 363 1291 Die
388 1227 536 1292 vicesimo
544 1240 566 1306 ἢ,
589 1249 686 1314 quam
710 1239 834 1292 creatus
861 1237 943 1304 erat,
968 1225 1125 1292 dictatura
1150 1249 1184 1292 se

105 1335 138 1376 ,ιι
184 1312 286 1375 icnvit.

163 1396 281 1462 XXX.
307 1397 447 1464 Comitia
465 1399 538 1464 iude
562 1398 671 1464 habita
692 1399 893 1466 tribunorum
920 1398 1055 1464 militum
1070 1422 1183 1465 consu·

119 1483 179 1549 lari
194 1497 366 1569 potestate,
414 1485 503 1550 uibus
527 1501 670 1572 aequatus
696 1487 903 1573 patriciorum
925 1485 1120 1570 plebeiorum
1166 1509 1184 1552 e

5 1591 7 1598 ·
119 1593 284 1635 numerus.
329 1570 382 1636 Ex
428 1571 547 1636 atribus
568 1573 664 1636 creati
681 1573 717 1637 P.
733 1573 818 1637 etc.
835 1571 961 1651 Manlii,
981 1595 1054 1637 cum
1070 1561 1110 1638 l..
1147 1594 1327 1646 u·tJ.c.srs.

118 1657 182 1721 lio:
206 1655 317 1742 plebes
332 1657 370 1722 C.
388 1658 565 1734 Sextilium,
582 1657 631 1722 M.
646 1659 821 1737 Albinium,
836 1660 877 1732 L.
894 1658 1068 1724 Antistium
1083 1658 1181 1724 dedit.
1191 1661 1221 1708 A.
1233 1662 1260 1708 C·
1271 1661 1328 1710 376·
1440 1721 1444 1736 ,

120 1743 265 1821 Manius,
291 1743 375 1830 quod
405 1766 520 1831 genere
548 1743 698 1830 plebeios,
726 1747 829 1832 gratia
856 1745 978 1811 lulium
1008 1745 1181 1823 anteibant,
1190 1725 1298 1848 {aaa

119 1829 228 1894 Volsci
255 1831 429 1916 provincia,
444 1831 545 1896 ”sine
566 1831 743 1908 mrtessine
764 1833 1011 1917 comparatione,
1027 1846 1117 1898 extra
1130 1855 1235 1903 ott-ae.
1246 1857 1289 1904 ur.

118 1914 227 1982 dinem
250 1915 342 1981 data:
372 1918 460 2004 cujus
483 1929 515 1984 et
535 1917 546 1980 i
571 1939 620 1982 sos
638 1919 808 2004 postmodo
828 1932 860 1983 et
875 1919 995 1998 Patres,
1011 1919 1066 2006 qui
1085 1919 1182 1986 dede·
1190 1921 1243 1968 mu.

117 2017 202 2081 rant,
227 2003 390 2088 poenituit.
438 1939 645 2089 lnexplirrato
672 2003 859 2092 pabulatum
884 2007 1030 2071 cohortes
1058 2008 1182 2072 misere.

120 2090 238 2240 auibus
261 2089 348 2154 velat
373 2090 602 2168 circumventis,
619 2113 718 2176 quum
734 2091 767 2155 id
782 2091 860 2156 laiso
881 2093 1069 2157 nunciatum
1093 2107 1183 2171 esset,

144 2197 210 2252 um,
227 2177 378 2262 praesidio
400 2189 435 2240 ut
457 2190 569 2254 essent,
585 2177 672 2241 citati
687 2176 841 2254 feruntur,
858 2199 898 2240 ne
912 2191 1041 2243 auctore
1055 2180 1183 2264 quidem

120 2261 301 2343 adservato,
317 2262 372 2348 qui
386 2275 450 2340 eus,
466 2261 564 2328 hostis
585 2263 717 2327 Latinus
740 2285 799 2348 pro
815 2262 913 2328 milite
930 2264 1087 2341 Romano,
1103 2263 1185 2328 frus·

122 2362 225 2414 tratas
247 2362 326 2428 erut,
347 2349 405 2432 ipsi
419 2349 451 2412 in
469 2349 596 2413 insidias
611 2349 857 2434 praecipitavere.
904 2349 954 2413 lbi
976 2349 1053 2415 dum
1075 2350 1186 2437 iniquo

120 2433 193 2500 loco
215 2435 283 2499 sola
309 2434 423 2500 virtute
449 2435 583 2500 miiitum
608 2448 758 2500 restantes
783 2437 959 2512 coeduntur,
984 2435 1185 2522 creduntque,

122 2535 225 2586 castra
240 2521 366 2586 iuterim
384 2522 540 2600 Romana,
558 2521 698 2607 jacentia
719 2524 750 2585 in
773 2544 897 2606 campo,
912 2523 954 2586 ab
975 2523 1074 2588 ultera
1094 2537 1186 2608 parte

121 2607 228 2672 lrostes
243 2608 393 2672 invasere.
439 2609 492 2673 Ab
506 2607 642 2673 ducibus
661 2607 831 2694 utrobique
876 2609 988 2674 roditae
1011 2611 1187 2676 temeritate

123 2707 219 2781 atque
235 2694 360 2758 inscitia
375 2715 435 2758 res.
458 2693 646 2781 ¹9quidquid
666 2692 820 2779 superfuit
852 2711 976 2760 ortunoe
989 2695 1100 2780 populi
1119 2696 1187 2761 Ro-

124 2781 221 2860 mani,
243 2779 277 2846 id
299 2780 436 2845 militurn
459 2781 553 2845 etiam
579 2784 646 2846 sinc
671 2796 793 2846 rectore
818 2781 938 2847 stabilis
961 2783 1060 2846 virtus
1085 2795 1188 2848 tutata

122 2882 179 2934 est.
226 2865 311 2943 Quae
328 2866 382 2934 ubi
399 2866 534 2932 Romam
555 2883 629 2932 suut
644 2868 753 2944 relata,
769 2870 907 2954 primurn
922 2868 1109 2934 dictatorem
1124 2870 1188 2936 dici

148 2952 288 3018 lacebat:
312 2953 439 3029 deinde,
465 2965 632 3040 postquam
660 2955 775 3040 quietat
800 2978 847 3020 res
868 2978 906 3020 ex
923 2955 1045 3020 Volscis
1066 2956 1189 3040 adiere·

168 3052 253 3117 ntur,
270 3055 301 3104 ct
321 3039 479 3123 adparuit,
494 3041 616 3105 nescire
630 3062 684 3104 eos
698 3042 830 3106 victoria
852 3055 883 3107 et
905 3056 1049 3127 tempore
1066 3043 1122 3125 uti,
1138 3067 1187 3108 re-

124 3128 230 3192 vocati
244 3127 339 3190 etiam
355 3125 431 3190 iude
451 3129 607 3192 exercitus
621 3149 658 3191 ac
672 3125 785 3194 duces:
809 3130 973 3216 otiumque
988 3128 1071 3205 inde,
1088 3153 1189 3216 quan-

125 3225 194 3278 tum
211 3211 378 3290 aVolscis,
400 3209 469 3276 fuit.
483 3211 524 3276 id
550 3215 646 3277 modo
665 3225 808 3286 extremo
836 3237 922 3282 anno
949 3215 1187 3293 tumultuatum,
1290 3227 1294 3238 ‘

123 3297 212 3387 quod
228 3299 419 3365 Praeuestini
439 3299 604 3364 concitatis
620 3299 813 3378 latinorum
838 3301 965 3391 populis
988 3301 1190 3368 rebellarunt.

507 3435 640 3498 tuigrrimu
651 3435 727 3485 Gran.
738 3436 807 3485 Cres.

144 3589 191 3638 λ’(
208 3587 301 3650 Oppido
316 3603 397 3636 nerem
412 3587 513 3652 caperet]
528 3591 643 3640 Testatur
707 3591 739 3638 29
757 3589 874 3652 Quidquid
892 3588 1006 3651 superserit
1021 3589 1128 3652 fortune
1146 3603 1191 3650 ,rr-

127 3653 215 3701 liestua
242 3654 270 3700 'm
301 3667 360 3702 roca
392 3655 511 3702 Trientem
538 3655 642 3710 mium,
671 3656 849 3719 pniilirmani]
868 3657 1007 3702 Hocnimis
1018 3655 1079 3702 elate
1096 3655 1190 3702 inflate-

126 3719 244 3778 scripturn
275 3718 350 3764 irrisae
377 3719 401 3766 in
430 3721 476 3766 hac
503 3721 585 3766 tabula
613 3719 642 3766 T.
675 3735 722 3782 que
734 3723 861 3767 insomne
873 3721 920 3766 levi
936 3722 1029 3767 dictum
1047 3733 1108 3772 osse.
1125 3727 1190 3766 recte

125 3783 256 3838 Quintium
280 3797 368 3829 novem
395 3785 467 3831 urbes
491 3797 533 3844 per·
555 3797 643 3830 novem
675 3787 786 3831 observat
805 3785 947 3830 Gronovius.
981 3785 1045 3845 Lege
1067 3799 1124 3830 curn
1143 3797 1188 3830 eor

124 3848 186 3900 dies,
208 3856 234 3894 et
253 3847 373 3894 decimam
397 3847 518 3895 Praeneate
545 3849 643 3908 cepisse.
677 3847 795 3910 Quidquid
812 3849 936 3910 superfuit,
947 3863 1035 3908 nempe
1052 3851 1082 3894 de
1098 3849 1136 3894 hir
1148 3861 1190 3894 ex·
1297 3903 1303 3910 ·

127 3911 159 3957 Et
171 3913 280 3971 protecto
289 3912 336 3957 lroc
348 3912 456 3960 voluerat
467 3912 558 3969 livius,
570 3913 644 3974 siper
675 3915 800 3971 ercitibus,
815 3912 924 3974 Jirrtuaa·
933 3914 1015 3974 popuii
1037 3912 1148 3967 Rotnani,
1169 3917 1191 3958 et

126 3977 236 4022 librarios
247 3977 362 4022 licuisset.
675 3979 777 4024 militurn
790 3977 860 4023 utam
873 3978 923 4024 aine
937 3982 1023 4024 rectore
1041 3976 1128 4022 statutt
1142 3977 1192 4023 uir·

159 4039 191 4088 28
207 4040 267 4086 Sine
292 4043 361 4094 rorte,
386 4042 435 4088 riae
461 4040 641 4104 comparatione]
674 4047 720 4096 tur,
731 4045 806 4088 tutata
821 4045 861 4086 cst.
896 4042 961 4088 Solet
973 4041 1067 4099 Livius,
1081 4055 1136 4100 qum
1153 4043 1191 4087 in·

128 4104 166 4152 lta
182 4113 211 4152 ut
227 4105 320 4152 tribuni
339 4105 447 4152 militum
466 4120 509 4153 neo
529 4105 642 4152 wrtireu-
674 4114 795 4167 speratam
815 4106 919 4152 salutem
938 4107 963 4151 in
983 4107 1065 4167 aliquo
1085 4106 1191 4164 periculo

127 4174 177 4223 tur,
196 4183 242 4216 nee
261 4171 502 4228 compararemus.
518 4171 643 4217 communi
674 4172 858 4226 stmlerunt,ee
869 4171 974 4216 fortunae
990 4171 1074 4230 populi
1086 4170 1191 4217 Romani

127 4246 245 4281 morensis
265 4234 330 4280 inter
349 4247 376 4280 te
389 4234 572 4287 constituerent,
589 4236 644 4294 quia
676 4235 792 4294 delegare.
816 4230 872 4280 Vid.
890 4232 911 4279 1.
927 4233 966 4280 ta.
985 4233 1019 4281 li.
1036 4234 1076 4281 lt).
1093 4241 1117 4279 et
1133 4233 1192 4282 alibi

128 4298 158 4344 ad
169 4299 263 4346 beilum
279 4298 370 4360 egredi.
383 4299 438 4359 quia
449 4299 535 4346 nome
546 4311 645 4348 manere
676 4299 774 4358 septus.
805 4297 944 4346 Victorinus
960 4297 1035 4346 codex
1052 4299 1124 4345 habet
1136 4297 1192 4359 snr-

127 4361 233 4411 ‹leberetz
471 4385 487 4396 ··
677 4369 741 4410 turra.
