3032 4924
397 229 492 290 ma.
516 229 553 288 v.
580 203 682 291 cir.
709 231 854 292 xxxva
1096 241 1156 304 ³29

152 387 312 488 xxxvl.
336 387 427 456 Mitis
442 389 570 493 legatio,
579 391 619 491 ¹ni
640 389 826 492 prastroces
847 391 977 492 legatos,
994 391 1300 478 Gallisqueussst

113 475 829 651 tttttbtsltttttttltttltttt
844 479 1231 649 tlltssatttttttt⁵·⁰
1243 481 1300 530 Μ’

111 649 178 710 Etsi
197 669 301 712 nomem
324 671 431 719 nomon
449 651 581 714 audiant
594 651 811 728 Rmaaorana
826 659 926 715 tomen
942 653 1065 716 medae
1077 654 1159 716 uiros

99 733 278 816 forteresse,
292 756 416 818 quoram
431 737 579 798 amittam
593 759 614 799 o
628 737 761 801 Clusinis
776 740 810 800 itt
823 760 858 801 re
870 739 994 820 trepido
1005 739 1047 801 st't
1058 739 1158 820 inplo-

110 829 213 884 ratum.
226 831 266 897 et,
283 823 425 904 quoniam
439 823 592 906 legatione
605 823 749 888 adversas
761 845 793 886 se
813 824 985 900 maluerirrt,
1001 845 1091 907 quam
1105 847 1159 886 nr·

111 907 172 980 mis,
191 908 274 970 tueri
297 909 403 984 socios,
424 928 462 970 oe
484 909 654 992 sequidem
673 929 791 990 pacem,
810 931 899 994 quom
926 911 977 972 illi
1000 910 1159 994 adferant,

110 993 299 1074 adspemmri,
327 994 357 1056 si
387 991 500 1067 Gallis,
530 993 683 1078 egmtibru
711 1017 798 1079 agro,
828 1017 913 1080 quan
941 997 1036 1059 lotias
1058 999 1160 1078 possi·-

111 1079 206 1154 deaat,
222 1100 313 1162 quam
334 1065 446 1154 colunt,
471 1081 601 1156 Clusini,
616 1090 738 1162 partem
748 1082 867 1164 finium
891 1083 1076 1144 cmwedaat:
1098 1084 1160 1145 nli·

109 1171 153 1226 ter
160 1183 266 1246 msera
282 1165 438 1246 inpetrari
450 1186 511 1228 nort
520 1187 617 1248 posse.
651 1167 696 1229 Et
709 1187 880 1249 responsum
893 1189 994 1231 corona
1009 1168 1161 1234 Romanis
1278 1223 1281 1230 ,

110 1251 258 1332 occipere¹
273 1251 369 1317 uellet
383 1260 423 1326 et,
434 1252 463 1316 si
472 1261 601 1336 'negetur
614 1273 699 1336 ager,
710 1271 812 1316 corum
827 1254 932 1317 iisdem
947 1253 1098 1318 limnaeus
1111 1255 1161 1316 di-

110 1337 275 1412 niootaros,
291 1346 326 1399 ut
340 1338 486 1400 nunciare
499 1339 615 1402 mam
632 1347 766 1420 possent,
782 1349 925 1424 quomam
943 1337 1035 1404 Galli
1048 1341 1162 1406 uirtute
1238 1413 1241 1418 Δ

110 1431 215 1486 ceteros
228 1423 373 1490 moruus
385 1432 582 1504 praestarent.
629 1421 789 1498 Quodnam
804 1425 839 1487 id
848 1423 905 1508 jus
918 1434 1002 1500 esset,
1018 1447 1125 1509 ogram
1139 1449 1162 1490 a

108 1509 319 1589 possessoribus
332 1510 451 1590 'patera
466 1518 521 1572 aut
541 1510 657 1572 mireari
677 1515 794 1572 ormo?
821 1510 971 1574 Romanis
992 1512 1161 1596 quaerenti-

13 1661 14 1664 ,
113 1594 173 1670 bus,
194 1608 236 1671 et,
260 1595 338 1680 qaid
359 1595 401 1680 inx
413 1595 548 1660 Etruria
569 1596 617 1658 rei
640 1593 745 1660 Gallis
764 1601 866 1660 esset?
888 1617 986 1683 quum
1008 1595 1054 1659 illi
1075 1619 1107 1662 se
1127 1601 1160 1662 ia

13 1713 14 1724 κ
111 1681 198 1744 arnis
207 1680 266 1764 jus
274 1681 380 1766 serre,
395 1692 426 1744 et
447 1681 550 1744 omnio
559 1681 694 1765 sortium
716 1683 848 1746 uirorum
867 1705 939 1758 esse,
955 1681 1099 1747 ferociter
1112 1683 1162 1748 ‹ti-

112 1767 383 1846 suessanensis
406 1765 501 1830 utrim
527 1788 566 1832 ue
590 1766 703 1830 animis
728 1766 767 1830 sd
797 1789 886 1832 arma
909 1768 1107 1849 discurritur,
1131 1783 1168 1836 et

113 1853 252 1934 proelium
269 1851 455 1916 conseritur.
500 1851 516 1918 I
539 1853 560 1928 i,
573 1852 640 1937 jam
657 1851 841 1940 urgentibus
857 1853 1035 1920 Romanam
1052 1857 1162 1921 urbem

113 1935 187 2016 latis,
201 1939 299 2026 legati
322 1950 432 2002 contra
450 1939 502 2023 jus
523 1939 665 2026 gentium
681 1961 768 2004 arma
783 1942 923 2024 capiunt.
947 1963 1004 2006 nee
1025 1942 1057 2006 id
1080 1942 1325 2022 clamuegsnson·

113 2045 171 2088 esse
190 2027 306 2111 potuit,
329 2046 428 2110 quum
452 2037 525 2088 ante
544 2024 634 2110 signa
657 2024 863 2091 Etruscorum
888 2041 953 2091 tres
977 2028 1301 2093 nobilissimisrssfflo·

114 2107 329 2198 fortissimique
356 2110 511 2176 Romanae
528 2111 703 2196 juventutis
726 2126 914 2199 pugnarent.
940 2126 1064 2178 tantum
1086 2105 1290 2204 emi-³331*

114 2195 202 2262 nebat
228 2198 399 2284 peregrina
427 2197 535 2262 virtus.
581 2195 669 2270 Quin
699 2199 792 2262 etiam
821 2199 860 2266 Q.
885 2197 1011 2276 Fabius,
1038 2169 1194 2266 evectusp‘
1241 2189 1250 2205 ’

113 2295 199 2348 extra
212 2286 314 2350 aciem
329 2305 422 2367 equo,
437 2282 585 2348 ⁴¹ducem
601 2281 778 2357 Gallorum,
794 2280 940 2348 ferociter
960 2285 993 2348 in
1017 2284 1084 2369 ipsa
1101 2287 1164 2369 sig·

113 2389 151 2430 na
171 2367 380 2436 Etruscorum
404 2368 626 2444 incursantem,
650 2378 724 2452 μετ’
744 2367 825 2434 latus
850 2368 1038 2436 transfixum
1062 2369 1163 2448 hasta,

113 2455 239 2524 occidit:
273 2453 435 2541 spoliaque
463 2457 528 2541 ejus
557 2453 712 2541 legentem
737 2451 823 2518 Galli
851 2477 1017 2542 agnovere,
1046 2459 1165 2543 perque

114 2553 204 2606 totam
226 2541 341 2616 aciem,
359 2539 541 2606 Romanum
561 2539 700 2626 legatum
717 2561 792 2616 esse,
809 2540 968 2628 ⁴'signum
982 2541 1090 2606 datum
1106 2557 1164 2607 est.

115 2625 234 2696 Omissa
248 2627 327 2692 inde
341 2627 374 2690 ia
389 2626 536 2694 Clusinos
553 2625 610 2703 ira,
626 2625 766 2711 receptui
780 2642 909 2705 canunt,
925 2627 1081 2692 minantes
1097 2628 1165 2693 Ro-

115 2715 218 2784 manis.
265 2713 378 2790 Erant,
405 2715 457 2800 qui
483 2711 642 2797 extemplo
669 2711 805 2778 Romam
828 2712 968 2778 eundum
992 2727 1165 2786 censerent.

114 2799 209 2866 virere
223 2800 376 2876 seniores,
391 2812 427 2864 ut
440 2798 534 2887 legati
557 2798 646 2884 prius
662 2799 860 2864 mitterentur
874 2813 1018 2884 questum
1034 2801 1165 2866 in'urias

114 2887 376 2972 postulatumque,
393 2900 428 2950 ut
448 2907 509 2970 pro
523 2885 598 2970 jure
618 2887 758 2971 gentium
774 2884 892 2950 violato
909 2886 935 2951 F
935 2886 998 2951 abii
1012 2887 1034 2950 d
1075 2907 1165 2952 eren·

115 2983 172 3035 tur.
216 2973 334 3058 Legati
350 2970 515 3038 Gallorum
534 2993 631 3057 quum
653 2993 700 3047 ea,
716 2971 795 3036 sicut
818 2986 908 3036 erant
929 2975 1086 3050 mandata,
1110 2992 1329 3054 ert-cunperti:-

113 3061 298 3140 posuissent,
315 3058 436 3123 senatui
466 3079 523 3121 nec
547 3056 663 3121 factum
688 3057 831 3142 placebat
854 3057 1037 3137 Fabiorum,
1061 3075 1092 3124 et
1112 3057 1309 3166 juslmfgss*

114 3145 270 3224 postulare
295 3143 424 3208 barbari
448 3142 643 3207 videbantur.
672 3142 739 3224 sed,
765 3165 805 3208 ne
830 3143 873 3221 id,
900 3145 987 3230 quod
1011 3129 1319 3232 placebatffiffideffi

112 3227 329 3298 ⁴³decerneret
354 3229 387 3294 in
410 3243 507 3294 tantae
529 3228 702 3294 nobilitatis
724 3229 807 3306 viris,
821 3229 986 3294 “ambitio
1009 3232 1164 3297 obstabat.
1173 3255 1220 3296 tur.

116 3313 233 3402 ltaque,
250 3339 293 3382 ne
309 3339 403 3400 penes
418 3315 501 3398 ipsos
516 3313 609 3400 culpa
628 3330 707 3380 esset
720 3315 818 3380 cladis
838 3315 920 3382 lorte
934 3315 1060 3382 Gallico
1081 3317 1166 3382 bello
1268 3327 1271 3334 '

113 3421 257 3488 accepim,
275 3402 488 3490 cognitionem
512 3402 553 3465 ds
574 3401 740 3485 postulatis
760 3401 925 3466 Gallorum
947 3402 986 3466 ad
1011 3407 1165 3488 populum

115 3489 268 3572 rejiciunt.
293 3489 346 3552 ubi
361 3501 450 3552 tanto
470 3487 541 3572 plus
551 3487 663 3573 ‚gratia
677 3499 771 3586 atque
786 3508 861 3571 opes
876 3488 1010 3566 valuere,
1025 3505 1071 3565 ut,
1088 3509 1291 3574 quo-mudum

114 3595 181 3640 rum
197 3577 236 3642 de
253 3597 351 3660 poena
364 3576 525 3660 agebatur,
542 3572 661 3640 tribuni
684 3573 818 3640 militum
834 3573 992 3638 consulari
1013 3588 1167 3656 potestate
1175 3587 1259 3621 eorum
1272 3587 1327 3635 1¹²⁸·

113 3658 142 3724 in
157 3661 376 3749 insequentem
390 3681 508 3724 annum
529 3673 721 3724 crearentur.
767 3658 842 3736 Quo
861 3657 954 3736 facto,
970 3659 1056 3724 haud
1078 3639 1269 3726 secus²⁰¹²‘¹⁰‘

311 3813 469 3875 tmaoetpere
478 3812 553 3859 Gran.
564 3811 633 3859 Creu.
762 3813 883 3874 ’perdel
895 3813 968 3863 uros.

144 3943 173 3992 il
197 3947 290 3994 Darem
323 3943 456 4008 Galatam]
488 3943 625 3999 Quemdam
657 3947 819 4006 terstterentar.

113 4011 247 4058 odadun.
689 4009 721 4057 48
736 4009 902 4074 Demens]
920 4010 1012 4059 Patres.
1031 4009 1112 4070 Vulgo
1131 4009 1170 4057 tle-

143 4075 174 4121 tt
185 4075 291 4137 Sigana
300 4071 381 4119 latum
391 4069 436 4136 est]
454 4072 507 4120 llcc
517 4079 563 4126 eat,
571 4069 625 4134 jur·
656 4079 787 4120 meat.-
809 4076 891 4121 minua
912 4077 1027 4136 apposite.
1059 4075 1170 4130 Quatunr

114 4149 141 4182 ru
156 4138 311 4198 immaturis
325 4149 368 4197 par
383 4143 461 4184 totam
477 4139 562 4195 mern,
576 4137 627 4182 aiu-
658 4138 770 4184 enostris
783 4139 877 4198 seriptis
896 4140 986 4187 habent
998 4141 1023 4186 id
1039 4140 1103 4202 quod
1119 4141 1169 4186 edl-

115 4201 175 4260 gultr
184 4205 216 4250 sd
233 4203 357 4263 proximor
368 4203 550 4260 pertinacibus.
561 4212 625 4248 nun·
657 4201 745 4250 dimus.

116 4266 204 4313 dmum
215 4275 269 4313 eat:
286 4265 371 4312 eodem
385 4266 458 4312 modo
469 4279 517 4328 quo
528 4265 624 4326 signum
689 4265 722 4312 tt
732 4265 846 4330 Ambitio]
863 4269 955 4316 Prarus
971 4269 996 4316 tn
1013 4275 1122 4330 potentes
1134 4267 1170 4316 ia·

116 4336 169 4374 tute
187 4343 297 4392 pagrum
315 4331 395 4378 datur.
428 4329 467 4376 ste
483 4332 533 4377 tere
551 4331 626 4378 xxt.
658 4345 708 4378 vor.
821 4377 823 4382 ,
1143 4337 1146 4344 “

118 4389 628 4456 lesemdan-armemu-
