3008 4908
311 143 314 156 ’
361 184 420 246 eso
750 181 1026 242 T1T1L1v11

193 375 227 422 u.
241 375 268 422 ο,
278 373 334 422 m
359 365 477 414 annum
494 368 552 425 res,
568 343 758 494 decretoque
772 359 909 423 centurn,
925 345 1065 432 nequod
1087 357 1160 412 ante
1176 347 1338 413 concilium
1351 349 1401 414 lie·

196 439 331 488 Adi-⁴29·
359 448 406 501 ret
414 460 423 512 3
455 433 667 520 nequidquam
726 431 828 496 ciente
850 429 970 520 populo
991 445 1152 518 querente,
1174 434 1325 512 eamdem,
1345 457 1401 520 qua

356 521 525 586 ”Fidens
550 519 662 584 deletae
685 519 756 596 sint,
780 517 933 582 inminere
957 518 1043 582 Veiis
1068 519 1236 586 fortunam.
1279 521 1399 586 Interim

359 608 474 672 Romae
500 605 658 690 principes
683 605 798 688 plebis,
820 606 884 690 jam
910 604 965 668 diu
988 604 1199 693 nequidquam
1224 607 1399 670 inminentes

357 695 424 782 spei
442 693 568 778 majoris
584 691 722 768 honoris,
738 689 814 754 dum
837 688 913 753 foris
933 693 1032 755 orium
1054 706 1141 769 esset,
1158 705 1256 756 coetus
1274 693 1402 756 indicere

355 781 388 843 in
411 779 523 844 domos
545 777 745 842 tribunorum
769 775 870 861 plebei
879 773 906 853 ¹⁵,
922 776 966 841 ibi
988 790 1105 842 secreta
1126 778 1256 842 consiiia
1274 779 1400 866 agitare:

356 865 457 952 queri,
472 887 504 930 se
517 887 538 928 a
551 864 638 948 plebe
651 865 728 926 odeo
742 873 867 945 spretos,
883 873 925 939 ui,
949 885 1038 947 praem
1056 885 1116 946 per
1129 875 1172 928 toi
1187 883 1282 930 anuos
1294 865 1402 928 tribuni

355 954 485 1018 militum
497 952 652 1016 westan·
667 958 982 1032 pomeranensem,
999 951 1075 1013 nielli
1089 971 1226 1034 umquem
1236 952 1352 1032 plebeio
1364 949 1403 1012 od

356 1059 419 1102 eum
445 1040 585 1102 horrorem
604 1038 708 1099 aditus
719 1035 835 1118 suerit.
855 1037 978 1098 multum
998 1037 1172 1118 prouidisse
1192 1059 1258 1102 suos
1272 1036 1399 1121 majores,

356 1125 562 1209 quieooerint,
573 1145 610 1186 ne
620 1122 671 1186 cui
678 1123 817 1204 patricio
825 1121 940 1202 plebeii
949 1123 1308 1205 magistratrupaterenl;
1322 1121 1402 1184 ”out

353 1187 504 1294 patricios
518 1209 670 1272 ludendos
680 1207 785 1290 suisse
799 1207 936 1270 tribunos
952 1207 1064 1290 plebei.
1087 1210 1165 1272 adeo
1186 1231 1217 1272 se
1237 1211 1297 1272 suis
1318 1209 1401 1270 etiem

355 1299 488 1371 sordere,
504 1316 592 1359 neco
602 1293 691 1377 plebe
705 1295 813 1367 oriem,
829 1313 919 1376 quom
933 1315 953 1356 a
968 1293 1129 1372 Patribus,
1144 1295 1302 1358 contemni.
1343 1291 1399 1357 Alii

274 1379 278 1385 ’
355 1403 417 1468 pur
441 1403 494 1445 are
509 1380 642 1464 plebem,
659 1376 783 1463 culpam
799 1379 831 1441 in
850 1377 960 1442 Patres
976 1393 1112 1442 vertere:
1136 1401 1234 1443 eornm
1250 1381 1402 1443 ambitione

355 1403 531 1551 artibusque
538 1468 629 1549 fieri,
641 1475 674 1528 ut
687 1467 837 1548 obseptum
848 1464 933 1546 plebi
946 1467 987 1528 sit
1001 1467 1045 1528 ed
1056 1467 1197 1530 honorem
1209 1469 1277 1530 iter.
1290 1469 1318 1530 si
1325 1463 1402 1548 plebi

354 1555 512 1636 respirare
525 1552 565 1615 ab
585 1571 686 1616 eorum
701 1551 804 1614 mistis
819 1549 960 1632 precibus
981 1553 1129 1634 minisque
1142 1555 1245 1629 liceat,
1261 1571 1401 1615 memorent

355 1661 420 1704 eaor
435 1659 553 1703 sitorum
569 1639 714 1701 iinturnm
729 1637 879 1784 effugia
894 1657 964 1724 esse,
981 1647 1010 1700 et
1030 1636 1158 1720 ”porto
1180 1640 1298 1702 auxilio
1318 1640 1401 1719 impe-

356 1727 465 1808 riumq
575 1725 769 1787 adscilueom.
843 1722 933 1798 iacet,
949 1721 1097 1786 tollendae
1111 1723 1293 1787 ambitionis
1306 1743 1402 1788 mussa

196 1831 247 1877 Lex
256 1831 286 1877 ue
294 1827 349 1878 uuo
357 1809 501 1874 tribunos
527 1831 616 1909 egem
641 1807 852 1894 promuigare,
868 1810 972 1871 necui
988 1808 1129 1872 “album
1145 1810 1183 1873 in
1198 1811 1401 1874 uestimentum

195 1895 302 1942 hwi-
358 1894 475 1960 addere
497 1894 655 1980 petitionis
680 1892 788 1958 liceret
810 1915 919 1957 caussa
929 1903 949 1956 ².
996 1894 1098 1960 Parva
1122 1917 1212 1959 nunc
1236 1919 1291 1971 res,
1313 1907 1341 1960 et
1356 1895 1401 1956 six

195 1964 343 2070 ‚fflffim
358 1981 439 2046 serio
461 1979 583 2069 agenda
599 1979 696 2044 videri
712 1979 820 2063 possit,
835 2001 908 2065 quae
930 1994 1007 2043 tuuc
1029 1982 1149 2066 ingenti
1167 1983 1336 2046 certamine
1350 1981 1403 2045 Pe·

194 2088 237 2135 eu.
359 2081 422 2132 tres
443 2089 481 2132 sc
501 2066 625 2151 plebem
650 2065 804 2130 accendit.
853 2067 963 2129 Vicere
983 2078 1087 2130 tamen
1114 2068 1247 2145 tribuni,
1266 2083 1298 2132 ut
1313 2070 1400 2153 legem

244 2169 245 2174 ’
356 2151 549 2240 perferrent:
571 2152 816 2237 ,adparebatquq
841 2151 970 2216 irritetis
995 2153 1116 2229 animis,
1141 2156 1264 2237 plebem
1287 2153 1322 2217 ad
1337 2173 1400 2216 suos

357 2239 461 2305 studia
473 2239 705 2304 inclinaturam.
727 2259 800 2324 quae
814 2259 855 2302 ne
869 2237 968 2302 libera
981 2253 1091 2317 essent,
1107 2239 1401 2305 senatusconsultum

356 2326 473 2392 factum
489 2337 546 2404 est,
563 2339 598 2390 ut
608 2323 784 2390 consuler-iu
799 2323 926 2387 comitia
940 2321 1142 2390 haberentur.

197 2438 226 2487 u,
235 2437 263 2485 c.
275 2435 331 2485 ssi,
400 2412 533 2478 XXVI.
557 2409 728 2476 Tumultus
752 2433 861 2475 caussa
887 2409 961 2486 luit3
984 2431 1078 2497 quern
1101 2411 1140 2475 sb
1156 2411 1269 2499 AEquis
1291 2424 1321 2478 et
1335 2409 1401 2474 Vol·

194 2501 332 2589 museo.
356 2500 415 2564 scis
438 2497 545 2564 Latini
566 2511 662 2600 atque
684 2497 821 2562 Hernici
843 2497 1040 2562 nunciarent.
1084 2499 1123 2562 Τ.
1138 2499 1306 2567 Quinctius
1320 2501 1354 2562 L.
1370 2495 1400 2560 F.

193 2569 225 2680 ἓ·
237 2566 333 2680 ἳωῗζῃ
358 2584 566 2650 Cincinnatus
584 2586 696 2666 (erdem
716 2599 748 2648 ct
765 2583 875 2647 Penno
895 2605 933 2646 co
977 2604 1069 2648 omen
1093 2583 1234 2666 additur)
1259 2601 1288 2650 et
1303 2585 1337 2648 C.
1351 2582 1402 2646 Ju-

194 2645 272 2743 αξξ(
334 2643 418 2736 ⁰lius
436 2671 560 2748 Mento,
576 2670 718 2735 consules
732 2669 822 2733 facti:
847 2689 905 2732 nec
920 2685 1003 2734 utra
1024 2683 1127 2736 terror
1140 2669 1216 2736 belii
1232 2687 1278 2736 cst
1292 2670 1402 2735 dilatus.

356 2757 479 2844 ³⁴Lege
494 2769 624 2835 sacrata,
663 2777 712 2819 uae
728 2756 867 2819 maxima
885 2755 969 2842 apud
984 2775 1038 2822 eos
1051 2757 1098 2821 eis
1118 2758 1271 2846 cogendae
1293 2754 1401 2821 militis

357 2856 433 2917 emt,
461 2843 583 2907 delectu
609 2779 729 2918 hdrito,
746 2841 904 2926 utrimque
925 2841 1021 2906 validi
1042 2843 1203 2908 exercitus
1228 2842 1355 2929 proiecti
1374 2841 1401 2901 in

193 2943 347 3069 lufflmuffiquu
356 2928 507 3016 Algidum
523 2948 709 2992 convenere.
732 2927 846 3012 ibique,
862 2949 1000 2992 seorsum
1018 2928 1127 3016 AEqui,
1139 2951 1278 2995 seorsum
1296 2924 1402 3003 Volsci,

192 3073 328 3121 etvotscis.
451 3140 456 3147 .
517 3089 537 3118 Β
542 3085 605 3148 plebi
615 3087 688 3134 Gron.
894 3089 996 3136 “museo
1007 3087 1084 3136 liceret
1096 3090 1169 3136 Grou.
1183 3090 1254 3137 Cres.

387 3235 420 3282 30
436 3233 531 3282 Fidmoe
541 3235 619 3282 delctoe
630 3235 689 3298 siat]
708 3235 867 3298 Expugnatas
900 3251 973 3299 supra
984 3239 1019 3286 11.
1028 3239 1066 3288 38»
1077 3237 1117 3286 85.
1128 3245 1153 3285 et
1162 3239 1201 3287 56.
1213 3238 1261 3286 'et
1272 3243 1319 3284 not.
1331 3233 1365 3282 ib
1376 3231 1402 3277 td

356 3299 459 3346 Fidenas
470 3311 544 3360 supra
555 3300 660 3346 vidimus
670 3314 691 3347 e.
704 3299 744 3348 22.
776 3301 869 3362 Magna
902 3303 948 3350 111.
958 3303 997 3352 80.
1204 3301 1208 3311 '

354 3370 409 3476 m
427 3363 509 3475 Ἢ
525 3365 868 3476 tristissimus
903 3365 1066 3480 ,metio
1084 3370 1303 3479 istim
1318 3356 1403 3474 ssd

354 3494 532 3540 suessos-etone
542 3494 633 3540 dicunt.
900 3497 926 3544 in
945 3503 1027 3558 togam
1044 3497 1138 3545 addere.
1170 3495 1264 3558 'rogam
1275 3495 1350 3540 elbam
1362 3487 1404 3534 Rv-

386 3557 417 3606 sl
435 3555 486 3603 Aut
502 3557 626 3622 patricios]
649 3558 709 3613 Aut,
731 3560 746 3604 i.
769 3571 790 3604 e.
811 3559 868 3604 aiio·
901 3563 967 3608 mani
986 3575 1071 3610 omnes
1086 3561 1219 3624 gestabunt.
1252 3560 1286 3605 At
1297 3557 1404 3617 quipeit·

354 3623 422 3684 quin.
439 3622 512 3668 Porro
522 3622 584 3668 duos
600 3623 617 3668 l.
635 3623 683 3669 ΙΙΙ.
694 3637 715 3668 c.
727 3622 767 3669 6⁵.
777 3635 869 3668 merno-
901 3628 960 3673 bsnt
978 3627 1083 3687 aliquem
1105 3621 1315 3685 magistratum
1331 3625 1403 3678 rogam

354 3687 417 3733 revit
439 3685 525 3734 Livius
547 3687 660 3746 patricios
685 3687 870 3746 consular-osque
901 3696 967 3738 creta
983 3691 1065 3738 addita
1081 3690 1234 3742 candentem,
1253 3699 1296 3732 seu
1309 3678 1405 3744 splendi-

354 3753 431 3798 lsctos
438 3751 642 3811 tribunusplebei.
675 3751 721 3796 Sed
730 3764 806 3810 quum
815 3751 869 3797 uni·
902 3755 959 3801 dam
970 3755 1114 3802 reddebrnts
1132 3749 1405 3814 etquehincdteeumtur

354 3811 870 3876 cumhocoecumteaemplummullaejus
902 3817 1026 3865 malunt.

355 3880 401 3927 hoc
412 3881 466 3926 loco
474 3879 655 3926 mtiobabetur.
934 3881 1058 3945 Sl'laege
1068 3878 1169 3945 marr]
1180 3881 1237 3928 vtd.
1247 3885 1297 3926 not.
1304 3871 1403 3940 filade-

387 3942 421 3991 82
438 3942 513 3990 Porto
529 3943 632 4007 oss-illo]
649 3943 721 3990 Paeto
728 3941 782 4005 jam
793 3943 870 3990 tribu·
901 3947 941 3994 33.
953 3947 969 3994 t
982 3948 1016 3994 11.
1028 3953 1052 3994 et
1063 3947 1125 3994 adds
1136 3947 1170 3994 X.
1181 3945 1220 3994 88.
1232 3945 1305 4001 inira,
1315 3939 1354 3988 ubi
1368 3936 1404 3981 dt·

357 4008 418 4054 nitio
434 4007 526 4053 auxilio
542 4008 689 4054 adacitunun
710 4021 806 4068 quoquc
825 4007 871 4053 im·
902 4013 979 4058 lectus
1001 4025 1044 4072 per
1065 4025 1137 4058 omne
1161 4011 1288 4060 Samnium
1311 4005 1404 4052 mustus

356 4072 462 4132 perium
473 4073 538 4131 quod
557 4072 682 4132 proprium
698 4079 749 4119 erse
760 4072 871 4133 patritio·
903 4088 965 4123 nors
976 4077 1043 4138 leger
1064 4077 1097 4124 Ut
1113 4077 1154 4136 qai
1164 4075 1287 4140 jvnioram
1302 4082 1345 4116 sou
1358 4075 1405 4110 Μ·

356 4147 413 4182 rum
430 4136 629 4196 magistratuum,
646 4137 786 4183 consulatus
804 4149 872 4182 nem·
905 4141 1000 4187 malem
1013 4141 1044 4188 ed
1057 4141 1232 4202 imperatorium
1242 4137 1349 4190 cernam,
1358 4125 1403 4189 qei-

357 4213 396 4260 pe,
420 4205 444 4247 et
466 4199 577 4248 militarie
599 4202 735 4249 tribunatus
751 4201 869 4248 consulari
901 4217 944 4264 quc
957 4206 1046 4270 injuria
1057 4202 1289 4268 etsemetipsum!
1299 4195 1403 4247 samm

357 4269 484 4324 mutate.
527 4263 690 4312 'l’ribrrnomm
718 4266 793 4325 piebis
818 4271 870 4313 erat
901 4273 963 4316 erret

358 4333 454 4374 tantum
465 4329 593 4388 suabium,
605 4343 651 4377 non
659 4331 800 4390 imperium.
810 4331 868 4376 viu.
