3056 4928
412 147 727 214 L15.v11.cnl³;
754 151 851 212 XXX.
1107 163 1172 216 431·

107 316 169 407 pro'
192 321 325 403 imperio
345 329 444 384 nermo
464 329 494 382 ει
513 321 622 403 gloriae
636 319 932 403 sonpermfneieuas.
975 319 1169 386 Subactis'ii's
1179 336 1246 384 11.ss
1258 334 1315 386 tm,
1363 331 1367 342 '

107 409 259 494 gentibus,
277 426 345 490 qua
358 410 441 472 inter
453 427 507 470 nos
521 427 628 490 vosque
641 415 719 482 seint,
737 408 817 488 quod
832 404 1014 489 propediem
1023 405 1208 492 ficerunt·
1221 399 1328 450 ‘iffi‘

111 497 238 578 spondet
253 503 285 555 et
299 495 397 557 virtus
410 503 439 556 et
447 495 584 575 fhetuna
598 501 708 567 uestra,
729 494 885 556 continens
903 495 1060 575 imperium
1079 515 1170 577 usque

112 585 155 644 ad
168 601 222 644 nos
236 579 398 644 babebitis.
444 578 589 642 Acerbum
609 599 646 642 ac
668 579 805 641 misenam
827 589 880 656 est,
902 581 982 663 quod
994 581 1104 666 fateri
1117 601 1171 647 nos

100 669 237 749 fortuna
253 675 360 730 nostra
371 668 461 748 cogit
504 667 554 728 Eo
568 673 684 728 oenmm
696 674 748 738 est,
765 666 879 730 Patres
888 668 1060 750 conscripti,
1072 675 1107 729 ut
1116 678 1172 730 aut

113 757 287 826 amicorum,
300 762 355 816 aut
365 755 552 815 inimicorum
567 751 718 834 Campani
727 749 838 815 simus·
871 753 907 816 Si
921 753 1095 837 dqbnditis,
1109 747 1172 817 nes-

113 843 156 902 tri
165 869 175 901 .-
198 841 227 903 si
241 841 392 914 deseritis,
408 839 588 902 Samnitium
602 839 721 900 crimnis.
760 837 895 919 Capuam
911 859 982 924 ergo
996 849 1026 902 et
1039 841 1171 942 Campa-

115 929 197 988 niam
219 945 333 987 ornnem
356 926 462 988 uestris
483 945 525 986 an
547 924 727 988 Smunitican
753 923 868 986 uiribus
889 927 1030 988 accedere
1043 928 1169 1002 malitis,

115 1012 291 1076 deliberate.
331 1009 474 1074 Omnibus
483 1009 770 1093 quidem,·liomani‚
782 1021 910 1074 uesmam
922 1013 1170 1090 miscricordiam,

7 1095 8 1144 Ὗ
115 1107 300 1180 vernumque
309 1098 456 1159 ancilium
467 1117 581 1178 aquom
593 1105 637 1159 est
645 1105 771 1178 pateret
797 1099 836 1159 iis
847 1106 946 1159 tamen
955 1100 1095 1173 manime,
1106 1101 1170 1181 qui,

116 1205 179 1247 eam
201 1183 427 1264 inplorantibus
448 1185 522 1246 aliis
543 1184 691 1245 ancilium
705 1184 782 1244 unm
804 1203 899 1264 mpra
914 1186 993 1247 uires
1007 1205 1077 1247 suas
1087 1203 1171 1266 pua·

114 1280 205 1344 stam,
222 1269 247 1307 ⁴⁴
257 1289 358 1332 omncs
373 1271 435 1350 ipsi
449 1271 482 1332 in
496 1269 575 1331 banc
589 1270 792 1332 necessitatem
810 1280 965 1332 uenerant.
991 1291 1169 1353 quamquam

109 1358 314 1440 pugnavimus
328 1355 416 1418 uerbo
426 1377 487 1437 pra
501 1357 657 1429 Sidicinis,
672 1355 884 1436 remanebis,
902 1377 989 1437 quum
1004 1357 1171 1418 uideremus

111 1441 273 1520 foritimum
283 1443 430 1524 populum
449 1441 571 1524 nefario
585 1442 748 1504 latrocinio
763 1443 943 1505 Samniticum
956 1445 1022 1523 peti
1028 1473 1039 1513 ,·
1063 1453 1103 1520 ει,
1118 1443 1172 1504 ubi
1238 1449 1241 1456 ’

115 1531 352 1618 corylagrassent
377 1529 520 1602 Sidicini,
543 1529 586 1588 ad
608 1547 662 1590 nos
684 1526 878 1607 traiecturum
902 1529 980 1592 illud
999 1530 1170 1592 incendium

116 1637 183 1680 esse.
220 1615 289 1678 Nec
299 1615 378 1676 enim
391 1633 477 1688 nunc,
491 1615 563 1696 quia
576 1615 677 1676 dolent
689 1613 836 1695 irq'uriam
845 1625 997 1696 acceptam
1006 1615 1168 1691 Samnites,

115 1704 167 1764 sed
179 1703 254 1786 quia
272 1702 410 1783 gaudent
424 1700 556 1762 oblatam
577 1699 638 1761 sibi
658 1721 719 1763 csse
732 1721 876 1776 cucusam,
892 1701 1094 1785 obpugnatum
1116 1723 1171 1765 nas

116 1791 246 1852 veniunt.
274 1787 338 1861 Au,
349 1788 376 1848 si
386 1787 462 1848 ultio
474 1788 531 1848 ira
540 1785 612 1860 bac,
624 1795 654 1847 et
664 1807 723 1847 reon
735 1789 851 1854 occasio
858 1790 1040 1870 cupiditatis
1048 1790 1172 1872 eapien-

116 1875 261 1954 deesset,
276 1893 387 1955 parum
398 1873 483 1956 suit,
498 1874 578 1956 quem
598 1874 687 1934 semel
707 1873 740 1934 in
759 1872 897 1936 Sidicino
911 1895 997 1958 agro,
1014 1877 1122 1936 iterum
1136 1876 1171 1937 in

7 2035 8 2042 ἵ
117 1960 289 2044 Campania
302 1961 369 2040 ipsa
380 1959 515 2042 legiones
525 1967 644 2021 nostras
653 1959 810 2022 cecidere?
836 1959 966 2035 Quaen
977 1961 1110 2024 istatom
1123 1963 1172 2024 in·

105 2046 191 2126 festa
207 2049 269 2122 ira,
281 2065 371 2128 qnam
381 2063 443 2128 per
456 2047 532 2107 duas
543 2045 719 2126 aciesfusus
728 2047 853 2127 sanguis
863 2047 984 2128 capiere
994 2067 1054 2108 nou
1063 2057 1172 2130 potue·

115 2134 184 2196 rit?
207 2133 301 2196 Adde
314 2131 371 2192 brec
381 2132 607 2212 propiciationem
618 2151 771 2213 agnomen,
777 2133 904 2212 praedm
916 2133 1066 2205 homirnam
1081 2143 1174 2216 atque

111 2221 259 2300 pecudum
273 2227 369 2291 actas,
386 2217 526 2279 incendia
543 2217 684 2280 uillarum
695 2237 732 2277 ac
745 2219 862 2290 ruinas,
875 2217 1074 2301 omniaferro
1089 2219 1172 2302 igni-

118 2297 318 2389 queuastata.
343 2303 472 2366 Hiscine
482 2304 532 2365 ira
540 2303 658 2383 expleri
667 2321 728 2362 non
734 2304 865 2382 potator
887 2304 948 2367 Sed
957 2305 1110 2384 cupiditas
1120 2325 1173 2366 ea-

111 2393 227 2474 plenda
242 2399 297 2454 est.
321 2410 357 2451 ea
371 2389 414 2450 ad
427 2389 657 2472 obpugnandam
671 2389 807 2468 Capuam
821 2390 917 2470 rapit.
941 2399 995 2452 aut
1007 2390 1107 2452 delere
1119 2408 1173 2452 ur·

117 2477 177 2540 bem
188 2477 436 2560 pulcherrimam,
452 2485 506 2536 aut
521 2474 583 2556 ipsi
599 2475 756 2556 possidere
769 2476 881 2537 uolunt.
925 2475 986 2540 Sed
996 2478 1170 2557 ampolines,

7 2639 8 2642 Ἴ
122 2563 263 2639 Romam,
279 2562 418 2643 beneficio
432 2569 529 2625 oestro
543 2569 685 2641 occupate
699 2581 774 2636 mm,
790 2581 879 2644 quam
899 2562 971 2624 illos
987 2561 1097 2624 babere
1112 2583 1175 2643 per

7 2691 9 2728 ι
116 2651 292 2732 maleficium
307 2649 427 2712 sinatis.
476 2647 545 2710 Non
558 2647 665 2729 loquor
685 2649 771 2728 apud
788 2657 971 2710 reacsantem
987 2646 1078 2730 justa
1093 2648 1172 2712 bella

112 2739 256 2819 populum
264 2769 275 2806 ‚·
292 2735 462 2808 sedtamen,
474 2736 502 2796 si
517 2733 708 2796 ostenderitis
719 2735 840 2796 aemilia
852 2733 1094 2813 uestra,nebello
1105 2737 1173 2818 qui·
1293 2763 1298 2770 ·

118 2825 183 2886 dem
197 2821 337 2884 arbitror
350 2820 432 2887 uobis
446 2819 609 2903 opsessore.
631 2815 633 2822 ‘
652 2819 751 2902 Usque
760 2821 803 2882 ad
816 2841 870 2883 nos
880 2830 1041 2884 contemtus
1052 2821 1173 2886 Samni-

117 2911 189 2972 tium
200 2908 352 2991 pervenit,
362 2927 456 2988 supra
467 2911 527 2968 icore
538 2906 679 2969 escendit.
707 2906 819 2990 Itaque
827 2907 932 2970 umbra
941 2909 1036 2971 uestri
1046 2909 1171 2984 ausilii,

118 2995 263 3070 Romam,
277 2995 341 3078 tegi
343 3013 518 3074 possumus:
533 2993 683 3075 quidquid
693 2993 1010 3069 deindelmbuerimus,
1023 2996 1175 3077 quidquid

118 3083 179 3164 ipsi
186 3081 354 3165 scierimus,
370 3088 496 3142 aestuem
512 3080 547 3140 id
560 3097 644 3140 omne
658 3080 871 3142 ecistimatari.
921 3079 1011 3144 Vobis
1031 3081 1174 3143 arabitur

117 3189 192 3252 ager
203 3168 386 3248 Campanus,
398 3165 480 3228 uobis
490 3165 597 3246 Capua
606 3163 951 3248 urbssraqueutabiturs
974 3169 1172 3241 conditorum,

7 3285 8 3290 ¹
113 3263 287 3336 parentum,
308 3251 442 3316 Deorum
468 3251 673 3313 inmortalium
695 3272 817 3314 numero
831 3251 917 3315 nobis
931 3253 1029 3316 eritis.
1076 3253 1173 3316 Nulla

119 3341 238 3404 colonio
253 3347 353 3402 uestra
369 3338 439 3416 erit,
454 3357 521 3420 qua
535 3357 588 3399 nos
602 3335 741 3418 obsequia
754 3359 829 3420 erga
843 3359 894 3402 vos
901 3339 1030 3420 fideque
1043 3347 1173 3420 creperet.

117 3423 294 3501 “Adnuite
310 3427 425 3488 Patres
438 3421 610 3504 conscripti,
626 3431 728 3485 maun
750 3443 915 3506 numenque
935 3433 1061 3487 vestrum
1078 3425 1174 3486 invic-

117 3522 177 3576 tum
195 3511 372 3594 Campanis,
389 3518 418 3572 et
423 3508 531 3592 jubete
542 3529 676 3590 sperare,
694 3510 859 3572 incolumen
876 3510 1013 3592 Capuam
1015 3509 1172 3592 futuram.

121 3591 379 3682 erafrequentia
394 3597 523 3658 omnium
530 3615 673 3678 generum
684 3596 889 3658 multitudinis
896 3605 1097 3678 prosequente
1110 3617 1173 3658 cre·

117 3686 192 3748 ditis
205 3705 260 3747 nos
274 3683 362 3745 illinc
369 3682 548 3766 proficias?
571 3701 660 3764 quam
670 3682 913 3744 munianotorum
923 3683 1177 3764 lacrimarumque

111 3770 404 3853 plenareliquissc?
428 3769 461 3831 in
476 3788 537 3852 qua
548 3787 627 3830 nunc
636 3769 859 3850 eameriaticmc
868 3777 1002 3832 sensatum
1011 3768 1174 3850 populum·

148 3993 182 4042 u
198 3991 283 4040 Omncr
298 3991 355 4054 ipsi]
373 3989 430 4038 Vox
448 4005 523 4039 omnm
541 3991 631 4037 rodum
662 4001 736 4049 quom
755 3987 842 4035 lovem
861 3987 950 4046 ipsum,
962 3983 1031 4046 cujus
1048 3991 1109 4031 nutu
1121 3997 1188 4031 ver-¹

7 4023 8 4068 i
117 4059 166 4104 bnt.
199 4054 232 4104 Et
248 4071 302 4104 cem
322 4056 413 4102 omittit
432 4069 495 4103 unus
512 4071 526 4103 e
543 4055 630 4102 nost&
662 4050 1011 4111 cunturscregunturomnia
1036 4047 1174 4097 Numencb

118 4122 220 4184 asiptis·
662 4115 846 4177 eudemon'gine
857 4122 902 4170 ost.
914 4129 929 4161 a
940 4116 1012 4162 verbo
1023 4126 1109 4174 nempe
1119 4127 1175 4162 nuc.

150 4186 182 4235 ib
199 4184 304 4233 Annuitc
325 4189 408 4231 nutum
435 4199 561 4245 numenque
582 4198 630 4230 ocs-
662 4195 696 4236 re,
715 4187 739 4227 ct
757 4181 864 4227 divinam
878 4178 1115 4241 gubernationemoc
1132 4193 1175 4225 vo-

116 4250 192 4313 trurn]
216 4249 256 4297 stc
277 4250 423 4311 compellunt
445 4249 562 4308 Campani
582 4249 630 4295 Ro·
662 4247 781 4292 lunensem
792 4246 899 4301 denotat,
917 4247 945 4289 ut
959 4243 1141 4292 monuimusod
1154 4243 1174 4289 1.

7 4367 8 4380 q
119 4327 203 4361 monos
221 4321 338 4374 tunquam
356 4315 413 4360 deos
433 4315 560 4374 quosdam,
575 4321 629 4360 tsn-
662 4309 792 4370 bb.supn
1036 4325 1039 4334 ·
1143 4331 1151 4340 ·
