<?xml version="1.0" encoding="UTF-8"?>
<!DOCTYPE html PUBLIC "-//W3C//DTD XHTML 1.0 Transitional//EN"
    "http://www.w3.org/TR/xhtml1/DTD/xhtml1-transitional.dtd">
<html xmlns="http://www.w3.org/1999/xhtml" xml:lang="en" lang="en">
 <head>
  <title>
</title>
<meta http-equiv="Content-Type" content="text/html;charset=utf-8" />
  <meta name='ocr-system' content='tesseract 3.04.00' />
  <meta name='ocr-capabilities' content='ocr_page ocr_carea ocr_par ocr_line ocrx_word'/>
</head>
<body>
  <div class='ocr_page' id='page_1' title='image "./tliviipatavinih02crevgoog_0139.png"; bbox 0 0 2978 4918; ppageno 0'>
   <div class='ocr_carea' id='block_1_1' title="bbox 317 223 983 294">
    <p class='ocr_par' dir='ltr' id='par_1_1' title="bbox 317 223 983 294">
     <span class='ocr_line' id='line_1_1' title="bbox 317 223 983 294; baseline -0.012 -2"><span class='ocrx_word' id='word_1_1' title='bbox 317 235 372 294; x_wconf 72' lang='lat' dir='ltr'><strong>tsi</strong></span> <span class='ocrx_word' id='word_1_2' title='bbox 706 223 819 286; x_wconf 78' lang='lat' dir='ltr'><strong>Tl&#39;l&#39;I</strong></span> <span class='ocrx_word' id='word_1_3' title='bbox 847 223 983 284; x_wconf 88' lang='lat' dir='ltr'><strong>LlVll</strong></span> 
     </span>
    </p>
   </div>
   <div class='ocr_carea' id='block_1_2' title="bbox 158 386 1382 834">
    <p class='ocr_par' dir='ltr' id='par_1_2' title="bbox 158 386 1382 834">
     <span class='ocr_line' id='line_1_2' title="bbox 162 386 1378 476; baseline 0.002 -20"><span class='ocrx_word' id='word_1_4' title='bbox 162 406 296 456; x_wconf 73' lang='lat' dir='ltr'><strong>unm</strong></span> <span class='ocrx_word' id='word_1_5' title='bbox 366 389 476 456; x_wconf 86' lang='lat' dir='ltr'><strong>XLV.</strong></span> <span class='ocrx_word' id='word_1_6' title='bbox 499 386 654 452; x_wconf 76' lang='lat' dir='ltr'><strong>Consules</strong></span> <span class='ocrx_word' id='word_1_7' title='bbox 677 409 803 474; x_wconf 86' lang='lat' dir='ltr'><strong>quoque</strong></span> <span class='ocrx_word' id='word_1_8' title='bbox 828 389 967 454; x_wconf 85' lang='lat' dir='ltr'><strong>Romani</strong></span> <span class='ocrx_word' id='word_1_9' title='bbox 990 388 1072 456; x_wconf 88' lang='lat' dir='ltr'><strong>nihil</strong></span> <span class='ocrx_word' id='word_1_10' title='bbox 1103 400 1257 476; x_wconf 75' lang='lat' dir='ltr'><strong>preterea</strong></span> <span class='ocrx_word' id='word_1_11' title='bbox 1280 391 1378 470; x_wconf 81' lang='lat' dir='ltr'><strong>eliud,</strong></span> 
     </span>
     <span class='ocr_line' id='line_1_3' title="bbox 161 471 1378 566; baseline 0.002 -24"><span class='ocrx_word' id='word_1_12' title='bbox 161 471 295 522; x_wconf 47' lang='grc' dir='ltr'><strong>ΗΜ</strong></span> <span class='ocrx_word' id='word_1_13' title='bbox 322 499 417 566; x_wconf 88' lang='lat' dir='ltr'><strong>quam</strong></span> <span class='ocrx_word' id='word_1_14' title='bbox 443 496 514 540; x_wconf 87' lang='lat' dir='ltr'><strong>suss</strong></span> <span class='ocrx_word' id='word_1_15' title='bbox 536 476 631 554; x_wconf 87' lang='lat' dir='ltr'><strong>vires,</strong></span> <span class='ocrx_word' id='word_1_16' title='bbox 654 496 712 538; x_wconf 86' lang='lat' dir='ltr'><strong>sue</strong></span> <span class='ocrx_word' id='word_1_17' title='bbox 732 497 830 553; x_wconf 85' lang='lat' dir='ltr'><strong>erma,</strong></span> <span class='ocrx_word' id='word_1_18' title='bbox 852 473 1044 544; x_wconf 81' lang='lat' dir='ltr'><strong>borrebsnt:</strong></span> <span class='ocrx_word' id='word_1_19' title='bbox 1070 480 1224 543; x_wconf 87' lang='lat' dir='ltr'><strong>memoria</strong></span> <span class='ocrx_word' id='word_1_20' title='bbox 1247 480 1378 564; x_wconf 80' lang='lat' dir='ltr'>pessimi</span> 
     </span>
     <span class='ocr_line' id='line_1_4' title="bbox 321 559 1381 650; baseline 0.002 -22"><span class='ocrx_word' id='word_1_21' title='bbox 321 563 469 650; x_wconf 86' lang='lat' dir='ltr'><strong>proximo</strong></span> <span class='ocrx_word' id='word_1_22' title='bbox 495 559 577 626; x_wconf 89' lang='lat' dir='ltr'><strong>bello</strong></span> <span class='ocrx_word' id='word_1_23' title='bbox 601 560 741 644; x_wconf 86' lang='lat' dir='ltr'><strong>exempli</strong></span> <span class='ocrx_word' id='word_1_24' title='bbox 761 559 787 601; x_wconf 79' lang='lat'><strong>⁵⁸</strong></span> <span class='ocrx_word' id='word_1_25' title='bbox 796 561 935 628; x_wconf 87' lang='lat' dir='ltr'><strong>terrebat</strong></span> <span class='ocrx_word' id='word_1_26' title='bbox 944 571 965 640; x_wconf 79' lang='lat'><strong>¹,</strong></span> <span class='ocrx_word' id='word_1_27' title='bbox 988 585 1030 629; x_wconf 86' lang='lat' dir='ltr'><strong>ue</strong></span> <span class='ocrx_word' id='word_1_28' title='bbox 1052 585 1119 630; x_wconf 89' lang='lat' dir='ltr'><strong>rem</strong></span> <span class='ocrx_word' id='word_1_29' title='bbox 1142 566 1381 631; x_wconf 79' lang='lat' dir='ltr'><strong>committerent</strong></span> 
     </span>
     <span class='ocr_line' id='line_1_5' title="bbox 159 645 1382 736; baseline 0.007 -27"><span class='ocrx_word' id='word_1_30' title='bbox 159 661 314 712; x_wconf 58' lang='lat' dir='ltr'><strong>commun</strong></span> <span class='ocrx_word' id='word_1_31' title='bbox 322 673 371 728; x_wconf 91' lang='lat' dir='ltr'><strong>eo,</strong></span> <span class='ocrx_word' id='word_1_32' title='bbox 387 647 443 713; x_wconf 92' lang='lat' dir='ltr'><strong>ubi</strong></span> <span class='ocrx_word' id='word_1_33' title='bbox 458 647 530 713; x_wconf 81' lang='lat' dir='ltr'><strong>dure</strong></span> <span class='ocrx_word' id='word_1_34' title='bbox 545 646 639 711; x_wconf 89' lang='lat' dir='ltr'><strong>simul</strong></span> <span class='ocrx_word' id='word_1_35' title='bbox 658 645 740 712; x_wconf 83' lang='lat' dir='ltr'><strong>ecies</strong></span> <span class='ocrx_word' id='word_1_36' title='bbox 755 647 907 713; x_wconf 81' lang='lat' dir='ltr'><strong>timendae</strong></span> <span class='ocrx_word' id='word_1_37' title='bbox 928 665 1040 716; x_wconf 84' lang='lat' dir='ltr'><strong>essent.</strong></span> <span class='ocrx_word' id='word_1_38' title='bbox 1085 651 1198 736; x_wconf 86' lang='lat' dir='ltr'><strong>Itsque</strong></span> <span class='ocrx_word' id='word_1_39' title='bbox 1219 655 1330 718; x_wconf 84' lang='lat' dir='ltr'><strong>cestris</strong></span> <span class='ocrx_word' id='word_1_40' title='bbox 1348 675 1382 718; x_wconf 88' lang='lat' dir='ltr'><strong>se</strong></span> 
     </span>
     <span class='ocr_line' id='line_1_6' title="bbox 158 733 1380 834; baseline 0.001 -33"><span class='ocrx_word' id='word_1_41' title='bbox 158 735 285 777; x_wconf 55' lang='lat' dir='ltr'><strong>“imi</strong></span> <span class='ocrx_word' id='word_1_42' title='bbox 321 738 481 812; x_wconf 86' lang='lat' dir='ltr'><strong>tenebant,</strong></span> <span class='ocrx_word' id='word_1_43' title='bbox 505 744 571 798; x_wconf 89' lang='lat' dir='ltr'><strong>tam</strong></span> <span class='ocrx_word' id='word_1_44' title='bbox 596 733 726 818; x_wconf 87' lang='lat' dir='ltr'><strong>ancipiti</strong></span> <span class='ocrx_word' id='word_1_45' title='bbox 749 733 891 834; x_wconf 76' lang='lat' dir='ltr'><strong>periculo</strong></span> <span class='ocrx_word' id='word_1_46' title='bbox 911 735 1056 802; x_wconf 78' lang='lat' dir='ltr'><strong>⁵⁹sversi.</strong></span> <span class='ocrx_word' id='word_1_47' title='bbox 1084 737 1168 802; x_wconf 89' lang='lat' dir='ltr'><strong>diem</strong></span> <span class='ocrx_word' id='word_1_48' title='bbox 1190 749 1380 825; x_wconf 81' lang='lat' dir='ltr'><strong>tempusque</strong></span> 
     </span>
    </p>
   </div>
   <div class='ocr_carea' id='block_1_3' title="bbox 318 820 1384 2120">
    <p class='ocr_par' dir='ltr' id='par_1_3' title="bbox 318 820 1384 2120">
     <span class='ocr_line' id='line_1_7' title="bbox 319 820 1380 909; baseline 0.002 -23"><span class='ocrx_word' id='word_1_49' title='bbox 319 822 452 886; x_wconf 79' lang='lat' dir='ltr'><strong>forsitan</strong></span> <span class='ocrx_word' id='word_1_50' title='bbox 473 822 576 906; x_wconf 88' lang='lat' dir='ltr'><strong>ipsum</strong></span> <span class='ocrx_word' id='word_1_51' title='bbox 599 820 771 884; x_wconf 77' lang='lat' dir='ltr'><strong>leniturum</strong></span> <span class='ocrx_word' id='word_1_52' title='bbox 791 841 865 903; x_wconf 80' lang='lat' dir='ltr'><strong>uras,</strong></span> <span class='ocrx_word' id='word_1_53' title='bbox 880 823 1109 909; x_wconf 76' lang='lat' dir='ltr'><strong>sanitatemque</strong></span> <span class='ocrx_word' id='word_1_54' title='bbox 1125 823 1240 888; x_wconf 87' lang='lat' dir='ltr'><strong>animis</strong></span> <span class='ocrx_word' id='word_1_55' title='bbox 1254 824 1380 890; x_wconf 82' lang='lat' dir='ltr'><strong>adlatu-</strong></span> 
     </span>
     <span class='ocr_line' id='line_1_8' title="bbox 319 905 1380 998; baseline 0.004 -26"><span class='ocrx_word' id='word_1_56' title='bbox 319 929 404 972; x_wconf 89' lang='lat' dir='ltr'><strong>rum.</strong></span> <span class='ocrx_word' id='word_1_57' title='bbox 436 907 553 973; x_wconf 86' lang='lat' dir='ltr'><strong>Veiens</strong></span> <span class='ocrx_word' id='word_1_58' title='bbox 566 905 664 971; x_wconf 87' lang='lat' dir='ltr'><strong>hostis</strong></span> <span class='ocrx_word' id='word_1_59' title='bbox 679 905 869 993; x_wconf 80' lang='lat' dir='ltr'><strong>Etruscique</strong></span> <span class='ocrx_word' id='word_1_60' title='bbox 881 929 920 972; x_wconf 92' lang='lat' dir='ltr'><strong>eo</strong></span> <span class='ocrx_word' id='word_1_61' title='bbox 933 910 1035 996; x_wconf 79' lang='lat' dir='ltr'><strong>magis</strong></span> <span class='ocrx_word' id='word_1_62' title='bbox 1048 932 1251 996; x_wconf 83' lang='lat' dir='ltr'><strong>praepropere</strong></span> <span class='ocrx_word' id='word_1_63' title='bbox 1264 933 1361 998; x_wconf 80' lang='lat' dir='ltr'><strong>agere</strong></span> <span class='ocrx_word' id='word_1_64' title='bbox 1369 936 1380 988; x_wconf 90' lang='lat'>;</span> 
     </span>
     <span class='ocr_line' id='line_1_9' title="bbox 319 993 1381 1144; baseline 0.003 -84"><span class='ocrx_word' id='word_1_65' title='bbox 319 995 471 1060; x_wconf 78' lang='lat' dir='ltr'><strong>lacessere</strong></span> <span class='ocrx_word' id='word_1_66' title='bbox 485 993 526 1058; x_wconf 83' lang='lat' dir='ltr'><strong>sd</strong></span> <span class='ocrx_word' id='word_1_67' title='bbox 540 1014 700 1080; x_wconf 79' lang='lat' dir='ltr'><strong>pugnem:</strong></span> <span class='ocrx_word' id='word_1_68' title='bbox 724 993 828 1077; x_wconf 89' lang='lat' dir='ltr'><strong>primo</strong></span> <span class='ocrx_word' id='word_1_69' title='bbox 843 993 1058 1144; x_wconf 80' lang='lat' dir='ltr'><strong>obeqpitando</strong></span> <span class='ocrx_word' id='word_1_70' title='bbox 1072 997 1181 1062; x_wconf 87' lang='lat' dir='ltr'><strong>castris</strong></span> <span class='ocrx_word' id='word_1_71' title='bbox 1201 1019 1381 1082; x_wconf 83' lang='lat' dir='ltr'><strong>provocan-</strong></span> 
     </span>
     <span class='ocr_line' id='line_1_10' title="bbox 321 1078 1380 1170; baseline 0.001 -23"><span class='ocrx_word' id='word_1_72' title='bbox 321 1081 443 1167; x_wconf 87' lang='lat' dir='ltr'><strong>doque;</strong></span> <span class='ocrx_word' id='word_1_73' title='bbox 468 1093 640 1167; x_wconf 89' lang='lat' dir='ltr'><strong>postremo,</strong></span> <span class='ocrx_word' id='word_1_74' title='bbox 662 1092 698 1144; x_wconf 91' lang='lat' dir='ltr'><strong>ut</strong></span> <span class='ocrx_word' id='word_1_75' title='bbox 722 1078 802 1144; x_wconf 90' lang='lat' dir='ltr'><strong>nibil</strong></span> <span class='ocrx_word' id='word_1_76' title='bbox 825 1101 916 1146; x_wconf 88' lang='lat' dir='ltr'><strong>move</strong></span> <span class='ocrx_word' id='word_1_77' title='bbox 939 1095 1005 1158; x_wconf 83' lang='lat' dir='ltr'><strong>sut,</strong></span> <span class='ocrx_word' id='word_1_78' title='bbox 1027 1105 1092 1170; x_wconf 84' lang='lat' dir='ltr'><strong>qus</strong></span> <span class='ocrx_word' id='word_1_79' title='bbox 1112 1083 1256 1148; x_wconf 87' lang='lat' dir='ltr'><strong>consules</strong></span> <span class='ocrx_word' id='word_1_80' title='bbox 1282 1085 1380 1170; x_wconf 86' lang='lat' dir='ltr'><strong>ipsos,</strong></span> 
     </span>
     <span class='ocr_line' id='line_1_11' title="bbox 321 1164 1382 1254; baseline 0.003 -21"><span class='ocrx_word' id='word_1_81' title='bbox 321 1190 385 1254; x_wconf 87' lang='lat' dir='ltr'><strong>qua</strong></span> <span class='ocrx_word' id='word_1_82' title='bbox 398 1168 572 1233; x_wconf 85' lang='lat' dir='ltr'><strong>exercitum</strong></span> <span class='ocrx_word' id='word_1_83' title='bbox 584 1164 795 1250; x_wconf 76' lang='lat' dir='ltr'><strong>increpandos</strong></span> <span class='ocrx_word' id='word_1_84' title='bbox 810 1168 1039 1234; x_wconf 71' lang='lat' dir='ltr'><strong>simulativum</strong></span> <span class='ocrx_word' id='word_1_85' title='bbox 1050 1171 1206 1234; x_wconf 74' lang='lat' dir='ltr'><strong>intestimo</strong></span> <span class='ocrx_word' id='word_1_86' title='bbox 1215 1173 1382 1236; x_wconf 75' lang='lat' dir='ltr'><strong>discordiis</strong></span> 
     </span>
     <span class='ocr_line' id='line_1_12' title="bbox 320 1254 1382 1340; baseline 0.001 -20"><span class='ocrx_word' id='word_1_87' title='bbox 320 1255 346 1294; x_wconf 74' lang='lat'><strong>⁰⁰</strong></span> <span class='ocrx_word' id='word_1_88' title='bbox 356 1257 518 1320; x_wconf 80' lang='lat' dir='ltr'><strong>remedium</strong></span> <span class='ocrx_word' id='word_1_89' title='bbox 540 1254 660 1318; x_wconf 84' lang='lat' dir='ltr'><strong>timoris</strong></span> <span class='ocrx_word' id='word_1_90' title='bbox 673 1255 848 1316; x_wconf 81' lang='lat' dir='ltr'><strong>inuentum.-</strong></span> <span class='ocrx_word' id='word_1_91' title='bbox 871 1263 902 1318; x_wconf 85' lang='lat' dir='ltr'><strong>et</strong></span> <span class='ocrx_word' id='word_1_92' title='bbox 914 1257 1047 1320; x_wconf 71' lang='lat' dir='ltr'><strong>cumules</strong></span> <span class='ocrx_word' id='word_1_93' title='bbox 1063 1259 1237 1340; x_wconf 79' lang='lat' dir='ltr'><strong>magistron</strong></span> <span class='ocrx_word' id='word_1_94' title='bbox 1251 1257 1276 1295; x_wconf 80' lang='lat'><strong>⁶¹</strong></span> <span class='ocrx_word' id='word_1_95' title='bbox 1286 1260 1382 1340; x_wconf 79' lang='lat' dir='ltr'><strong>confi-</strong></span> 
     </span>
     <span class='ocr_line' id='line_1_13' title="bbox 318 1339 1382 1429; baseline 0.002 -23"><span class='ocrx_word' id='word_1_96' title='bbox 318 1344 401 1420; x_wconf 80' lang='lat' dir='ltr'><strong>dere,</strong></span> <span class='ocrx_word' id='word_1_97' title='bbox 417 1363 508 1427; x_wconf 80' lang='lat' dir='ltr'><strong>quoni</strong></span> <span class='ocrx_word' id='word_1_98' title='bbox 522 1361 583 1404; x_wconf 91' lang='lat' dir='ltr'><strong>non</strong></span> <span class='ocrx_word' id='word_1_99' title='bbox 596 1339 728 1416; x_wconf 86' lang='lat' dir='ltr'><strong>credere,</strong></span> <span class='ocrx_word' id='word_1_100' title='bbox 743 1341 806 1404; x_wconf 76' lang='lat' dir='ltr'><strong>siris</strong></span> <span class='ocrx_word' id='word_1_101' title='bbox 819 1340 976 1404; x_wconf 87' lang='lat' dir='ltr'><strong>militibus.</strong></span> <span class='ocrx_word' id='word_1_102' title='bbox 1020 1342 1138 1406; x_wconf 83' lang='lat' dir='ltr'><strong>Novum</strong></span> <span class='ocrx_word' id='word_1_103' title='bbox 1151 1345 1313 1408; x_wconf 84' lang='lat' dir='ltr'><strong>seditionis</strong></span> <span class='ocrx_word' id='word_1_104' title='bbox 1321 1367 1382 1429; x_wconf 87' lang='lat' dir='ltr'><strong>ge-</strong></span> 
     </span>
     <span class='ocr_line' id='line_1_14' title="bbox 318 1425 1382 1509; baseline 0.002 -15"><span class='ocrx_word' id='word_1_105' title='bbox 318 1451 385 1506; x_wconf 82' lang='lat' dir='ltr'><strong>nus,</strong></span> <span class='ocrx_word' id='word_1_106' title='bbox 400 1429 555 1493; x_wconf 84' lang='lat' dir='ltr'><strong>silentium</strong></span> <span class='ocrx_word' id='word_1_107' title='bbox 576 1427 727 1509; x_wconf 84' lang='lat' dir='ltr'><strong>otiumque</strong></span> <span class='ocrx_word' id='word_1_108' title='bbox 746 1427 828 1490; x_wconf 86' lang='lat' dir='ltr'><strong>inter</strong></span> <span class='ocrx_word' id='word_1_109' title='bbox 841 1436 985 1491; x_wconf 85' lang='lat' dir='ltr'><strong>armatos.</strong></span> <span class='ocrx_word' id='word_1_110' title='bbox 1007 1425 1048 1492; x_wconf 90' lang='lat' dir='ltr'><strong>ad</strong></span> <span class='ocrx_word' id='word_1_111' title='bbox 1070 1426 1140 1492; x_wconf 83' lang='lat' dir='ltr'><strong>haec</strong></span> <span class='ocrx_word' id='word_1_112' title='bbox 1155 1429 1187 1492; x_wconf 92' lang='lat' dir='ltr'><strong>in</strong></span> <span class='ocrx_word' id='word_1_113' title='bbox 1203 1431 1382 1496; x_wconf 85' lang='lat' dir='ltr'><strong>novitatem</strong></span> 
     </span>
     <span class='ocr_line' id='line_1_15' title="bbox 319 1511 1380 1602; baseline 0.001 -23"><span class='ocrx_word' id='word_1_114' title='bbox 319 1515 444 1602; x_wconf 82' lang='lat' dir='ltr'><strong>generis</strong></span> <span class='ocrx_word' id='word_1_115' title='bbox 472 1511 679 1598; x_wconf 85' lang='lat' dir='ltr'><strong>originisque,</strong></span> <span class='ocrx_word' id='word_1_116' title='bbox 709 1533 772 1596; x_wconf 83' lang='lat' dir='ltr'><strong>qus</strong></span> <span class='ocrx_word' id='word_1_117' title='bbox 802 1511 889 1589; x_wconf 83' lang='lat' dir='ltr'><strong>falsu,</strong></span> <span class='ocrx_word' id='word_1_118' title='bbox 920 1535 983 1600; x_wconf 84' lang='lat' dir='ltr'><strong>qus</strong></span> <span class='ocrx_word' id='word_1_119' title='bbox 1012 1534 1088 1578; x_wconf 85' lang='lat' dir='ltr'><strong>vera</strong></span> <span class='ocrx_word' id='word_1_120' title='bbox 1117 1513 1232 1598; x_wconf 83' lang='lat' dir='ltr'><strong>jecere.</strong></span> <span class='ocrx_word' id='word_1_121' title='bbox 1279 1515 1380 1594; x_wconf 85' lang='lat' dir='ltr'><strong>Haec,</strong></span> 
     </span>
     <span class='ocr_line' id='line_1_16' title="bbox 319 1596 1383 1688; baseline 0.003 -23"><span class='ocrx_word' id='word_1_122' title='bbox 319 1623 419 1688; x_wconf 87' lang='lat' dir='ltr'><strong>quum</strong></span> <span class='ocrx_word' id='word_1_123' title='bbox 433 1598 494 1664; x_wconf 92' lang='lat' dir='ltr'><strong>sub</strong></span> <span class='ocrx_word' id='word_1_124' title='bbox 514 1598 585 1684; x_wconf 91' lang='lat' dir='ltr'><strong>ipso</strong></span> <span class='ocrx_word' id='word_1_125' title='bbox 599 1596 682 1661; x_wconf 83' lang='lat' dir='ltr'><strong>vello</strong></span> <span class='ocrx_word' id='word_1_126' title='bbox 703 1596 865 1684; x_wconf 90' lang='lat' dir='ltr'><strong>portisque</strong></span> <span class='ocrx_word' id='word_1_127' title='bbox 885 1610 1071 1684; x_wconf 85' lang='lat' dir='ltr'><strong>streperent,</strong></span> <span class='ocrx_word' id='word_1_128' title='bbox 1087 1599 1174 1666; x_wconf 91' lang='lat' dir='ltr'><strong>haud</strong></span> <span class='ocrx_word' id='word_1_129' title='bbox 1196 1623 1283 1688; x_wconf 82' lang='lat' dir='ltr'><strong>aegre</strong></span> <span class='ocrx_word' id='word_1_130' title='bbox 1302 1625 1383 1668; x_wconf 89' lang='lat' dir='ltr'><strong>eon-</strong></span> 
     </span>
     <span class='ocr_line' id='line_1_17' title="bbox 320 1681 1384 1775; baseline 0.006 -25"><span class='ocrx_word' id='word_1_131' title='bbox 320 1685 402 1750; x_wconf 89' lang='lat' dir='ltr'><strong>sules</strong></span> <span class='ocrx_word' id='word_1_132' title='bbox 422 1686 496 1770; x_wconf 88' lang='lat' dir='ltr'><strong>pati.</strong></span> <span class='ocrx_word' id='word_1_133' title='bbox 519 1697 552 1750; x_wconf 88' lang='lat' dir='ltr'><strong>at</strong></span> <span class='ocrx_word' id='word_1_134' title='bbox 574 1681 720 1767; x_wconf 73' lang='lat' dir='ltr'><strong>inperite</strong></span> <span class='ocrx_word' id='word_1_135' title='bbox 742 1682 968 1750; x_wconf 78' lang='lat' dir='ltr'><strong>multitudinis·</strong></span> <span class='ocrx_word' id='word_1_136' title='bbox 981 1707 1067 1752; x_wconf 91' lang='lat' dir='ltr'><strong>nuuc</strong></span> <span class='ocrx_word' id='word_1_137' title='bbox 1087 1686 1277 1775; x_wconf 80' lang='lat' dir='ltr'><strong>indignatio,</strong></span> <span class='ocrx_word' id='word_1_138' title='bbox 1292 1711 1384 1756; x_wconf 87' lang='lat' dir='ltr'><strong>nunc</strong></span> 
     </span>
     <span class='ocr_line' id='line_1_18' title="bbox 319 1769 1382 1858; baseline 0.003 -20"><span class='ocrx_word' id='word_1_139' title='bbox 319 1771 435 1858; x_wconf 89' lang='lat' dir='ltr'><strong>pudor,</strong></span> <span class='ocrx_word' id='word_1_140' title='bbox 457 1784 587 1858; x_wconf 88' lang='lat' dir='ltr'><strong>pectora</strong></span> <span class='ocrx_word' id='word_1_141' title='bbox 610 1791 746 1846; x_wconf 84' lang='lat' dir='ltr'><strong>versare,</strong></span> <span class='ocrx_word' id='word_1_142' title='bbox 763 1782 797 1834; x_wconf 90' lang='lat' dir='ltr'><strong>et</strong></span> <span class='ocrx_word' id='word_1_143' title='bbox 817 1769 895 1834; x_wconf 78' lang='lat' dir='ltr'><strong>⁶²ab</strong></span> <span class='ocrx_word' id='word_1_144' title='bbox 919 1772 1075 1838; x_wconf 85' lang='lat' dir='ltr'><strong>intestinis</strong></span> <span class='ocrx_word' id='word_1_145' title='bbox 1098 1787 1239 1840; x_wconf 84' lang='lat' dir='ltr'><strong>evertere</strong></span> <span class='ocrx_word' id='word_1_146' title='bbox 1264 1777 1382 1842; x_wconf 83' lang='lat' dir='ltr'><strong>melis:</strong></span> 
     </span>
     <span class='ocr_line' id='line_1_19' title="bbox 320 1854 1383 1940; baseline 0.005 -17"><span class='ocrx_word' id='word_1_147' title='bbox 320 1858 407 1924; x_wconf 87' lang='lat' dir='ltr'><strong>nolle</strong></span> <span class='ocrx_word' id='word_1_148' title='bbox 431 1857 549 1923; x_wconf 90' lang='lat' dir='ltr'><strong>inultos</strong></span> <span class='ocrx_word' id='word_1_149' title='bbox 571 1855 695 1932; x_wconf 88' lang='lat' dir='ltr'><strong>hostes;</strong></span> <span class='ocrx_word' id='word_1_150' title='bbox 716 1854 801 1921; x_wconf 91' lang='lat' dir='ltr'><strong>nolle</strong></span> <span class='ocrx_word' id='word_1_151' title='bbox 823 1878 1010 1934; x_wconf 87' lang='lat' dir='ltr'><strong>successuro,</strong></span> <span class='ocrx_word' id='word_1_152' title='bbox 1034 1881 1099 1924; x_wconf 91' lang='lat' dir='ltr'><strong>non</strong></span> <span class='ocrx_word' id='word_1_153' title='bbox 1128 1859 1288 1940; x_wconf 90' lang='lat' dir='ltr'><strong>Patribus,</strong></span> <span class='ocrx_word' id='word_1_154' title='bbox 1310 1885 1383 1928; x_wconf 90' lang='lat' dir='ltr'><strong>non</strong></span> 
     </span>
     <span class='ocr_line' id='line_1_20' title="bbox 320 1942 1383 2016; baseline 0.006 -6"><span class='ocrx_word' id='word_1_155' title='bbox 320 1944 520 2010; x_wconf 86' lang='lat' dir='ltr'><strong>consulibus:</strong></span> <span class='ocrx_word' id='word_1_156' title='bbox 546 1956 676 2008; x_wconf 85' lang='lat' dir='ltr'><strong>externa</strong></span> <span class='ocrx_word' id='word_1_157' title='bbox 699 1952 732 2008; x_wconf 83' lang='lat' dir='ltr'><strong>et</strong></span> <span class='ocrx_word' id='word_1_158' title='bbox 750 1942 924 2010; x_wconf 89' lang='lat' dir='ltr'><strong>domestica</strong></span> <span class='ocrx_word' id='word_1_159' title='bbox 947 1943 1022 2010; x_wconf 81' lang='lat' dir='ltr'><strong>odis</strong></span> <span class='ocrx_word' id='word_1_160' title='bbox 1046 1959 1167 2012; x_wconf 82' lang='lat' dir='ltr'><strong>certare</strong></span> <span class='ocrx_word' id='word_1_161' title='bbox 1193 1947 1224 2011; x_wconf 90' lang='lat' dir='ltr'><strong>in</strong></span> <span class='ocrx_word' id='word_1_162' title='bbox 1250 1947 1383 2016; x_wconf 90' lang='lat' dir='ltr'><strong>animis.</strong></span> 
     </span>
     <span class='ocr_line' id='line_1_21' title="bbox 321 2029 1384 2120; baseline 0.006 -24"><span class='ocrx_word' id='word_1_163' title='bbox 321 2031 469 2096; x_wconf 79' lang='lat' dir='ltr'><strong>Tandem</strong></span> <span class='ocrx_word' id='word_1_164' title='bbox 483 2043 633 2116; x_wconf 85' lang='lat' dir='ltr'><strong>superant</strong></span> <span class='ocrx_word' id='word_1_165' title='bbox 646 2040 787 2094; x_wconf 87' lang='lat' dir='ltr'><strong>externa.</strong></span> <span class='ocrx_word' id='word_1_166' title='bbox 810 2029 891 2096; x_wconf 88' lang='lat' dir='ltr'><strong>adeo</strong></span> <span class='ocrx_word' id='word_1_167' title='bbox 906 2029 1040 2116; x_wconf 89' lang='lat' dir='ltr'><strong>superbe</strong></span> <span class='ocrx_word' id='word_1_168' title='bbox 1054 2033 1288 2120; x_wconf 84' lang='lat' dir='ltr'><strong>insolenterque</strong></span> <span class='ocrx_word' id='word_1_169' title='bbox 1301 2033 1384 2102; x_wconf 87' lang='lat' dir='ltr'><strong>hos-</strong></span> 
     </span>
    </p>
   </div>
   <div class='ocr_carea' id='block_1_4' title="bbox 159 2115 1385 2208">
    <p class='ocr_par' dir='ltr' id='par_1_4' title="bbox 159 2115 1385 2208">
     <span class='ocr_line' id='line_1_22' title="bbox 159 2115 1385 2208; baseline 0.004 -27"><span class='ocrx_word' id='word_1_170' title='bbox 159 2135 269 2195; x_wconf 71' lang='lat' dir='ltr'><strong>eugnrm</strong></span> <span class='ocrx_word' id='word_1_171' title='bbox 320 2120 361 2184; x_wconf 90' lang='lat' dir='ltr'><strong>tis</strong></span> <span class='ocrx_word' id='word_1_172' title='bbox 391 2116 548 2183; x_wconf 76' lang='lat' dir='ltr'><strong>eludebat.</strong></span> <span class='ocrx_word' id='word_1_173' title='bbox 583 2115 762 2202; x_wconf 82' lang='lat' dir='ltr'><strong>frequentes</strong></span> <span class='ocrx_word' id='word_1_174' title='bbox 789 2117 823 2180; x_wconf 91' lang='lat' dir='ltr'><strong>in</strong></span> <span class='ocrx_word' id='word_1_175' title='bbox 855 2119 1040 2202; x_wconf 73' lang='lat' dir='ltr'><strong>pretorium</strong></span> <span class='ocrx_word' id='word_1_176' title='bbox 1069 2120 1275 2202; x_wconf 85' lang='lat' dir='ltr'><strong>conveniunt,</strong></span> <span class='ocrx_word' id='word_1_177' title='bbox 1305 2144 1385 2208; x_wconf 86' lang='lat' dir='ltr'><strong>pos-</strong></span> 
     </span>
    </p>
   </div>
   <div class='ocr_carea' id='block_1_5' title="bbox 159 2263 230 2312">
    <p class='ocr_par' dir='ltr' id='par_1_5' title="bbox 159 2263 230 2312">
     <span class='ocr_line' id='line_1_23' title="bbox 159 2263 230 2312; baseline 0 -2"><span class='ocrx_word' id='word_1_178' title='bbox 159 2263 230 2312; x_wconf 79' lang='lat' dir='ltr'><strong>Rom.</strong></span> 
     </span>
    </p>
   </div>
   <div class='ocr_carea' id='block_1_6' title="bbox 157 2198 1385 2292">
    <p class='ocr_par' dir='ltr' id='par_1_6' title="bbox 157 2198 1385 2292">
     <span class='ocr_line' id='line_1_24' title="bbox 157 2198 1385 2292; baseline 0.015 -33"><span class='ocrx_word' id='word_1_179' title='bbox 157 2198 401 2270; x_wconf 67' lang='lat' dir='ltr'><strong>possimilercum</strong></span> <span class='ocrx_word' id='word_1_180' title='bbox 421 2225 572 2292; x_wconf 88' lang='lat' dir='ltr'><strong>pugnam,</strong></span> <span class='ocrx_word' id='word_1_181' title='bbox 596 2201 768 2287; x_wconf 76' lang='lat' dir='ltr'><strong>postulant,</strong></span> <span class='ocrx_word' id='word_1_182' title='bbox 785 2215 821 2268; x_wconf 90' lang='lat' dir='ltr'><strong>ut</strong></span> <span class='ocrx_word' id='word_1_183' title='bbox 840 2207 965 2290; x_wconf 85' lang='lat' dir='ltr'><strong>signum</strong></span> <span class='ocrx_word' id='word_1_184' title='bbox 987 2204 1093 2269; x_wconf 88' lang='lat' dir='ltr'><strong>detur.</strong></span> <span class='ocrx_word' id='word_1_185' title='bbox 1136 2206 1299 2289; x_wconf 86' lang='lat' dir='ltr'><strong>Consules,</strong></span> <span class='ocrx_word' id='word_1_186' title='bbox 1314 2211 1385 2276; x_wconf 87' lang='lat' dir='ltr'><strong>vel·</strong></span> 
     </span>
    </p>
   </div>
   <div class='ocr_carea' id='block_1_7' title="bbox 320 2289 1384 2444">
    <p class='ocr_par' dir='ltr' id='par_1_7' title="bbox 320 2289 1384 2444">
     <span class='ocr_line' id='line_1_25' title="bbox 320 2289 1384 2444; baseline 0.006 -87"><span class='ocrx_word' id='word_1_187' title='bbox 320 2303 358 2357; x_wconf 93' lang='lat' dir='ltr'><strong>ut</strong></span> <span class='ocrx_word' id='word_1_188' title='bbox 395 2289 645 2366; x_wconf 80' lang='lat' dir='ltr'><strong>deliberabundi,</strong></span> <span class='ocrx_word' id='word_1_189' title='bbox 682 2289 787 2373; x_wconf 87' lang='lat' dir='ltr'><strong>capita</strong></span> <span class='ocrx_word' id='word_1_190' title='bbox 825 2289 1002 2368; x_wconf 82' lang='lat' dir='ltr'><strong>conferunt,</strong></span> <span class='ocrx_word' id='word_1_191' title='bbox 1038 2291 1095 2358; x_wconf 92' lang='lat' dir='ltr'><strong>diu</strong></span> <span class='ocrx_word' id='word_1_192' title='bbox 1132 2293 1384 2444; x_wconf 80' lang='lat' dir='ltr'><strong>conloquuntur.</strong></span> 
     </span>
    </p>
   </div>
   <div class='ocr_carea' id='block_1_8' title="bbox 282 2375 1384 2468">
    <p class='ocr_par' dir='ltr' id='par_1_8' title="bbox 282 2375 1384 2468">
     <span class='ocr_line' id='line_1_26' title="bbox 282 2375 1384 2468; baseline 0.005 -26"><span class='ocrx_word' id='word_1_193' title='bbox 282 2429 287 2442; x_wconf 90' lang='lat'>.</span> <span class='ocrx_word' id='word_1_194' title='bbox 319 2399 466 2468; x_wconf 81' lang='lat' dir='ltr'><strong>pugnare</strong></span> <span class='ocrx_word' id='word_1_195' title='bbox 484 2376 669 2464; x_wconf 77' lang='lat' dir='ltr'><strong>cupiebantr</strong></span> <span class='ocrx_word' id='word_1_196' title='bbox 693 2375 746 2440; x_wconf 88' lang='lat' dir='ltr'><strong>sed</strong></span> <span class='ocrx_word' id='word_1_197' title='bbox 766 2389 853 2440; x_wconf 89' lang='lat' dir='ltr'><strong>retro</strong></span> <span class='ocrx_word' id='word_1_198' title='bbox 874 2376 1054 2442; x_wconf 82' lang='lat' dir='ltr'><strong>revocanda</strong></span> <span class='ocrx_word' id='word_1_199' title='bbox 1074 2390 1106 2443; x_wconf 91' lang='lat' dir='ltr'><strong>et</strong></span> <span class='ocrx_word' id='word_1_200' title='bbox 1124 2379 1226 2446; x_wconf 86' lang='lat' dir='ltr'><strong>abden</strong></span> <span class='ocrx_word' id='word_1_201' title='bbox 1250 2403 1271 2446; x_wconf 85' lang='lat' dir='ltr'><strong>s</strong></span> <span class='ocrx_word' id='word_1_202' title='bbox 1287 2385 1384 2468; x_wconf 90' lang='lat' dir='ltr'><strong>cupi-</strong></span> 
     </span>
    </p>
   </div>
   <div class='ocr_carea' id='block_1_9' title="bbox 320 2453 1385 2549">
    <p class='ocr_par' dir='ltr' id='par_1_9' title="bbox 320 2453 1385 2549">
     <span class='ocr_line' id='line_1_27' title="bbox 320 2453 1385 2549; baseline 0.002 -17"><span class='ocrx_word' id='word_1_203' title='bbox 320 2467 401 2532; x_wconf 81' lang='lat' dir='ltr'><strong>ditas</strong></span> <span class='ocrx_word' id='word_1_204' title='bbox 415 2477 495 2545; x_wconf 89' lang='lat' dir='ltr'><strong>erat,</strong></span> <span class='ocrx_word' id='word_1_205' title='bbox 511 2480 546 2530; x_wconf 89' lang='lat' dir='ltr'><strong>ut</strong></span> <span class='ocrx_word' id='word_1_206' title='bbox 560 2453 757 2530; x_wconf 79' lang='lat' dir='ltr'><strong>adversando</strong></span> <span class='ocrx_word' id='word_1_207' title='bbox 777 2462 1032 2549; x_wconf 87' lang='lat' dir='ltr'><strong>remorandoque</strong></span> <span class='ocrx_word' id='word_1_208' title='bbox 1052 2465 1185 2530; x_wconf 83' lang='lat' dir='ltr'><strong>incitato</strong></span> <span class='ocrx_word' id='word_1_209' title='bbox 1201 2467 1296 2534; x_wconf 88' lang='lat' dir='ltr'><strong>semel</strong></span> <span class='ocrx_word' id='word_1_210' title='bbox 1320 2471 1385 2534; x_wconf 89' lang='lat' dir='ltr'><strong>mi·</strong></span> 
     </span>
    </p>
   </div>
   <div class='ocr_carea' id='block_1_10' title="bbox 258 2549 1385 2636">
    <p class='ocr_par' dir='ltr' id='par_1_10' title="bbox 258 2549 1385 2636">
     <span class='ocr_line' id='line_1_28' title="bbox 258 2549 1385 2636; baseline 0.004 -19"><span class='ocrx_word' id='word_1_211' title='bbox 258 2609 261 2617; x_wconf 84' lang='grc'><strong>,</strong></span> <span class='ocrx_word' id='word_1_212' title='bbox 319 2553 368 2618; x_wconf 90' lang='lat' dir='ltr'><strong>liti</strong></span> <span class='ocrx_word' id='word_1_213' title='bbox 396 2553 549 2620; x_wconf 86' lang='lat' dir='ltr'><strong>adderent</strong></span> <span class='ocrx_word' id='word_1_214' title='bbox 577 2551 732 2636; x_wconf 88' lang='lat' dir='ltr'><strong>inpetum.</strong></span> <span class='ocrx_word' id='word_1_215' title='bbox 779 2549 934 2614; x_wconf 86' lang='lat' dir='ltr'><strong>Redditur</strong></span> <span class='ocrx_word' id='word_1_216' title='bbox 963 2573 1158 2636; x_wconf 88' lang='lat' dir='ltr'><strong>responsum,</strong></span> <span class='ocrx_word' id='word_1_217' title='bbox 1185 2553 1385 2622; x_wconf 84' lang='lat' dir='ltr'><strong>inmaturam</strong></span> 
     </span>
    </p>
   </div>
   <div class='ocr_carea' id='block_1_11' title="bbox 319 2637 1386 3080">
    <p class='ocr_par' dir='ltr' id='par_1_11' title="bbox 319 2637 1386 3080">
     <span class='ocr_line' id='line_1_29' title="bbox 320 2637 1385 2727; baseline 0.005 -22"><span class='ocrx_word' id='word_1_218' title='bbox 320 2663 387 2705; x_wconf 88' lang='lat' dir='ltr'><strong>rem</strong></span> <span class='ocrx_word' id='word_1_219' title='bbox 402 2639 465 2727; x_wconf 82' lang='lat' dir='ltr'><strong>agi,</strong></span> <span class='ocrx_word' id='word_1_220' title='bbox 479 2637 622 2702; x_wconf 91' lang='lat' dir='ltr'><strong>nondum</strong></span> <span class='ocrx_word' id='word_1_221' title='bbox 644 2649 769 2722; x_wconf 89' lang='lat' dir='ltr'><strong>tempus</strong></span> <span class='ocrx_word' id='word_1_222' title='bbox 790 2656 908 2722; x_wconf 80' lang='lat' dir='ltr'><strong>pugnae</strong></span> <span class='ocrx_word' id='word_1_223' title='bbox 930 2659 1015 2702; x_wconf 87' lang='lat' dir='ltr'><strong>esse:</strong></span> <span class='ocrx_word' id='word_1_224' title='bbox 1038 2639 1149 2704; x_wconf 87' lang='lat' dir='ltr'><strong>castris</strong></span> <span class='ocrx_word' id='word_1_225' title='bbox 1170 2663 1203 2704; x_wconf 88' lang='lat' dir='ltr'><strong>se</strong></span> <span class='ocrx_word' id='word_1_226' title='bbox 1223 2653 1385 2710; x_wconf 87' lang='lat' dir='ltr'><strong>tenerent.</strong></span> 
     </span>
     <span class='ocr_line' id='line_1_30' title="bbox 320 2721 1386 2826; baseline 0.005 -35"><span class='ocrx_word' id='word_1_227' title='bbox 320 2727 464 2791; x_wconf 87' lang='lat' dir='ltr'><strong>Edicunt</strong></span> <span class='ocrx_word' id='word_1_228' title='bbox 482 2723 568 2803; x_wconf 90' lang='lat' dir='ltr'><strong>inde,</strong></span> <span class='ocrx_word' id='word_1_229' title='bbox 583 2735 618 2787; x_wconf 92' lang='lat' dir='ltr'><strong>ut</strong></span> <span class='ocrx_word' id='word_1_230' title='bbox 639 2721 816 2785; x_wconf 75' lang='lat' dir='ltr'><strong>abstineant</strong></span> <span class='ocrx_word' id='word_1_231' title='bbox 836 2743 955 2808; x_wconf 86' lang='lat' dir='ltr'><strong>pugna.</strong></span> <span class='ocrx_word' id='word_1_232' title='bbox 978 2723 1088 2809; x_wconf 89' lang='lat' dir='ltr'><strong>siquis</strong></span> <span class='ocrx_word' id='word_1_233' title='bbox 1112 2726 1231 2826; x_wconf 81' lang='lat' dir='ltr'><strong>injussu</strong></span> <span class='ocrx_word' id='word_1_234' title='bbox 1253 2749 1386 2816; x_wconf 83' lang='lat' dir='ltr'><strong>pugna-</strong></span> 
     </span>
     <span class='ocr_line' id='line_1_31' title="bbox 319 2807 1385 2900; baseline 0.006 -24"><span class='ocrx_word' id='word_1_235' title='bbox 319 2815 411 2887; x_wconf 83' lang='lat' dir='ltr'><strong>verit,</strong></span> <span class='ocrx_word' id='word_1_236' title='bbox 426 2823 462 2874; x_wconf 93' lang='lat' dir='ltr'><strong>ut</strong></span> <span class='ocrx_word' id='word_1_237' title='bbox 483 2811 518 2872; x_wconf 90' lang='lat' dir='ltr'><strong>in</strong></span> <span class='ocrx_word' id='word_1_238' title='bbox 540 2810 662 2873; x_wconf 87' lang='lat' dir='ltr'><strong>hostem</strong></span> <span class='ocrx_word' id='word_1_239' title='bbox 683 2807 965 2872; x_wconf 80' lang='lat' dir='ltr'><strong>aninrodversuros.</strong></span> <span class='ocrx_word' id='word_1_240' title='bbox 1010 2810 1062 2875; x_wconf 86' lang='lat' dir='ltr'><strong>lta</strong></span> <span class='ocrx_word' id='word_1_241' title='bbox 1075 2810 1219 2890; x_wconf 79' lang='lat' dir='ltr'><strong>dimissis,</strong></span> <span class='ocrx_word' id='word_1_242' title='bbox 1234 2836 1300 2900; x_wconf 91' lang='lat' dir='ltr'><strong>quo</strong></span> <span class='ocrx_word' id='word_1_243' title='bbox 1319 2819 1385 2882; x_wconf 83' lang='lat' dir='ltr'><strong>mi-</strong></span> 
     </span>
     <span class='ocr_line' id='line_1_32' title="bbox 319 2890 1384 2986; baseline 0.007 -25"><span class='ocrx_word' id='word_1_244' title='bbox 319 2919 381 2961; x_wconf 88' lang='lat' dir='ltr'><strong>nus</strong></span> <span class='ocrx_word' id='word_1_245' title='bbox 402 2893 548 2960; x_wconf 86' lang='lat' dir='ltr'><strong>consules</strong></span> <span class='ocrx_word' id='word_1_246' title='bbox 572 2890 652 2958; x_wconf 83' lang='lat' dir='ltr'><strong>selle</strong></span> <span class='ocrx_word' id='word_1_247' title='bbox 675 2893 817 2970; x_wconf 86' lang='lat' dir='ltr'><strong>credunt,</strong></span> <span class='ocrx_word' id='word_1_248' title='bbox 834 2893 948 2959; x_wconf 88' lang='lat' dir='ltr'><strong>crescit</strong></span> <span class='ocrx_word' id='word_1_249' title='bbox 969 2895 1066 2962; x_wconf 88' lang='lat' dir='ltr'><strong>ardor</strong></span> <span class='ocrx_word' id='word_1_250' title='bbox 1091 2900 1266 2986; x_wconf 78' lang='lat' dir='ltr'><strong>pugnandi.</strong></span> <span class='ocrx_word' id='word_1_251' title='bbox 1287 2924 1384 2968; x_wconf 87' lang='lat' dir='ltr'><strong>acce·</strong></span> 
     </span>
     <span class='ocr_line' id='line_1_33' title="bbox 320 2977 1384 3080; baseline 0.006 -32"><span class='ocrx_word' id='word_1_252' title='bbox 320 2983 402 3048; x_wconf 91' lang='lat' dir='ltr'><strong>dunt</strong></span> <span class='ocrx_word' id='word_1_253' title='bbox 426 2981 554 3070; x_wconf 86' lang='lat' dir='ltr'><strong>insuper</strong></span> <span class='ocrx_word' id='word_1_254' title='bbox 575 2978 680 3044; x_wconf 88' lang='lat' dir='ltr'><strong>hostes</strong></span> <span class='ocrx_word' id='word_1_255' title='bbox 700 2977 836 3046; x_wconf 82' lang='lat' dir='ltr'><strong>ferocius</strong></span> <span class='ocrx_word' id='word_1_256' title='bbox 858 2979 968 3059; x_wconf 89' lang='lat' dir='ltr'><strong>multo,</strong></span> <span class='ocrx_word' id='word_1_257' title='bbox 987 2993 1022 3048; x_wconf 86' lang='lat' dir='ltr'><strong>ut</strong></span> <span class='ocrx_word' id='word_1_258' title='bbox 1042 2986 1187 3050; x_wconf 83' lang='lat' dir='ltr'><strong>statuisse</strong></span> <span class='ocrx_word' id='word_1_259' title='bbox 1208 3009 1274 3052; x_wconf 86' lang='lat' dir='ltr'><strong>non</strong></span> <span class='ocrx_word' id='word_1_260' title='bbox 1296 3011 1384 3080; x_wconf 78' lang='lat' dir='ltr'><strong>pug-</strong></span> 
     </span>
    </p>
   </div>
   <div class='ocr_carea' id='block_1_12' title="bbox 221 3066 1384 3156">
    <p class='ocr_par' dir='ltr' id='par_1_12' title="bbox 221 3066 1384 3156">
     <span class='ocr_line' id='line_1_34' title="bbox 221 3066 1384 3156; baseline -0.004 -22"><span class='ocrx_word' id='word_1_261' title='bbox 221 3135 223 3140; x_wconf 82' lang='grc'>,</span> <span class='ocrx_word' id='word_1_262' title='bbox 320 3091 397 3133; x_wconf 87' lang='lat' dir='ltr'><strong>nare</strong></span> <span class='ocrx_word' id='word_1_263' title='bbox 418 3066 602 3130; x_wconf 89' lang='lat' dir='ltr'><strong>consulesc</strong></span> <span class='ocrx_word' id='word_1_264' title='bbox 668 3066 747 3130; x_wconf 87' lang='lat' dir='ltr'><strong>itum</strong></span> <span class='ocrx_word' id='word_1_265' title='bbox 768 3078 826 3130; x_wconf 83' lang='lat' dir='ltr'><strong>est.</strong></span> <span class='ocrx_word' id='word_1_266' title='bbox 869 3067 997 3153; x_wconf 81' lang='lat' dir='ltr'><strong>Quippe</strong></span> <span class='ocrx_word' id='word_1_267' title='bbox 1021 3070 1141 3156; x_wconf 90' lang='lat' dir='ltr'><strong>inpune</strong></span> <span class='ocrx_word' id='word_1_268' title='bbox 1155 3095 1189 3136; x_wconf 89' lang='lat' dir='ltr'><strong>se</strong></span> <span class='ocrx_word' id='word_1_269' title='bbox 1208 3073 1384 3144; x_wconf 88' lang='lat' dir='ltr'><strong>insultatu.</strong></span> 
     </span>
    </p>
   </div>
   <div class='ocr_carea' id='block_1_13' title="bbox 315 3151 1385 3848">
    <p class='ocr_par' dir='ltr' id='par_1_13' title="bbox 315 3151 1385 3848">
     <span class='ocr_line' id='line_1_35' title="bbox 319 3151 1384 3250; baseline 0.008 -31"><span class='ocrx_word' id='word_1_270' title='bbox 319 3177 383 3235; x_wconf 88' lang='lat' dir='ltr'><strong>ros,</strong></span> <span class='ocrx_word' id='word_1_271' title='bbox 397 3175 463 3218; x_wconf 89' lang='lat' dir='ltr'><strong>non</strong></span> <span class='ocrx_word' id='word_1_272' title='bbox 479 3151 566 3218; x_wconf 88' lang='lat' dir='ltr'><strong>credi</strong></span> <span class='ocrx_word' id='word_1_273' title='bbox 581 3153 623 3216; x_wconf 89' lang='lat' dir='ltr'><strong>mi</strong></span> <span class='ocrx_word' id='word_1_274' title='bbox 638 3152 674 3216; x_wconf 91' lang='lat' dir='ltr'><strong>iti</strong></span> <span class='ocrx_word' id='word_1_275' title='bbox 688 3172 786 3218; x_wconf 87' lang='lat' dir='ltr'><strong>armo.</strong></span> <span class='ocrx_word' id='word_1_276' title='bbox 804 3175 871 3218; x_wconf 88' lang='lat' dir='ltr'><strong>rem</strong></span> <span class='ocrx_word' id='word_1_277' title='bbox 886 3153 926 3218; x_wconf 94' lang='lat' dir='ltr'><strong>ad</strong></span> <span class='ocrx_word' id='word_1_278' title='bbox 943 3154 1090 3222; x_wconf 88' lang='lat' dir='ltr'><strong>ultimum</strong></span> <span class='ocrx_word' id='word_1_279' title='bbox 1104 3158 1268 3224; x_wconf 88' lang='lat' dir='ltr'><strong>seditionis</strong></span> <span class='ocrx_word' id='word_1_280' title='bbox 1282 3183 1384 3250; x_wconf 86' lang='lat' dir='ltr'><strong>erup-</strong></span> 
     </span>
     <span class='ocr_line' id='line_1_36' title="bbox 320 3237 1382 3328; baseline 0.008 -23"><span class='ocrx_word' id='word_1_281' title='bbox 320 3255 435 3317; x_wconf 86' lang='lat' dir='ltr'><strong>turam,</strong></span> <span class='ocrx_word' id='word_1_282' title='bbox 454 3239 612 3325; x_wconf 87' lang='lat' dir='ltr'><strong>finemque</strong></span> <span class='ocrx_word' id='word_1_283' title='bbox 632 3237 753 3304; x_wconf 88' lang='lat' dir='ltr'><strong>venisse</strong></span> <span class='ocrx_word' id='word_1_284' title='bbox 776 3239 924 3306; x_wconf 89' lang='lat' dir='ltr'><strong>Romano</strong></span> <span class='ocrx_word' id='word_1_285' title='bbox 949 3241 1092 3328; x_wconf 89' lang='lat' dir='ltr'><strong>imperio.</strong></span> <span class='ocrx_word' id='word_1_286' title='bbox 1139 3243 1202 3310; x_wconf 89' lang='lat' dir='ltr'><strong>Hie</strong></span> <span class='ocrx_word' id='word_1_287' title='bbox 1224 3245 1297 3312; x_wconf 87' lang='lat' dir='ltr'><strong>freti</strong></span> <span class='ocrx_word' id='word_1_288' title='bbox 1321 3251 1382 3318; x_wconf 86' lang='lat' dir='ltr'><strong>ob-</strong></span> 
     </span>
     <span class='ocr_line' id='line_1_37' title="bbox 319 3325 1385 3420; baseline 0.012 -28"><span class='ocrx_word' id='word_1_289' title='bbox 319 3339 449 3392; x_wconf 87' lang='lat' dir='ltr'><strong>cursant</strong></span> <span class='ocrx_word' id='word_1_290' title='bbox 467 3325 576 3412; x_wconf 87' lang='lat' dir='ltr'><strong>portis,</strong></span> <span class='ocrx_word' id='word_1_291' title='bbox 591 3326 742 3414; x_wconf 80' lang='lat' dir='ltr'><strong>ingerunt</strong></span> <span class='ocrx_word' id='word_1_292' title='bbox 755 3325 884 3412; x_wconf 87' lang='lat' dir='ltr'><strong>probra,</strong></span> <span class='ocrx_word' id='word_1_293' title='bbox 899 3349 985 3416; x_wconf 86' lang='lat' dir='ltr'><strong>aegre</strong></span> <span class='ocrx_word' id='word_1_294' title='bbox 998 3331 1166 3407; x_wconf 88' lang='lat' dir='ltr'><strong>abstinent,</strong></span> <span class='ocrx_word' id='word_1_295' title='bbox 1182 3332 1259 3420; x_wconf 91' lang='lat' dir='ltr'><strong>quin</strong></span> <span class='ocrx_word' id='word_1_296' title='bbox 1275 3349 1385 3404; x_wconf 80' lang='lat' dir='ltr'><strong>cestre</strong></span> 
     </span>
     <span class='ocr_line' id='line_1_38' title="bbox 317 3411 1382 3505; baseline 0.008 -27"><span class='ocrx_word' id='word_1_297' title='bbox 317 3413 516 3501; x_wconf 82' lang='lat' dir='ltr'><strong>obpugnent.</strong></span> <span class='ocrx_word' id='word_1_298' title='bbox 560 3411 656 3476; x_wconf 87' lang='lat' dir='ltr'><strong>Enim</strong></span> <span class='ocrx_word' id='word_1_299' title='bbox 678 3433 753 3477; x_wconf 82' lang='lat' dir='ltr'><strong>vero</strong></span> <span class='ocrx_word' id='word_1_300' title='bbox 773 3436 840 3477; x_wconf 91' lang='lat' dir='ltr'><strong>non</strong></span> <span class='ocrx_word' id='word_1_301' title='bbox 866 3413 949 3478; x_wconf 91' lang='lat' dir='ltr'><strong>ultra</strong></span> <span class='ocrx_word' id='word_1_302' title='bbox 972 3417 1195 3482; x_wconf 81' lang='lat' dir='ltr'><strong>contumeliam</strong></span> <span class='ocrx_word' id='word_1_303' title='bbox 1217 3420 1286 3505; x_wconf 90' lang='lat' dir='ltr'><strong>pati</strong></span> <span class='ocrx_word' id='word_1_304' title='bbox 1311 3422 1382 3490; x_wconf 88' lang='lat' dir='ltr'><strong>Ro-</strong></span> 
     </span>
     <span class='ocr_line' id='line_1_39' title="bbox 318 3499 1381 3588; baseline 0.011 -22"><span class='ocrx_word' id='word_1_305' title='bbox 318 3522 432 3566; x_wconf 86' lang='lat' dir='ltr'><strong>manus</strong></span> <span class='ocrx_word' id='word_1_306' title='bbox 456 3521 564 3586; x_wconf 88' lang='lat' dir='ltr'><strong>posse:</strong></span> <span class='ocrx_word' id='word_1_307' title='bbox 587 3499 661 3564; x_wconf 90' lang='lat' dir='ltr'><strong>totis</strong></span> <span class='ocrx_word' id='word_1_308' title='bbox 687 3501 796 3564; x_wconf 88' lang='lat' dir='ltr'><strong>castris</strong></span> <span class='ocrx_word' id='word_1_309' title='bbox 820 3499 961 3588; x_wconf 88' lang='lat' dir='ltr'><strong>undique</strong></span> <span class='ocrx_word' id='word_1_310' title='bbox 985 3501 1026 3566; x_wconf 86' lang='lat' dir='ltr'><strong>sd</strong></span> <span class='ocrx_word' id='word_1_311' title='bbox 1051 3503 1196 3568; x_wconf 89' lang='lat' dir='ltr'><strong>consules</strong></span> <span class='ocrx_word' id='word_1_312' title='bbox 1225 3505 1381 3578; x_wconf 80' lang='lat' dir='ltr'><strong>curritur.</strong></span> 
     </span>
     <span class='ocr_line' id='line_1_40' title="bbox 317 3587 1381 3679; baseline 0.008 -26"><span class='ocrx_word' id='word_1_313' title='bbox 317 3610 382 3654; x_wconf 88' lang='lat' dir='ltr'><strong>nou</strong></span> <span class='ocrx_word' id='word_1_314' title='bbox 391 3589 460 3676; x_wconf 86' lang='lat' dir='ltr'><strong>jam</strong></span> <span class='ocrx_word' id='word_1_315' title='bbox 475 3587 599 3663; x_wconf 88' lang='lat' dir='ltr'><strong>sensim,</strong></span> <span class='ocrx_word' id='word_1_316' title='bbox 614 3599 748 3665; x_wconf 85' lang='lat' dir='ltr'><strong>utente,</strong></span> <span class='ocrx_word' id='word_1_317' title='bbox 763 3608 819 3672; x_wconf 87' lang='lat' dir='ltr'><strong>per</strong></span> <span class='ocrx_word' id='word_1_318' title='bbox 841 3587 1062 3654; x_wconf 89' lang='lat' dir='ltr'><strong>centurionum</strong></span> <span class='ocrx_word' id='word_1_319' title='bbox 1083 3590 1186 3676; x_wconf 88' lang='lat' dir='ltr'><strong>princi</strong></span> <span class='ocrx_word' id='word_1_320' title='bbox 1211 3613 1243 3658; x_wconf 86' lang='lat' dir='ltr'><strong>es</strong></span> <span class='ocrx_word' id='word_1_321' title='bbox 1264 3608 1381 3679; x_wconf 89' lang='lat' dir='ltr'><strong>postu·</strong></span> 
     </span>
     <span class='ocr_line' id='line_1_41' title="bbox 317 3672 1380 3763; baseline 0.011 -26"><span class='ocrx_word' id='word_1_322' title='bbox 317 3674 404 3751; x_wconf 86' lang='lat' dir='ltr'><strong>lunt;</strong></span> <span class='ocrx_word' id='word_1_323' title='bbox 426 3674 479 3744; x_wconf 90' lang='lat' dir='ltr'><strong>sed</strong></span> <span class='ocrx_word' id='word_1_324' title='bbox 508 3674 624 3758; x_wconf 87' lang='lat' dir='ltr'><strong>psssim</strong></span> <span class='ocrx_word' id='word_1_325' title='bbox 653 3693 762 3736; x_wconf 85' lang='lat' dir='ltr'><strong>omnes</strong></span> <span class='ocrx_word' id='word_1_326' title='bbox 791 3672 985 3738; x_wconf 86' lang='lat' dir='ltr'><strong>clamoribus</strong></span> <span class='ocrx_word' id='word_1_327' title='bbox 1013 3689 1122 3763; x_wconf 79' lang='lat' dir='ltr'><strong>agunt.</strong></span> <span class='ocrx_word' id='word_1_328' title='bbox 1208 3691 1302 3745; x_wconf 85' lang='lat' dir='ltr'><strong>stura</strong></span> <span class='ocrx_word' id='word_1_329' title='bbox 1326 3705 1380 3750; x_wconf 87' lang='lat' dir='ltr'><strong>res</strong></span> 
     </span>
     <span class='ocr_line' id='line_1_42' title="bbox 315 3759 1379 3848; baseline 0.01 -22"><span class='ocrx_word' id='word_1_330' title='bbox 315 3774 402 3838; x_wconf 79' lang='lat' dir='ltr'><strong>erat3</strong></span> <span class='ocrx_word' id='word_1_331' title='bbox 424 3760 675 3848; x_wconf 82' lang='lat' dir='ltr'><strong>tergiversantur</strong></span> <span class='ocrx_word' id='word_1_332' title='bbox 691 3771 805 3824; x_wconf 83' lang='lat' dir='ltr'><strong>tamen.</strong></span> <span class='ocrx_word' id='word_1_333' title='bbox 852 3759 970 3824; x_wconf 83' lang='lat' dir='ltr'><strong>Fabius</strong></span> <span class='ocrx_word' id='word_1_334' title='bbox 985 3760 1110 3844; x_wconf 85' lang='lat' dir='ltr'><strong>deiude,</strong></span> <span class='ocrx_word' id='word_1_335' title='bbox 1124 3763 1166 3828; x_wconf 93' lang='lat' dir='ltr'><strong>ad</strong></span> <span class='ocrx_word' id='word_1_336' title='bbox 1181 3781 1379 3836; x_wconf 86' lang='lat' dir='ltr'><strong>crescentem</strong></span> 
     </span>
    </p>
   </div>
   <div class='ocr_carea' id='block_1_14' title="bbox 487 3879 1198 3932">
    <p class='ocr_par' dir='ltr' id='par_1_14' title="bbox 487 3879 1198 3932">
     <span class='ocr_line' id='line_1_43' title="bbox 487 3879 1198 3932; baseline 0.008 -6"><span class='ocrx_word' id='word_1_337' title='bbox 487 3886 501 3926; x_wconf 80' lang='grc'><strong><em>1</em></strong></span> <span class='ocrx_word' id='word_1_338' title='bbox 512 3880 655 3928; x_wconf 68' lang='lat' dir='ltr'><strong>metantur</strong></span> <span class='ocrx_word' id='word_1_339' title='bbox 665 3879 739 3926; x_wconf 78' lang='lat' dir='ltr'><strong>Gron.</strong></span> <span class='ocrx_word' id='word_1_340' title='bbox 751 3880 819 3928; x_wconf 72' lang='lat' dir='ltr'><strong>Creu.</strong></span> <span class='ocrx_word' id='word_1_341' title='bbox 951 3885 965 3913; x_wconf 75' lang='lat'>²</span> <span class='ocrx_word' id='word_1_342' title='bbox 975 3881 1120 3930; x_wconf 81' lang='lat' dir='ltr'><strong>mrrltitudinl</strong></span> <span class='ocrx_word' id='word_1_343' title='bbox 1130 3883 1198 3932; x_wconf 76' lang='lat' dir='ltr'><strong>naeu.</strong></span> 
     </span>
    </p>
   </div>
   <div class='ocr_carea' id='block_1_15' title="bbox 309 3976 1377 4494">
    <p class='ocr_par' dir='ltr' id='par_1_15' title="bbox 309 3976 1377 4429">
     <span class='ocr_line' id='line_1_44' title="bbox 346 3976 980 4042; baseline -0.005 -15"><span class='ocrx_word' id='word_1_344' title='bbox 346 3980 378 4027; x_wconf 80' lang='grc'><strong>58</strong></span> <span class='ocrx_word' id='word_1_345' title='bbox 398 3977 563 4042; x_wconf 74' lang='lat' dir='ltr'><strong>rmetanrur]</strong></span> <span class='ocrx_word' id='word_1_346' title='bbox 597 3977 687 4024; x_wconf 76' lang='lat' dir='ltr'><strong>Parum</strong></span> <span class='ocrx_word' id='word_1_347' title='bbox 719 3976 827 4026; x_wconf 83' lang='lat' dir='ltr'><strong>interest.</strong></span> <span class='ocrx_word' id='word_1_348' title='bbox 858 3979 980 4027; x_wconf 71' lang='lat' dir='ltr'><strong>inndem.</strong></span> 
     </span>
     <span class='ocr_line' id='line_1_45' title="bbox 314 4041 1377 4118; baseline -0.006 -24"><span class='ocrx_word' id='word_1_349' title='bbox 314 4047 361 4094; x_wconf 88' lang='lat' dir='ltr'><strong>Sed</strong></span> <span class='ocrx_word' id='word_1_350' title='bbox 383 4051 465 4092; x_wconf 69' lang='lat' dir='ltr'><strong>nmen</strong></span> <span class='ocrx_word' id='word_1_351' title='bbox 487 4042 622 4104; x_wconf 71' lang='lat' dir='ltr'><strong>elegantius</strong></span> <span class='ocrx_word' id='word_1_352' title='bbox 644 4041 740 4088; x_wconf 84' lang='lat' dir='ltr'><strong>videtur</strong></span> <span class='ocrx_word' id='word_1_353' title='bbox 761 4044 826 4101; x_wconf 80' lang='lat' dir='ltr'><strong>quod</strong></span> <span class='ocrx_word' id='word_1_354' title='bbox 891 4044 924 4091; x_wconf 86' lang='grc'><strong>60</strong></span> <span class='ocrx_word' id='word_1_355' title='bbox 939 4043 1076 4093; x_wconf 77' lang='lat' dir='ltr'><strong>Rnnedisrn</strong></span> <span class='ocrx_word' id='word_1_356' title='bbox 1098 4049 1200 4118; x_wconf 60' lang='lat' dir='ltr'><strong>mmm]</strong></span> <span class='ocrx_word' id='word_1_357' title='bbox 1234 4053 1377 4106; x_wconf 62' lang='lat' dir='ltr'><strong>Amadum</strong></span> 
     </span>
     <span class='ocr_line' id='line_1_46' title="bbox 312 4105 1133 4164; baseline -0.001 -7"><span class='ocrx_word' id='word_1_358' title='bbox 312 4109 449 4157; x_wconf 82' lang='lat' dir='ltr'><strong>Gronovius</strong></span> <span class='ocrx_word' id='word_1_359' title='bbox 465 4121 495 4155; x_wconf 88' lang='lat' dir='ltr'><strong>ex</strong></span> <span class='ocrx_word' id='word_1_360' title='bbox 512 4109 588 4154; x_wconf 83' lang='lat' dir='ltr'><strong>tribus</strong></span> <span class='ocrx_word' id='word_1_361' title='bbox 607 4105 678 4152; x_wconf 87' lang='lat' dir='ltr'>MSS.</span> <span class='ocrx_word' id='word_1_362' title='bbox 689 4107 770 4164; x_wconf 75' lang='lat' dir='ltr'><strong>affert,</strong></span> <span class='ocrx_word' id='word_1_363' title='bbox 780 4111 826 4154; x_wconf 88' lang='lat' dir='ltr'><strong>ter·</strong></span> <span class='ocrx_word' id='word_1_364' title='bbox 858 4107 1033 4155; x_wconf 78' lang='lat' dir='ltr'><strong>dissimulando</strong></span> <span class='ocrx_word' id='word_1_365' title='bbox 1044 4111 1133 4160; x_wconf 80' lang='lat' dir='ltr'><strong>timori.</strong></span> 
     </span>
     <span class='ocr_line' id='line_1_47' title="bbox 310 4171 1377 4240; baseline 0.005 -20"><span class='ocrx_word' id='word_1_366' title='bbox 310 4175 382 4232; x_wconf 75' lang='lat' dir='ltr'><strong>rebat,</strong></span> <span class='ocrx_word' id='word_1_367' title='bbox 397 4187 484 4233; x_wconf 83' lang='lat' dir='ltr'><strong>uenrpe</strong></span> <span class='ocrx_word' id='word_1_368' title='bbox 502 4171 567 4232; x_wconf 82' lang='lat' dir='ltr'><strong>ipsos</strong></span> <span class='ocrx_word' id='word_1_369' title='bbox 586 4171 703 4217; x_wconf 86' lang='lat' dir='ltr'><strong>consules.</strong></span> <span class='ocrx_word' id='word_1_370' title='bbox 738 4171 826 4218; x_wconf 81' lang='lat' dir='ltr'><strong>Duos</strong></span> <span class='ocrx_word' id='word_1_371' title='bbox 849 4231 852 4238; x_wconf 21' lang='grc' dir='ltr'><strong>Δ</strong></span> <span class='ocrx_word' id='word_1_372' title='bbox 890 4171 919 4220; x_wconf 83' lang='grc'><strong>61</strong></span> <span class='ocrx_word' id='word_1_373' title='bbox 940 4172 1069 4240; x_wconf 68' lang='lat' dir='ltr'><strong>confidere]</strong></span> <span class='ocrx_word' id='word_1_374' title='bbox 1097 4177 1206 4227; x_wconf 71' lang='lat' dir='ltr'><strong>Militum</strong></span> <span class='ocrx_word' id='word_1_375' title='bbox 1231 4185 1322 4232; x_wconf 68' lang='lat' dir='ltr'><strong>animia</strong></span> <span class='ocrx_word' id='word_1_376' title='bbox 1348 4199 1377 4234; x_wconf 65' lang='grc' dir='ltr'><strong>ω</strong></span> 
     </span>
     <span class='ocr_line' id='line_1_48' title="bbox 311 4235 1216 4294; baseline 0.009 -9"><span class='ocrx_word' id='word_1_377' title='bbox 311 4239 399 4285; x_wconf 84' lang='lat' dir='ltr'><strong>nostris</strong></span> <span class='ocrx_word' id='word_1_378' title='bbox 424 4237 492 4284; x_wconf 88' lang='lat' dir='ltr'><strong>codd.</strong></span> <span class='ocrx_word' id='word_1_379' title='bbox 516 4235 687 4283; x_wconf 80' lang='lat' dir='ltr'><strong>consentiunte</strong></span> <span class='ocrx_word' id='word_1_380' title='bbox 713 4237 825 4282; x_wconf 88' lang='lat' dir='ltr'><strong>omnium</strong></span> <span class='ocrx_word' id='word_1_381' title='bbox 856 4237 944 4283; x_wconf 85' lang='lat' dir='ltr'><strong>robori.</strong></span> <span class='ocrx_word' id='word_1_382' title='bbox 979 4237 1077 4286; x_wconf 78' lang='lat' dir='ltr'><strong>Credere</strong></span> <span class='ocrx_word' id='word_1_383' title='bbox 1088 4244 1216 4294; x_wconf 82' lang='lat' dir='ltr'><strong>voluntati.</strong></span> 
     </span>
     <span class='ocr_line' id='line_1_49' title="bbox 310 4298 1375 4380; baseline 0.012 -30"><span class='ocrx_word' id='word_1_384' title='bbox 310 4302 493 4364; x_wconf 76' lang='lat' dir='ltr'><strong>antiquissimus</strong></span> <span class='ocrx_word' id='word_1_385' title='bbox 508 4301 593 4347; x_wconf 86' lang='lat' dir='ltr'><strong>eodem</strong></span> <span class='ocrx_word' id='word_1_386' title='bbox 610 4298 704 4353; x_wconf 90' lang='lat' dir='ltr'><strong>alludit,</strong></span> <span class='ocrx_word' id='word_1_387' title='bbox 715 4299 825 4346; x_wconf 80' lang='lat' dir='ltr'><strong>exhibet·</strong></span> <span class='ocrx_word' id='word_1_388' title='bbox 889 4299 922 4348; x_wconf 79' lang='lat'><strong>62</strong></span> <span class='ocrx_word' id='word_1_389' title='bbox 937 4299 975 4347; x_wconf 74' lang='lat' dir='ltr'><strong>Aa</strong></span> <span class='ocrx_word' id='word_1_390' title='bbox 1006 4301 1121 4353; x_wconf 74' lang='lat' dir='ltr'><strong>intestinis</strong></span> <span class='ocrx_word' id='word_1_391' title='bbox 1155 4313 1259 4362; x_wconf 70' lang='lat' dir='ltr'><strong>unnim</strong></span> <span class='ocrx_word' id='word_1_392' title='bbox 1292 4315 1375 4380; x_wconf 72' lang='lat' dir='ltr'><strong>nolu]</strong></span> 
     </span>
     <span class='ocr_line' id='line_1_50' title="bbox 309 4361 1290 4429; baseline -0.001 -7"><span class='ocrx_word' id='word_1_393' title='bbox 309 4366 461 4429; x_wconf 68' lang='lat' dir='ltr'><strong>quereretur.</strong></span> <span class='ocrx_word' id='word_1_394' title='bbox 857 4361 952 4414; x_wconf 74' lang='lat' dir='ltr'><strong>Sensim</strong></span> <span class='ocrx_word' id='word_1_395' title='bbox 964 4371 1209 4423; x_wconf 74' lang='lat' dir='ltr'><strong>arocueucivilibus</strong></span> <span class='ocrx_word' id='word_1_396' title='bbox 1220 4377 1290 4426; x_wconf 72' lang='lat' dir='ltr'><strong>oeus.</strong></span> 
     </span>
    </p>

    <p class='ocr_par' dir='ltr' id='par_1_16' title="bbox 341 4427 1282 4494">
     <span class='ocr_line' id='line_1_51' title="bbox 341 4427 1282 4494; baseline -0.015 -13"><span class='ocrx_word' id='word_1_397' title='bbox 341 4432 374 4481; x_wconf 79' lang='grc'><strong>59</strong></span> <span class='ocrx_word' id='word_1_398' title='bbox 389 4430 486 4494; x_wconf 84' lang='lat' dir='ltr'><strong>Averri]</strong></span> <span class='ocrx_word' id='word_1_399' title='bbox 515 4431 538 4478; x_wconf 75' lang='lat' dir='ltr'>A</span> <span class='ocrx_word' id='word_1_400' title='bbox 563 4429 663 4477; x_wconf 86' lang='lat' dir='ltr'><strong>consilio</strong></span> <span class='ocrx_word' id='word_1_401' title='bbox 690 4427 824 4488; x_wconf 86' lang='lat' dir='ltr'><strong>prodeundi</strong></span> <span class='ocrx_word' id='word_1_402' title='bbox 1280 4445 1282 4450; x_wconf 68' lang='lat'><strong>,</strong></span> 
     </span>
    </p>
   </div>
   <div class='ocr_carea' id='block_1_16' title="bbox 0 0 1494 4918">
    <p class='ocr_par' dir='ltr' id='par_1_17' title="bbox 0 0 1494 4918">
     <span class='ocr_line' id='line_1_52' title="bbox 0 0 1494 4918; baseline 0 1"><span class='ocrx_word' id='word_1_403' title='bbox 0 0 1494 4918; x_wconf 95' lang='lat' dir='ltr'><strong> </strong></span> 
     </span>
    </p>
   </div>
  </div>
 </body>
</html>
