3032 4924
331 149 387 204 sss
641 183 643 190 .
717 143 828 203 riri
860 141 995 202 srvn
1036 117 1037 120 ‘

170 322 303 374 incest.
329 303 423 366 urbes
448 315 530 380 sunt,
547 301 687 386 telmon
708 314 837 366 tenuere
856 298 966 382 Libui)
992 299 1168 366 considunt.
1189 297 1301 384 epau
1325 297 1385 362 bos

169 389 199 436 A
211 389 237 436 ⁶·
248 389 303 436 389-
321 387 474 467 ¹Salluvii,
489 409 589 473 prope
607 389 767 473 antiquom
824 398 909 452 ntem
926 385 1038 450 Laevos
1054 385 1196 470 Ligures,
1213 385 1385 451 incolentes

190 491 192 496 ·
329 477 413 538 circe
430 473 579 538 Ticinum
602 495 737 538 emnem.
758 472 785 512 ³⁹
823 474 918 536 enine
937 472 1050 536 deinde
1070 472 1143 536 Boii
1161 473 1385 558 Lingonesque

329 559 525 648 transgressi,
542 581 638 643 quum
656 560 723 644 jum
745 559 827 624 inter
845 558 965 622 Padum
988 571 1019 622 ut
1042 581 1081 622 ue
1095 559 1192 642 Alpes
1207 559 1319 621 omnia
1340 573 1386 620 te·

274 664 278 671 ·
329 659 490 722 serentur,
515 645 603 712 Pado
630 647 748 708 ratibus
773 645 914 730 trajecto,
935 665 998 706 non
1020 581 1174 708 btruscos
1198 642 1308 720 modo,
1329 641 1388 706 sed

329 733 422 796 etism
440 731 590 808 Umbros,
606 751 683 816 egro
705 729 842 815 pellunt:
866 730 949 793 intra
964 731 1170 814 Apenninum
1191 745 1299 792 temen
1321 751 1388 792 sese

330 832 469 888 tenuere.
500 817 587 881 Tum
602 817 754 894 Senones,
770 815 972 880 recentissimi
987 814 1191 891 advenarum,
1206 815 1247 879 sb
1265 813 1389 880 Utente

329 903 458 968 flumine
483 925 582 988 usque
606 902 647 968 sd
670 901 811 966 ⁴⁰AEsim
835 901 913 966 fines
941 899 1089 965 habuere.
1134 899 1233 965 Hanc
1254 913 1387 987 gentem

331 988 485 1066 Clusium,
503 987 799 1074 Romamqueinde,
815 988 933 1052 venisse
947 988 1115 1071 comperio.
1137 987 1171 1050 id
1188 1009 1303 1070 perum
1318 1007 1390 1050 cer-s

331 1087 399 1140 tum
421 1088 478 1153 est,
500 1075 650 1154 solamne,
671 1095 711 1138 an
733 1075 774 1136 eb
797 1073 943 1138 omuibus
958 1072 1192 1157 Cisalpinorum
1215 1071 1388 1138 Gallorum

169 1173 298 1286 iiiiii
330 1160 623 1313 lllllilljuill
645 1157 1390 1312 ..lllllllll‘ltllllll’ultimi.
1428 1239 1433 1254 ¹

168 1303 276 1363 pugnae.
331 1270 432 1421 gebul
444 1269 617 1409 eruldium,
632 1331 847 1416 audirentque,
862 1352 945 1414 soepe
966 1329 1006 1393 eb
1022 1331 1069 1407 iis,
1085 1330 1130 1394 cis
1147 1329 1273 1394 Padum
1287 1329 1387 1395 ultra·

331 1441 401 1507 que,
425 1419 563 1504 legiones
585 1419 792 1482 Etruscorum
816 1417 908 1494 susus,
931 1437 1122 1502 quemquem
1147 1415 1299 1480 adversus
1321 1416 1388 1480 Ro·

331 1527 441 1570 menos
462 1503 584 1569 nullum
604 1503 648 1568 eis
668 1505 722 1588 jus
742 1503 898 1568 societatis
919 1500 1103 1566 amicitiaeve
1123 1502 1388 1589 erm,11isi,qnod

330 1591 475 1655 Veientes
496 1589 745 1675 consanguineos
767 1589 915 1652 adversus
939 1586 1092 1673 populum
1116 1587 1299 1652 Romanum
1322 1610 1387 1652 non

169 1682 298 1746 ¹⁴0s⁸1⁰⁸²
329 1676 550 1753 defendissent,
565 1674 683 1824 legqgos
701 1675 847 1750 Romam,
864 1675 917 1760 qui
939 1672 1093 1738 auxilium
1112 1673 1153 1738 sb
1167 1689 1279 1738 senatu
1298 1691 1388 1759 pete·

168 1748 292 1860 ffffi
331 1775 411 1838 rent,
432 1761 554 1824 misere.
671 1761 788 1824 auxilio
811 1759 890 1824 nillil
914 1759 1117 1845 inpetratum.
1140 1759 1233 1847 legati
1257 1773 1320 1824 tres
1337 1759 1385 1825 M.

166 1877 298 1938 inpetrem.
333 1847 424 1913 Fabii
448 1846 594 1911 Ambusti
619 1845 676 1909 filii
701 1846 798 1924 missi,
824 1847 878 1932 qui
903 1858 1027 1910 senatus
1051 1844 1225 1931 populique
1249 1847 1388 1910 Romani

332 1933 463 1999 nomine
484 1943 614 2019 agerent
634 1953 708 1996 cum
725 1931 835 2007 Gallis,
851 1953 937 2008 ne,a
959 1931 1072 2017 quibus
1094 1931 1213 1994 nullam
1236 1931 1388 2016 injuriam

330 2017 780 2168 ³⁰⁰⁶l⁹⁵tltt⁰llllll1ll
806 2017 1390 2179 llllititltlltlltttt

330 2118 513 2256 lddtinelius
528 2190 637 2272 visum,
652 2189 768 2256 bellum
784 2125 888 2274 ipisulb
903 2147 1052 2268 timereri,
1066 2127 1099 2252 si
1113 2202 1239 2273 posset3
1260 2202 1294 2254 et
1309 2151 1388 2256 Gal-⁸

330 2277 388 2356 los,
403 2297 516 2342 novum
531 2289 669 2364 gentem,
684 2297 762 2362 psoe
777 2276 880 2361 potius
894 2275 1051 2362 cognosci,
1066 2297 1161 2362 quem
1175 2277 1282 2340 ermis.
1364 2358 1370 2366 Ι

703 2469 718 2500 ¹
726 2467 847 2514 uacuas
857 2468 932 2516 Groo.
943 2469 1013 2514 Grev.

331 2635 417 2681 tltulus
438 2639 475 2680 ost
501 2631 589 2680 Verum
612 2631 737 2692 laeam,
758 2633 842 2680 multis
874 2639 940 2681 totus
965 2634 1005 2679 bic
1032 2633 1099 2679 locus
1127 2632 1198 2679 torsit
1222 2631 1389 2693 Geogrsphes.

330 2700 415 2758 probet
434 2697 557 2744 Veronam
578 2697 771 2744 Cenomanorum
793 2711 841 2744 non
875 2697 939 2746 Eum
954 2698 1099 2744 serisseris
1115 2694 1259 2758 conjecturis
1272 2697 1388 2744 sollicita-

330 2763 420 2808 t'uisser
451 2773 495 2808 nec
523 2761 664 2820 spernendis
693 2762 841 2820 argumentis
874 2769 974 2816 verunt3
1002 2761 1033 2806 sd
1058 2761 1177 2822 liquidum
1199 2761 1342 2808 emendme
1364 2773 1389 2807 se

330 2825 453 2878 convellit,
461 2824 577 2884 quidquid
588 2837 602 2869 e
613 2825 732 2870 veteribus
742 2827 842 2884 scripto·
872 2827 970 2872 conlidit
991 2824 1044 2873 Jec.
1065 2825 1210 2882 Gronovius,
1228 2825 1261 2870 1¹.
1285 2825 1387 2872 Dissert.

330 2889 397 2935 ribus
407 2889 507 2934 effertur
517 2889 547 2932 ad
557 2887 754 2934 contribuendum
765 2889 842 2934 Genu·
875 2887 975 2948 Epistol.
993 2889 1024 2934 sd
1044 2890 1134 2936 calcem
1155 2887 1188 2936 ll.
1205 2889 1267 2936 tomi
1283 2889 1386 2936 Liviani·

330 2953 410 2999 menis
424 2951 491 2997 illem
506 2953 598 3006 urbem.
632 2951 705 2998 Hunc
718 2954 842 3011 speciatim
875 2953 962 3000 Utrum
973 2967 1011 3018 res
1026 2953 1048 3000 ei
1063 2954 1244 3000 nicemserltex
1259 2954 1387 3006 sententie,

331 3016 395 3064 Ltvit
417 3018 497 3062 locum
515 3019 613 3072 tractat,
633 3021 657 3060 et
676 3017 842 3076 retingendum
874 3017 976 3064 eliorum
987 3011 1154 3078 sitjudicium.
1188 3015 1240 3064 Nos
1253 3031 1332 3065 unum
1342 3017 1387 3064 hoe

331 3085 413 3126 censet
421 3093 451 3126 ex
461 3077 548 3136 Plinio,
558 3080 600 3140 qui
608 3081 624 3125 l.
635 3079 682 3125 lll.
692 3093 712 3126 c.
722 3079 760 3126 19.
773 3081 842 3128 Brix-
874 3081 974 3128 offendit
990 3083 1015 3128 in
1030 3081 1128 3141 vulgata
1144 3083 1254 3135 lectione.
1266 3085 1334 3142 quod
1344 3081 1387 3126 st-

331 3143 381 3190 iem
402 3149 427 3189 et
447 3145 591 3189 cremonam
612 3143 756 3190 Cenomsnis
774 3147 843 3191 attri-
874 3145 916 3191 bul
931 3147 1044 3194 dicuntur
1060 3159 1100 3191 sos
1115 3146 1220 3192 tenuisse
1236 3147 1297 3194 olirn
1314 3147 1386 3200 locos,

330 3207 393 3262 buit,
405 3207 529 3254 Veronam
541 3207 626 3254 libetis
637 3207 764 3266 Euganeis.
795 3209 842 3256 ilic
874 3210 916 3268 qui
947 3223 962 3256 s
993 3209 1136 3257 Cenomanis
1168 3209 1278 3269 occupati
1314 3213 1385 3260 suntr

331 3271 406 3332 lgltur
415 3272 501 3319 itidem
511 3273 639 3333 legendum
650 3271 842 3332 putsbudlnsnc
874 3285 950 3333 quum
971 3273 1102 3321 Libuorum
1125 3274 1242 3333 populum
1265 3273 1387 3320 Gellimsm

331 3335 419 3384 Bursa
440 3340 462 3384 si
482 3336 594 3383 Cremona
616 3336 680 3384 urta
701 3341 762 3384 sunt.
794 3337 842 3391 Qut
873 3349 934 3395 esee,
951 3345 975 3384 et
993 3338 1120 3384 incoluisse
1138 3339 1190 3384 locu
1206 3338 1313 3400 Alpibus
1330 3340 1388 3386 sub·

330 3413 382 3447 rem
399 3401 504 3460 penitius
518 3401 635 3460 inspicere
651 3401 761 3460 cupierit,
773 3402 842 3448 adeat
871 3395 937 3462 jecta
952 3403 1015 3448 inira
1026 3401 1133 3448 belesme
1148 3401 1237 3447 indicet
1250 3401 1336 3448 Livius
1352 3403 1388 3461 ip·

331 3464 412 3524 ipsum
424 3465 507 3511 Mallei
518 3464 685 3510 doctissimum
695 3467 769 3525 opus.
874 3477 909 3520 se,
925 3465 942 3513 l.
959 3465 1034 3513 XXl.
1049 3465 1120 3512 ess
1154 3465 1273 3512 Salluvios
1289 3479 1347 3512 cum
1362 3465 1388 3513 J.

363 3527 395 3576 37
412 3529 483 3575 Locos
501 3535 593 3574 tenuere
607 3527 689 3592 suut]
706 3530 771 3582 Quos
788 3528 841 3588 qui·
876 3527 915 3576 Fr.
926 3529 1047 3588 Gronoyio
1065 3529 1232 3575 existimemus
1252 3530 1277 3574 ln
1298 3543 1388 3576 nomen

331 3594 387 3640 dem
400 3593 464 3640 locos
480 3597 551 3640 entes
564 3593 678 3639 tenebunt
689 3590 768 3640 Libui.
798 3592 843 3638 Ge·
875 3590 1013 3652 besorum,
1035 3594 1122 3654 qulbus
1145 3603 1171 3638 se
1192 3594 1386 3652 imminuerem,

331 3663 411 3703 terum
430 3669 468 3702 res
490 3667 538 3702 non
559 3664 625 3702 caret
646 3655 794 3711 difficultate,
814 3664 842 3704 ut
875 3659 995 3704 messe.
1057 3706 1062 3715 ,

330 3721 516 3768 moxdtoemus.
681 3743 683 3748 ,
906 3721 939 3768 39
955 3719 1057 3783 Penius]
1089 3720 1163 3782 sugo.
1196 3721 1267 3768 Unde
1298 3736 1387 3770 nomen

362 3783 395 3832 88
412 3783 469 3830 Post
486 3783 527 3831 isos
542 3783 653 3847 Salluvii]
673 3783 783 3841 Salluvii,
800 3785 841 3844 qui
874 3785 976 3844 Alpibus
990 3786 1096 3832 inditum
1111 3785 1143 3830 sit
1154 3785 1255 3832 Petrinis
1266 3787 1337 3834 docet
1349 3787 1390 3836 ll·

326 3851 380 3908 post
406 3847 446 3894 ilos
472 3848 596 3906 tramiere,
620 3849 748 3895 considunt
771 3861 843 3908 prope
875 3851 928 3896 vius
940 3851 996 3896 ibid.
1304 3884 1309 3890 .

329 3913 449 3971 antiquioris
462 3917 554 3972 gentem
573 3912 651 3959 Loevos
665 3911 774 3972 Ligures,
792 3912 842 3958 sive
906 3913 938 3959 40
953 3913 1042 3978 AEeim]
1064 3913 1131 3962 Olim
1152 3911 1267 3960 Athesim.
1302 3917 1388 3963 cone-

330 3988 344 4020 e
372 3975 490 4033 Ligurum
517 3987 614 4036 genere,
638 3976 757 4023 timentes
781 3977 843 4022 circe
874 3977 911 4022 xit
933 3977 1054 4038 Sigonius,
1075 3977 1115 4025 cui
1142 3978 1303 4038 adstipuletur
1326 3981 1389 4028 enti-

331 4037 440 4086 ssclaum
455 4051 553 4086 omnem.
586 4039 698 4102 Sigonius
714 4046 738 4085 et
750 4039 843 4084 Grono-
874 4042 1005 4100 quissimus
1020 4055 1034 4088 e
1050 4040 1138 4088 neseis
1156 4043 1224 4088 codd·
1246 4045 1335 4090 esteris
1350 4057 1391 4090 eo-

330 4103 385 4149 vius
406 4103 493 4148 docent
514 4104 538 4148 ln
561 4105 724 4165 compluribus
747 4104 842 4163 seriptis
874 4105 929 4150 dem
951 4107 1121 4154 alludentibus.
1152 4105 1215 4151 stols
1235 4118 1251 4152 e
1271 4107 1389 4155 Smbone

330 4167 412 4212 heberi
435 4169 523 4225 preter
548 4169 673 4227 neutiquam
707 4163 800 4220 Quibus
822 4169 842 4214 si
874 4165 1278 4220 incimmemmaum
1294 4185 1311 4219 ι
1325 4179 1388 4220 oete·

329 4229 420 4290 eliquid
438 4230 545 4276 dandum
564 4238 609 4286 est,
624 4233 733 4292 legamus
749 4236 844 4290 propter
875 4245 902 4278 rs
913 4232 991 4279 ltslis.
1388 4260 1391 4276 ·

328 4295 415 4340 eodem
442 4303 513 4340 unsu
537 4309 589 4356 quo
611 4309 690 4356 prope.
729 4297 843 4342 Cetes'ttm
1329 4328 1334 4338 ·
1357 4329 1359 4338 ι
