<?xml version="1.0" encoding="UTF-8"?>
<!DOCTYPE html PUBLIC "-//W3C//DTD XHTML 1.0 Transitional//EN"
    "http://www.w3.org/TR/xhtml1/DTD/xhtml1-transitional.dtd">
<html xmlns="http://www.w3.org/1999/xhtml" xml:lang="en" lang="en">
 <head>
  <title>
</title>
<meta http-equiv="Content-Type" content="text/html;charset=utf-8" />
  <meta name='ocr-system' content='tesseract 3.04.00' />
  <meta name='ocr-capabilities' content='ocr_page ocr_carea ocr_par ocr_line ocrx_word'/>
</head>
<body>
  <div class='ocr_page' id='page_1' title='image "./tliviipatavinih02crevgoog_0595.png"; bbox 0 0 3034 4916; ppageno 0'>
   <div class='ocr_carea' id='block_1_1' title="bbox 310 134 998 230">
    <p class='ocr_par' dir='ltr' id='par_1_1' title="bbox 310 134 998 230">
     <span class='ocr_line' id='line_1_1' title="bbox 310 134 998 230; baseline -0.009 -22"><span class='ocrx_word' id='word_1_1' title='bbox 310 151 367 208; x_wconf 74' lang='lat' dir='ltr'><strong>sss</strong></span> <span class='ocrx_word' id='word_1_2' title='bbox 695 134 834 202; x_wconf 69' lang='lat' dir='ltr'><strong>ntur</strong></span> <span class='ocrx_word' id='word_1_3' title='bbox 857 139 998 230; x_wconf 14' lang='lat' dir='ltr'><strong>*mvn</strong></span> 
     </span>
    </p>
   </div>
   <div class='ocr_carea' id='block_1_2' title="bbox 148 304 1372 498">
    <p class='ocr_par' dir='ltr' id='par_1_2' title="bbox 148 304 1372 498">
     <span class='ocr_line' id='line_1_2' title="bbox 148 304 1371 396; baseline -0.002 -24"><span class='ocrx_word' id='word_1_4' title='bbox 148 319 284 372; x_wconf 80' lang='lat' dir='ltr'><strong>u.c.ttr.</strong></span> <span class='ocrx_word' id='word_1_5' title='bbox 307 311 341 376; x_wconf 93' lang='lat' dir='ltr'><strong>in</strong></span> <span class='ocrx_word' id='word_1_6' title='bbox 364 307 502 374; x_wconf 89' lang='lat' dir='ltr'><strong>bostium</strong></span> <span class='ocrx_word' id='word_1_7' title='bbox 516 307 658 372; x_wconf 86' lang='lat' dir='ltr'><strong>exercitu</strong></span> <span class='ocrx_word' id='word_1_8' title='bbox 672 305 850 392; x_wconf 74' lang='lat' dir='ltr'><strong>¹*peditum</strong></span> <span class='ocrx_word' id='word_1_9' title='bbox 863 306 1074 396; x_wconf 77' lang='lat' dir='ltr'><strong>quadraginta</strong></span> <span class='ocrx_word' id='word_1_10' title='bbox 1095 304 1194 371; x_wconf 86' lang='lat' dir='ltr'><strong>millis</strong></span> <span class='ocrx_word' id='word_1_11' title='bbox 1214 315 1371 370; x_wconf 74' lang='lat' dir='ltr'><strong>tacentes</strong></span> 
     </span>
     <span class='ocr_line' id='line_1_3' title="bbox 148 385 1372 498; baseline -0.002 -37"><span class='ocrx_word' id='word_1_12' title='bbox 148 385 284 438; x_wconf 49' lang='grc' dir='ltr'><strong>ΝΜ</strong></span> <span class='ocrx_word' id='word_1_13' title='bbox 308 396 448 484; x_wconf 86' lang='lat' dir='ltr'><strong>triginta,</strong></span> <span class='ocrx_word' id='word_1_14' title='bbox 471 394 613 498; x_wconf 75' lang='lat' dir='ltr'><strong>equitum</strong></span> <span class='ocrx_word' id='word_1_15' title='bbox 642 415 695 458; x_wconf 85' lang='lat' dir='ltr'><strong>sex</strong></span> <span class='ocrx_word' id='word_1_16' title='bbox 723 391 832 472; x_wconf 85' lang='lat' dir='ltr'><strong>millis,</strong></span> <span class='ocrx_word' id='word_1_17' title='bbox 858 391 945 457; x_wconf 89' lang='lat' dir='ltr'><strong>mille</strong></span> <span class='ocrx_word' id='word_1_18' title='bbox 969 405 1194 479; x_wconf 81' lang='lat' dir='ltr'><strong>carpentorum</strong></span> <span class='ocrx_word' id='word_1_19' title='bbox 1219 392 1372 476; x_wconf 72' lang='lat' dir='ltr'><strong>scripsere</strong></span> 
     </span>
    </p>
   </div>
   <div class='ocr_carea' id='block_1_3' title="bbox 307 478 1377 1861">
    <p class='ocr_par' dir='ltr' id='par_1_3' title="bbox 307 478 1377 1861">
     <span class='ocr_line' id='line_1_4' title="bbox 307 478 1372 566; baseline -0.007 -18"><span class='ocrx_word' id='word_1_20' title='bbox 307 483 419 548; x_wconf 77' lang='lat' dir='ltr'><strong>lusisse:</strong></span> <span class='ocrx_word' id='word_1_21' title='bbox 443 480 560 545; x_wconf 84' lang='lat' dir='ltr'><strong>scilicet</strong></span> <span class='ocrx_word' id='word_1_22' title='bbox 582 501 654 545; x_wconf 93' lang='lat' dir='ltr'><strong>cum</strong></span> <span class='ocrx_word' id='word_1_23' title='bbox 679 478 808 544; x_wconf 89' lang='lat' dir='ltr'><strong>Umbris</strong></span> <span class='ocrx_word' id='word_1_24' title='bbox 823 478 1011 566; x_wconf 86' lang='lat' dir='ltr'><strong>Tuscisque,</strong></span> <span class='ocrx_word' id='word_1_25' title='bbox 1026 501 1105 566; x_wconf 86' lang='lat' dir='ltr'><strong>quos</strong></span> <span class='ocrx_word' id='word_1_26' title='bbox 1126 491 1158 544; x_wconf 91' lang='lat' dir='ltr'><strong>et</strong></span> <span class='ocrx_word' id='word_1_27' title='bbox 1178 479 1264 564; x_wconf 84' lang='lat' dir='ltr'><strong>ipsos</strong></span> <span class='ocrx_word' id='word_1_28' title='bbox 1289 497 1335 562; x_wconf 92' lang='lat' dir='ltr'><strong>pu</strong></span> <span class='ocrx_word' id='word_1_29' title='bbox 1357 513 1372 528; x_wconf 95' lang='lat'>-</span> 
     </span>
     <span class='ocr_line' id='line_1_5' title="bbox 308 499 1371 653; baseline -0.007 -19"><span class='ocrx_word' id='word_1_30' title='bbox 308 591 361 634; x_wconf 81' lang='lat' dir='ltr'><strong>nas</strong></span> <span class='ocrx_word' id='word_1_31' title='bbox 375 566 520 635; x_wconf 74' lang='lat' dir='ltr'>adfuisse.</span> <span class='ocrx_word' id='word_1_32' title='bbox 535 577 577 644; x_wconf 73' lang='lat' dir='ltr'><strong>et,</strong></span> <span class='ocrx_word' id='word_1_33' title='bbox 595 579 630 631; x_wconf 88' lang='lat' dir='ltr'><strong>ut</strong></span> <span class='ocrx_word' id='word_1_34' title='bbox 645 566 865 630; x_wconf 85' lang='lat' dir='ltr'><strong>Romanorum</strong></span> <span class='ocrx_word' id='word_1_35' title='bbox 880 587 1007 653; x_wconf 89' lang='lat' dir='ltr'><strong>quoque</strong></span> <span class='ocrx_word' id='word_1_36' title='bbox 1027 578 1181 650; x_wconf 80' lang='lat' dir='ltr'><strong>ungerent</strong></span> <span class='ocrx_word' id='word_1_37' title='bbox 1195 564 1313 650; x_wconf 86' lang='lat' dir='ltr'><strong>copias,</strong></span> <span class='ocrx_word' id='word_1_38' title='bbox 1330 499 1371 628; x_wconf 59' lang='lat' dir='ltr'><strong>d.</strong></span> 
     </span>
     <span class='ocr_line' id='line_1_6' title="bbox 309 651 1372 738; baseline -0.007 -17"><span class='ocrx_word' id='word_1_39' title='bbox 309 655 518 720; x_wconf 88' lang='lat' dir='ltr'><strong>Volumnium</strong></span> <span class='ocrx_word' id='word_1_40' title='bbox 542 673 604 738; x_wconf 92' lang='lat' dir='ltr'><strong>pro</strong></span> <span class='ocrx_word' id='word_1_41' title='bbox 627 651 757 716; x_wconf 85' lang='lat' dir='ltr'><strong>consuls</strong></span> <span class='ocrx_word' id='word_1_42' title='bbox 778 651 893 716; x_wconf 83' lang='lat' dir='ltr'><strong>ducem</strong></span> <span class='ocrx_word' id='word_1_43' title='bbox 916 651 1109 729; x_wconf 86' lang='lat' dir='ltr'><strong>consulibus,</strong></span> <span class='ocrx_word' id='word_1_44' title='bbox 1132 651 1372 735; x_wconf 69' lang='lat' dir='ltr'><strong>executumqne</strong></span> 
     </span>
     <span class='ocr_line' id='line_1_7' title="bbox 310 737 1372 828; baseline -0.006 -22"><span class='ocrx_word' id='word_1_45' title='bbox 310 744 375 828; x_wconf 87' lang='lat' dir='ltr'><strong>ejus</strong></span> <span class='ocrx_word' id='word_1_46' title='bbox 390 739 567 828; x_wconf 76' lang='lat' dir='ltr'>legionibus</span> <span class='ocrx_word' id='word_1_47' title='bbox 581 737 748 804; x_wconf 86' lang='lat' dir='ltr'><strong>consulum</strong></span> <span class='ocrx_word' id='word_1_48' title='bbox 767 739 931 824; x_wconf 80' lang='lat' dir='ltr'><strong>adjiciunt.</strong></span> <span class='ocrx_word' id='word_1_49' title='bbox 975 738 1014 803; x_wconf 90' lang='lat' dir='ltr'><strong>Io</strong></span> <span class='ocrx_word' id='word_1_50' title='bbox 1037 737 1182 824; x_wconf 85' lang='lat' dir='ltr'><strong>pluribus</strong></span> <span class='ocrx_word' id='word_1_51' title='bbox 1203 737 1372 802; x_wconf 72' lang='lat' dir='ltr'>annalibus</span> 
     </span>
     <span class='ocr_line' id='line_1_8' title="bbox 310 823 1372 912; baseline -0.006 -20"><span class='ocrx_word' id='word_1_52' title='bbox 310 829 448 892; x_wconf 90' lang='lat' dir='ltr'><strong>duorum</strong></span> <span class='ocrx_word' id='word_1_53' title='bbox 470 849 507 892; x_wconf 83' lang='lat' dir='ltr'><strong>ea</strong></span> <span class='ocrx_word' id='word_1_54' title='bbox 528 823 693 890; x_wconf 89' lang='lat' dir='ltr'><strong>consulum</strong></span> <span class='ocrx_word' id='word_1_55' title='bbox 717 824 848 912; x_wconf 87' lang='lat' dir='ltr'><strong>propria</strong></span> <span class='ocrx_word' id='word_1_56' title='bbox 863 824 1001 889; x_wconf 72' lang='lat' dir='ltr'><strong>victoria</strong></span> <span class='ocrx_word' id='word_1_57' title='bbox 1021 836 1079 890; x_wconf 88' lang='lat' dir='ltr'><strong>est.</strong></span> <span class='ocrx_word' id='word_1_58' title='bbox 1124 823 1317 890; x_wconf 74' lang='lat' dir='ltr'><strong>Volumnius</strong></span> <span class='ocrx_word' id='word_1_59' title='bbox 1338 823 1372 886; x_wconf 92' lang='lat' dir='ltr'><strong>in</strong></span> 
     </span>
     <span class='ocr_line' id='line_1_9' title="bbox 313 907 1373 999; baseline -0.008 -20"><span class='ocrx_word' id='word_1_60' title='bbox 313 914 445 979; x_wconf 86' lang='lat' dir='ltr'><strong>Samnio</strong></span> <span class='ocrx_word' id='word_1_61' title='bbox 459 912 585 976; x_wconf 90' lang='lat' dir='ltr'><strong>interim</strong></span> <span class='ocrx_word' id='word_1_62' title='bbox 607 932 657 975; x_wconf 89' lang='lat' dir='ltr'><strong>res</strong></span> <span class='ocrx_word' id='word_1_63' title='bbox 677 911 770 999; x_wconf 84' lang='lat' dir='ltr'><strong>gerit,</strong></span> <span class='ocrx_word' id='word_1_64' title='bbox 786 911 1042 994; x_wconf 82' lang='lat' dir='ltr'><strong>Samnitiumque</strong></span> <span class='ocrx_word' id='word_1_65' title='bbox 1063 910 1248 987; x_wconf 85' lang='lat' dir='ltr'><strong>exercitum,</strong></span> <span class='ocrx_word' id='word_1_66' title='bbox 1263 910 1297 973; x_wconf 92' lang='lat' dir='ltr'><strong>in</strong></span> <span class='ocrx_word' id='word_1_67' title='bbox 1314 907 1373 972; x_wconf 80' lang='lat' dir='ltr'><strong>ii-</strong></span> 
     </span>
     <span class='ocr_line' id='line_1_10' title="bbox 310 995 1374 1084; baseline -0.006 -20"><span class='ocrx_word' id='word_1_68' title='bbox 310 999 436 1064; x_wconf 84' lang='lat' dir='ltr'><strong>iernnm</strong></span> <span class='ocrx_word' id='word_1_69' title='bbox 449 1009 590 1064; x_wconf 84' lang='lat' dir='ltr'><strong>montem</strong></span> <span class='ocrx_word' id='word_1_70' title='bbox 610 996 818 1082; x_wconf 88' lang='lat' dir='ltr'><strong>compulsum,</strong></span> <span class='ocrx_word' id='word_1_71' title='bbox 834 1019 898 1061; x_wconf 92' lang='lat' dir='ltr'><strong>non</strong></span> <span class='ocrx_word' id='word_1_72' title='bbox 917 997 1088 1062; x_wconf 86' lang='lat' dir='ltr'><strong>deterritus</strong></span> <span class='ocrx_word' id='word_1_73' title='bbox 1110 996 1279 1084; x_wconf 88' lang='lat' dir='ltr'><strong>iniquitate</strong></span> <span class='ocrx_word' id='word_1_74' title='bbox 1300 995 1374 1072; x_wconf 88' lang='lat' dir='ltr'><strong>loci,</strong></span> 
     </span>
     <span class='ocr_line' id='line_1_11' title="bbox 311 1082 1373 1234; baseline -0.005 -85"><span class='ocrx_word' id='word_1_75' title='bbox 311 1085 417 1151; x_wconf 82' lang='lat' dir='ltr'><strong>fundit</strong></span> <span class='ocrx_word' id='word_1_76' title='bbox 440 1085 600 1234; x_wconf 63' lang='lat' dir='ltr'><strong>fugatcpe.</strong></span> <span class='ocrx_word' id='word_1_77' title='bbox 645 1084 688 1161; x_wconf 88' lang='lat' dir='ltr'><strong>Q.</strong></span> <span class='ocrx_word' id='word_1_78' title='bbox 706 1083 833 1160; x_wconf 81' lang='lat' dir='ltr'><strong>Fabius,</strong></span> <span class='ocrx_word' id='word_1_79' title='bbox 863 1083 1010 1150; x_wconf 86' lang='lat' dir='ltr'><strong>Deciano</strong></span> <span class='ocrx_word' id='word_1_80' title='bbox 1031 1083 1172 1149; x_wconf 81' lang='lat' dir='ltr'><strong>exercitu</strong></span> <span class='ocrx_word' id='word_1_81' title='bbox 1197 1082 1311 1147; x_wconf 85' lang='lat' dir='ltr'><strong>relicto</strong></span> <span class='ocrx_word' id='word_1_82' title='bbox 1340 1082 1373 1145; x_wconf 92' lang='lat' dir='ltr'><strong>in</strong></span> 
     </span>
     <span class='ocr_line' id='line_1_12' title="bbox 313 1167 1374 1272; baseline -0.005 -35"><span class='ocrx_word' id='word_1_83' title='bbox 313 1173 453 1248; x_wconf 86' lang='lat' dir='ltr'><strong>Etruria,</strong></span> <span class='ocrx_word' id='word_1_84' title='bbox 470 1172 535 1236; x_wconf 86' lang='lat' dir='ltr'><strong>suis</strong></span> <span class='ocrx_word' id='word_1_85' title='bbox 561 1169 726 1272; x_wconf 68' lang='lat' dir='ltr'><strong>egipnibus</strong></span> <span class='ocrx_word' id='word_1_86' title='bbox 739 1169 936 1272; x_wconf 27' lang='lat' dir='ltr'><strong>deductistsd</strong></span> <span class='ocrx_word' id='word_1_87' title='bbox 953 1169 1076 1272; x_wconf 70' lang='lat' dir='ltr'><strong>urbem,</strong></span> <span class='ocrx_word' id='word_1_88' title='bbox 1090 1169 1131 1234; x_wconf 89' lang='lat' dir='ltr'><strong>de</strong></span> <span class='ocrx_word' id='word_1_89' title='bbox 1145 1169 1247 1236; x_wconf 82' lang='lat' dir='ltr'><strong>Gadis</strong></span> <span class='ocrx_word' id='word_1_90' title='bbox 1258 1167 1374 1232; x_wconf 89' lang='lat' dir='ltr'><strong>Etrus·</strong></span> 
     </span>
     <span class='ocr_line' id='line_1_13' title="bbox 313 1255 1375 1412; baseline -0.007 -1"><span class='ocrx_word' id='word_1_91' title='bbox 313 1279 476 1412; x_wconf 67' lang='lat' dir='ltr'><strong>iiiiii</strong></span> <span class='ocrx_word' id='word_1_92' title='bbox 492 1255 1375 1408; x_wconf 55' lang='lat' dir='ltr'><strong>iiiiii:‘iiiiii&#39;iilliiiiiiiliiiiii</strong></span> 
     </span>
     <span class='ocr_line' id='line_1_14' title="bbox 314 1428 1374 1519; baseline -0.003 -24"><span class='ocrx_word' id='word_1_93' title='bbox 314 1431 414 1519; x_wconf 82' lang='lat' dir='ltr'><strong>magis</strong></span> <span class='ocrx_word' id='word_1_94' title='bbox 428 1431 560 1495; x_wconf 87' lang='lat' dir='ltr'><strong>victoria</strong></span> <span class='ocrx_word' id='word_1_95' title='bbox 575 1429 618 1506; x_wconf 89' lang='lat' dir='ltr'><strong>Q.</strong></span> <span class='ocrx_word' id='word_1_96' title='bbox 634 1429 738 1505; x_wconf 85' lang='lat' dir='ltr'><strong>Fabii,</strong></span> <span class='ocrx_word' id='word_1_97' title='bbox 755 1451 849 1515; x_wconf 83' lang='lat' dir='ltr'><strong>quarn</strong></span> <span class='ocrx_word' id='word_1_98' title='bbox 864 1451 949 1494; x_wconf 88' lang='lat' dir='ltr'><strong>mors</strong></span> <span class='ocrx_word' id='word_1_99' title='bbox 969 1428 1125 1514; x_wconf 86' lang='lat' dir='ltr'><strong>praeclars</strong></span> <span class='ocrx_word' id='word_1_100' title='bbox 1140 1429 1177 1494; x_wconf 91' lang='lat' dir='ltr'><strong>P.</strong></span> <span class='ocrx_word' id='word_1_101' title='bbox 1193 1429 1288 1494; x_wconf 83' lang='lat' dir='ltr'><strong>Decii</strong></span> <span class='ocrx_word' id='word_1_102' title='bbox 1308 1439 1374 1492; x_wconf 84' lang='lat' dir='ltr'><strong>est:</strong></span> 
     </span>
     <span class='ocr_line' id='line_1_15' title="bbox 314 1514 1377 1603; baseline -0.005 -20"><span class='ocrx_word' id='word_1_103' title='bbox 314 1517 545 1602; x_wconf 69' lang='lat' dir='ltr'><strong>1⁵excitataque</strong></span> <span class='ocrx_word' id='word_1_104' title='bbox 560 1515 711 1580; x_wconf 88' lang='lat' dir='ltr'><strong>memoria</strong></span> <span class='ocrx_word' id='word_1_105' title='bbox 724 1517 872 1600; x_wconf 88' lang='lat' dir='ltr'><strong>parentis,</strong></span> <span class='ocrx_word' id='word_1_106' title='bbox 887 1529 1014 1603; x_wconf 81' lang='lat' dir='ltr'><strong>aequats</strong></span> <span class='ocrx_word' id='word_1_107' title='bbox 1028 1529 1143 1580; x_wconf 83' lang='lat' dir='ltr'><strong>eventu</strong></span> <span class='ocrx_word' id='word_1_108' title='bbox 1164 1514 1294 1599; x_wconf 90' lang='lat' dir='ltr'><strong>publico</strong></span> <span class='ocrx_word' id='word_1_109' title='bbox 1310 1516 1377 1600; x_wconf 88' lang='lat' dir='ltr'><strong>pri-</strong></span> 
     </span>
     <span class='ocr_line' id='line_1_16' title="bbox 314 1600 1374 1690; baseline -0.004 -22"><span class='ocrx_word' id='word_1_110' title='bbox 314 1618 449 1690; x_wconf 80' lang='lat' dir='ltr'><strong>rntoque</strong></span> <span class='ocrx_word' id='word_1_111' title='bbox 462 1603 520 1666; x_wconf 90' lang='lat' dir='ltr'><strong>filii</strong></span> <span class='ocrx_word' id='word_1_112' title='bbox 534 1600 692 1668; x_wconf 76' lang='lat' dir='ltr'><strong>laudibus.</strong></span> <span class='ocrx_word' id='word_1_113' title='bbox 735 1603 821 1666; x_wconf 87' lang='lat' dir='ltr'><strong>Data</strong></span> <span class='ocrx_word' id='word_1_114' title='bbox 836 1623 876 1666; x_wconf 89' lang='lat' dir='ltr'><strong>ex</strong></span> <span class='ocrx_word' id='word_1_115' title='bbox 895 1602 1006 1688; x_wconf 79' lang='lat' dir='ltr'><strong>prada</strong></span> <span class='ocrx_word' id='word_1_116' title='bbox 1024 1601 1177 1667; x_wconf 85' lang='lat' dir='ltr'><strong>militibus</strong></span> <span class='ocrx_word' id='word_1_117' title='bbox 1192 1601 1300 1666; x_wconf 80' lang='lat' dir='ltr'><strong>¹⁸oeris</strong></span> <span class='ocrx_word' id='word_1_118' title='bbox 1321 1621 1374 1665; x_wconf 91' lang='lat' dir='ltr'><strong>oc·</strong></span> 
     </span>
     <span class='ocr_line' id='line_1_17' title="bbox 314 1687 1375 1779; baseline -0.006 -23"><span class='ocrx_word' id='word_1_119' title='bbox 314 1691 422 1779; x_wconf 80' lang='lat' dir='ltr'><strong>togeni</strong></span> <span class='ocrx_word' id='word_1_120' title='bbox 436 1689 514 1764; x_wconf 87' lang='lat' dir='ltr'><strong>bini,</strong></span> <span class='ocrx_word' id='word_1_121' title='bbox 530 1709 668 1776; x_wconf 85' lang='lat' dir='ltr'><strong>sagaque</strong></span> <span class='ocrx_word' id='word_1_122' title='bbox 681 1700 714 1753; x_wconf 88' lang='lat' dir='ltr'><strong>et</strong></span> <span class='ocrx_word' id='word_1_123' title='bbox 733 1688 866 1765; x_wconf 80' lang='lat' dir='ltr'><strong>tuniooe3</strong></span> <span class='ocrx_word' id='word_1_124' title='bbox 888 1689 1021 1774; x_wconf 81' lang='lat' dir='ltr'><strong>praemin</strong></span> <span class='ocrx_word' id='word_1_125' title='bbox 1041 1687 1097 1753; x_wconf 83' lang='lat' dir='ltr'><strong>illa</strong></span> <span class='ocrx_word' id='word_1_126' title='bbox 1117 1699 1304 1773; x_wconf 85' lang='lat' dir='ltr'><strong>tempestate</strong></span> <span class='ocrx_word' id='word_1_127' title='bbox 1318 1687 1375 1752; x_wconf 89' lang='lat' dir='ltr'><strong>mi·</strong></span> 
     </span>
     <span class='ocr_line' id='line_1_18' title="bbox 314 1774 854 1861; baseline -0.007 -19"><span class='ocrx_word' id='word_1_128' title='bbox 314 1777 391 1842; x_wconf 87' lang='lat' dir='ltr'><strong>litiae</strong></span> <span class='ocrx_word' id='word_1_129' title='bbox 406 1775 492 1840; x_wconf 89' lang='lat' dir='ltr'><strong>baud</strong></span> <span class='ocrx_word' id='word_1_130' title='bbox 517 1796 652 1861; x_wconf 87' lang='lat' dir='ltr'><strong>usquam</strong></span> <span class='ocrx_word' id='word_1_131' title='bbox 666 1774 854 1856; x_wconf 80' lang='lat' dir='ltr'><strong>spernenda.</strong></span> 
     </span>
    </p>
   </div>
   <div class='ocr_carea' id='block_1_4' title="bbox 156 1859 1377 2100">
    <p class='ocr_par' dir='ltr' id='par_1_4' title="bbox 156 1859 1377 2100">
     <span class='ocr_line' id='line_1_19' title="bbox 156 1859 1374 1944; baseline -0.003 -16"><span class='ocrx_word' id='word_1_132' title='bbox 156 1881 288 1929; x_wconf 67' lang='lat' dir='ltr'><strong>amasses</strong></span> <span class='ocrx_word' id='word_1_133' title='bbox 358 1861 484 1926; x_wconf 87' lang='lat' dir='ltr'><strong>XXXI.</strong></span> <span class='ocrx_word' id='word_1_134' title='bbox 547 1861 573 1923; x_wconf 89' lang='lat' dir='ltr'><strong>is</strong></span> <span class='ocrx_word' id='word_1_135' title='bbox 594 1861 639 1924; x_wconf 84' lang='lat' dir='ltr'><strong>ita</strong></span> <span class='ocrx_word' id='word_1_136' title='bbox 663 1860 757 1924; x_wconf 81' lang='lat' dir='ltr'><strong>rebus</strong></span> <span class='ocrx_word' id='word_1_137' title='bbox 779 1861 883 1944; x_wconf 85' lang='lat' dir='ltr'><strong>gestis,</strong></span> <span class='ocrx_word' id='word_1_138' title='bbox 900 1881 958 1925; x_wconf 87' lang='lat' dir='ltr'><strong>nec</strong></span> <span class='ocrx_word' id='word_1_139' title='bbox 983 1861 1016 1925; x_wconf 91' lang='lat' dir='ltr'><strong>in</strong></span> <span class='ocrx_word' id='word_1_140' title='bbox 1042 1861 1237 1927; x_wconf 85' lang='lat' dir='ltr'><strong>Samnitibus</strong></span> <span class='ocrx_word' id='word_1_141' title='bbox 1258 1859 1374 1939; x_wconf 81' lang='lat' dir='ltr'><strong>adhuc,</strong></span> 
     </span>
     <span class='ocr_line' id='line_1_20' title="bbox 156 1946 1376 2056; baseline -0.002 -42"><span class='ocrx_word' id='word_1_142' title='bbox 156 1947 294 2056; x_wconf 49' lang='lat' dir='ltr'><strong>mm</strong></span> <span class='ocrx_word' id='word_1_143' title='bbox 315 1969 374 2013; x_wconf 88' lang='lat' dir='ltr'><strong>nec</strong></span> <span class='ocrx_word' id='word_1_144' title='bbox 388 1948 422 2011; x_wconf 91' lang='lat' dir='ltr'><strong>in</strong></span> <span class='ocrx_word' id='word_1_145' title='bbox 438 1946 570 2011; x_wconf 81' lang='lat' dir='ltr'><strong>Etruria</strong></span> <span class='ocrx_word' id='word_1_146' title='bbox 588 1957 747 2031; x_wconf 84' lang='lat' dir='ltr'><strong>parserat.</strong></span> <span class='ocrx_word' id='word_1_147' title='bbox 770 1969 843 2048; x_wconf 68' lang='lat' dir='ltr'><strong>nam</strong></span> <span class='ocrx_word' id='word_1_148' title='bbox 858 1959 900 2023; x_wconf 88' lang='lat' dir='ltr'><strong>et,</strong></span> <span class='ocrx_word' id='word_1_149' title='bbox 919 1947 1078 2012; x_wconf 87' lang='lat' dir='ltr'><strong>Perusinis</strong></span> <span class='ocrx_word' id='word_1_150' title='bbox 1098 1947 1291 2026; x_wconf 87' lang='lat' dir='ltr'><strong>auctoribus,</strong></span> <span class='ocrx_word' id='word_1_151' title='bbox 1305 1960 1376 2032; x_wconf 85' lang='lat' dir='ltr'><strong>post</strong></span> 
     </span>
     <span class='ocr_line' id='line_1_21' title="bbox 316 2031 1377 2100; baseline -0.002 -1"><span class='ocrx_word' id='word_1_152' title='bbox 316 2033 487 2099; x_wconf 85' lang='lat' dir='ltr'><strong>daducium</strong></span> <span class='ocrx_word' id='word_1_153' title='bbox 505 2033 546 2097; x_wconf 87' lang='lat' dir='ltr'><strong>ab</strong></span> <span class='ocrx_word' id='word_1_154' title='bbox 560 2031 690 2098; x_wconf 87' lang='lat' dir='ltr'><strong>consule</strong></span> <span class='ocrx_word' id='word_1_155' title='bbox 704 2046 880 2098; x_wconf 78' lang='lat' dir='ltr'><strong>exercitum</strong></span> <span class='ocrx_word' id='word_1_156' title='bbox 894 2033 1081 2098; x_wconf 82' lang='lat' dir='ltr'><strong>rebellatum</strong></span> <span class='ocrx_word' id='word_1_157' title='bbox 1095 2035 1214 2099; x_wconf 69' lang='lat' dir='ltr'><strong>lucrata</strong></span> <span class='ocrx_word' id='word_1_158' title='bbox 1236 2046 1270 2099; x_wconf 88' lang='lat' dir='ltr'><strong>et</strong></span> <span class='ocrx_word' id='word_1_159' title='bbox 1285 2035 1377 2100; x_wconf 85' lang='lat' dir='ltr'><strong>Sam·</strong></span> 
     </span>
    </p>
   </div>
   <div class='ocr_carea' id='block_1_5' title="bbox 152 2081 250 2134">
    <p class='ocr_par' dir='ltr' id='par_1_5' title="bbox 152 2081 250 2134">
     <span class='ocr_line' id='line_1_22' title="bbox 152 2081 250 2134; baseline -0.01 -12"><span class='ocrx_word' id='word_1_160' title='bbox 152 2081 250 2134; x_wconf 75' lang='lat' dir='ltr'><strong>panus.</strong></span> 
     </span>
    </p>
   </div>
   <div class='ocr_carea' id='block_1_6' title="bbox 314 2118 1377 2447">
    <p class='ocr_par' dir='ltr' id='par_1_6' title="bbox 314 2118 1377 2447">
     <span class='ocr_line' id='line_1_23' title="bbox 316 2118 1376 2207; baseline -0.003 -20"><span class='ocrx_word' id='word_1_161' title='bbox 316 2123 397 2187; x_wconf 86' lang='lat' dir='ltr'><strong>nites</strong></span> <span class='ocrx_word' id='word_1_162' title='bbox 421 2118 598 2205; x_wconf 75' lang='lat' dir='ltr'><strong>praedatum</strong></span> <span class='ocrx_word' id='word_1_163' title='bbox 620 2119 689 2182; x_wconf 78' lang='lat' dir='ltr'><strong>¹⁷in</strong></span> <span class='ocrx_word' id='word_1_164' title='bbox 712 2140 823 2207; x_wconf 83' lang='lat' dir='ltr'><strong>agrum</strong></span> <span class='ocrx_word' id='word_1_165' title='bbox 847 2118 1018 2184; x_wconf 85' lang='lat' dir='ltr'><strong>Vescinum</strong></span> <span class='ocrx_word' id='word_1_166' title='bbox 1044 2121 1324 2207; x_wconf 83' lang='lat' dir='ltr'><strong>Formianumque,</strong></span> <span class='ocrx_word' id='word_1_167' title='bbox 1345 2133 1376 2184; x_wconf 91' lang='lat' dir='ltr'><strong>et</strong></span> 
     </span>
     <span class='ocr_line' id='line_1_24' title="bbox 315 2205 1375 2294; baseline -0.002 -22"><span class='ocrx_word' id='word_1_168' title='bbox 315 2218 406 2294; x_wconf 87' lang='lat' dir='ltr'><strong>parte</strong></span> <span class='ocrx_word' id='word_1_169' title='bbox 427 2205 490 2271; x_wconf 85' lang='lat' dir='ltr'><strong>alia</strong></span> <span class='ocrx_word' id='word_1_170' title='bbox 510 2206 543 2270; x_wconf 90' lang='lat' dir='ltr'><strong>in</strong></span> <span class='ocrx_word' id='word_1_171' title='bbox 559 2205 773 2284; x_wconf 84' lang='lat' dir='ltr'><strong>AEserninnm,</strong></span> <span class='ocrx_word' id='word_1_172' title='bbox 789 2219 877 2293; x_wconf 81' lang='lat' dir='ltr'><strong>quae·</strong></span> <span class='ocrx_word' id='word_1_173' title='bbox 892 2206 1053 2270; x_wconf 89' lang='lat' dir='ltr'><strong>Vulturno</strong></span> <span class='ocrx_word' id='word_1_174' title='bbox 1075 2208 1219 2294; x_wconf 81' lang='lat' dir='ltr'><strong>adjacent</strong></span> <span class='ocrx_word' id='word_1_175' title='bbox 1239 2205 1375 2284; x_wconf 89' lang='lat' dir='ltr'><strong>flumini,</strong></span> 
     </span>
     <span class='ocr_line' id='line_1_25' title="bbox 314 2291 1377 2379; baseline -0.002 -19"><span class='ocrx_word' id='word_1_176' title='bbox 314 2291 514 2360; x_wconf 83' lang='lat' dir='ltr'><strong>descendere.</strong></span> <span class='ocrx_word' id='word_1_177' title='bbox 560 2291 719 2357; x_wconf 83' lang='lat' dir='ltr'><strong>Adversus</strong></span> <span class='ocrx_word' id='word_1_178' title='bbox 733 2313 787 2356; x_wconf 88' lang='lat' dir='ltr'><strong>eos</strong></span> <span class='ocrx_word' id='word_1_179' title='bbox 801 2294 864 2377; x_wconf 81' lang='lat' dir='ltr'><strong>Ap.</strong></span> <span class='ocrx_word' id='word_1_180' title='bbox 880 2291 1034 2357; x_wconf 83' lang='lat' dir='ltr'><strong>Claudius</strong></span> <span class='ocrx_word' id='word_1_181' title='bbox 1054 2307 1175 2379; x_wconf 82' lang='lat' dir='ltr'><strong>praetor</strong></span> <span class='ocrx_word' id='word_1_182' title='bbox 1196 2315 1271 2359; x_wconf 92' lang='lat' dir='ltr'><strong>cum</strong></span> <span class='ocrx_word' id='word_1_183' title='bbox 1287 2315 1377 2358; x_wconf 81' lang='lat' dir='ltr'><strong>exer·</strong></span> 
     </span>
     <span class='ocr_line' id='line_1_26' title="bbox 314 2377 1377 2447; baseline -0.002 -1"><span class='ocrx_word' id='word_1_184' title='bbox 314 2383 379 2447; x_wconf 89' lang='lat' dir='ltr'><strong>citu</strong></span> <span class='ocrx_word' id='word_1_185' title='bbox 401 2379 544 2444; x_wconf 86' lang='lat' dir='ltr'><strong>Deciano</strong></span> <span class='ocrx_word' id='word_1_186' title='bbox 565 2379 686 2444; x_wconf 88' lang='lat' dir='ltr'><strong>missus.</strong></span> <span class='ocrx_word' id='word_1_187' title='bbox 731 2378 848 2443; x_wconf 87' lang='lat' dir='ltr'><strong>Fabios</strong></span> <span class='ocrx_word' id='word_1_188' title='bbox 869 2379 903 2442; x_wconf 91' lang='lat' dir='ltr'><strong>in</strong></span> <span class='ocrx_word' id='word_1_189' title='bbox 928 2377 1058 2444; x_wconf 82' lang='lat' dir='ltr'><strong>Etruria</strong></span> <span class='ocrx_word' id='word_1_190' title='bbox 1077 2379 1250 2446; x_wconf 81' lang='lat' dir='ltr'><strong>rebellante</strong></span> <span class='ocrx_word' id='word_1_191' title='bbox 1271 2379 1377 2446; x_wconf 87' lang='lat' dir='ltr'><strong>denno</strong></span> 
     </span>
    </p>
   </div>
   <div class='ocr_carea' id='block_1_7' title="bbox 315 2465 1375 2554">
    <p class='ocr_par' dir='ltr' id='par_1_7' title="bbox 315 2465 1375 2554">
     <span class='ocr_line' id='line_1_27' title="bbox 315 2465 1375 2554; baseline -0.003 -22"><span class='ocrx_word' id='word_1_192' title='bbox 315 2480 452 2554; x_wconf 88' lang='lat' dir='ltr'><strong>quatuor</strong></span> <span class='ocrx_word' id='word_1_193' title='bbox 470 2465 567 2530; x_wconf 86' lang='lat' dir='ltr'><strong>mlllia</strong></span> <span class='ocrx_word' id='word_1_194' title='bbox 581 2476 614 2531; x_wconf 88' lang='lat' dir='ltr'><strong>et</strong></span> <span class='ocrx_word' id='word_1_195' title='bbox 627 2465 816 2554; x_wconf 80' lang='lat' dir='ltr'><strong>quingentos</strong></span> <span class='ocrx_word' id='word_1_196' title='bbox 833 2465 1059 2531; x_wconf 83' lang='lat' dir='ltr'><strong>Perusinorum</strong></span> <span class='ocrx_word' id='word_1_197' title='bbox 1081 2467 1215 2533; x_wconf 85' lang='lat' dir='ltr'><strong>occidit:</strong></span> <span class='ocrx_word' id='word_1_198' title='bbox 1237 2467 1323 2552; x_wconf 89' lang='lat' dir='ltr'><strong>oepit</strong></span> <span class='ocrx_word' id='word_1_199' title='bbox 1336 2465 1375 2530; x_wconf 86' lang='lat' dir='ltr'><strong>sd</strong></span> 
     </span>
    </p>
   </div>
   <div class='ocr_carea' id='block_1_8' title="bbox 749 2657 943 2720">
    <p class='ocr_par' dir='ltr' id='par_1_8' title="bbox 749 2657 943 2720">
     <span class='ocr_line' id='line_1_28' title="bbox 749 2657 943 2720; baseline -0.01 -15"><span class='ocrx_word' id='word_1_200' title='bbox 749 2659 761 2689; x_wconf 61' lang='grc' dir='ltr'><strong>θ</strong></span> <span class='ocrx_word' id='word_1_201' title='bbox 772 2671 864 2720; x_wconf 76' lang='lat' dir='ltr'><strong>quoque</strong></span> <span class='ocrx_word' id='word_1_202' title='bbox 874 2657 943 2705; x_wconf 77' lang='lat' dir='ltr'><strong>Creu.</strong></span> 
     </span>
    </p>
   </div>
   <div class='ocr_carea' id='block_1_9' title="bbox 312 2831 1381 4365">
    <p class='ocr_par' dir='ltr' id='par_1_9' title="bbox 312 2831 1381 4365">
     <span class='ocr_line' id='line_1_29' title="bbox 313 2831 1374 2901; baseline -0.003 -17"><span class='ocrx_word' id='word_1_203' title='bbox 313 2835 376 2901; x_wconf 82' lang='lat' dir='ltr'><strong>dem]</strong></span> <span class='ocrx_word' id='word_1_204' title='bbox 395 2836 501 2891; x_wconf 81' lang='lat' dir='ltr'><strong>Quidam</strong></span> <span class='ocrx_word' id='word_1_205' title='bbox 518 2833 666 2898; x_wconf 81' lang='lat' dir='ltr'><strong>superjacere</strong></span> <span class='ocrx_word' id='word_1_206' title='bbox 683 2835 765 2896; x_wconf 84' lang='lat' dir='ltr'><strong>tidem,</strong></span> <span class='ocrx_word' id='word_1_207' title='bbox 778 2837 828 2884; x_wconf 85' lang='lat' dir='ltr'><strong>sive</strong></span> <span class='ocrx_word' id='word_1_208' title='bbox 895 2835 926 2884; x_wconf 83' lang='lat' dir='ltr'><strong>ld</strong></span> <span class='ocrx_word' id='word_1_209' title='bbox 941 2833 1010 2882; x_wconf 80' lang='lat' dir='ltr'><strong>AErir</strong></span> <span class='ocrx_word' id='word_1_210' title='bbox 1036 2835 1139 2898; x_wconf 75' lang='lat' dir='ltr'><strong>octogeni</strong></span> <span class='ocrx_word' id='word_1_211' title='bbox 1168 2833 1230 2897; x_wconf 70' lang='lat' dir='ltr'><strong>tint]</strong></span> <span class='ocrx_word' id='word_1_212' title='bbox 1275 2831 1374 2894; x_wconf 80' lang='lat' dir='ltr'><strong>supple,</strong></span> 
     </span>
     <span class='ocr_line' id='line_1_30' title="bbox 313 2899 1378 2961; baseline -0.002 -13"><span class='ocrx_word' id='word_1_213' title='bbox 313 2913 367 2948; x_wconf 85' lang='lat' dir='ltr'><strong>rem</strong></span> <span class='ocrx_word' id='word_1_214' title='bbox 388 2902 453 2948; x_wconf 81' lang='lat' dir='ltr'><strong>nitra</strong></span> <span class='ocrx_word' id='word_1_215' title='bbox 476 2902 559 2960; x_wconf 80' lang='lat' dir='ltr'><strong>fldem,</strong></span> <span class='ocrx_word' id='word_1_216' title='bbox 582 2903 647 2948; x_wconf 79' lang='lat' dir='ltr'><strong>ultra</strong></span> <span class='ocrx_word' id='word_1_217' title='bbox 666 2913 742 2961; x_wconf 80' lang='lat' dir='ltr'><strong>quem</strong></span> <span class='ocrx_word' id='word_1_218' title='bbox 763 2902 829 2950; x_wconf 75' lang='lat' dir='ltr'><strong>medi</strong></span> <span class='ocrx_word' id='word_1_219' title='bbox 861 2901 958 2948; x_wconf 85' lang='lat' dir='ltr'><strong>nummi</strong></span> <span class='ocrx_word' id='word_1_220' title='bbox 984 2901 1089 2956; x_wconf 80' lang='lat' dir='ltr'><strong>librales,</strong></span> <span class='ocrx_word' id='word_1_221' title='bbox 1113 2900 1165 2947; x_wconf 86' lang='lat' dir='ltr'><strong>sire</strong></span> <span class='ocrx_word' id='word_1_222' title='bbox 1191 2911 1265 2946; x_wconf 70' lang='lat' dir='ltr'><strong>assu.</strong></span> <span class='ocrx_word' id='word_1_223' title='bbox 1304 2899 1378 2946; x_wconf 77' lang='lat' dir='ltr'><strong>Porro</strong></span> 
     </span>
     <span class='ocr_line' id='line_1_31' title="bbox 314 2965 1377 3027; baseline 0 -15"><span class='ocrx_word' id='word_1_224' title='bbox 314 2965 657 3027; x_wconf 60' lang='lat' dir='ltr'><strong>possiaprotuleresugendo.</strong></span> <span class='ocrx_word' id='word_1_225' title='bbox 742 2999 745 3006; x_wconf 59' lang='lat'><strong>.</strong></span> <span class='ocrx_word' id='word_1_226' title='bbox 861 2965 902 3014; x_wconf 76' lang='lat'><strong>82.</strong></span> <span class='ocrx_word' id='word_1_227' title='bbox 918 2979 983 3012; x_wconf 68' lang='lat' dir='ltr'><strong>umes</strong></span> <span class='ocrx_word' id='word_1_228' title='bbox 998 2966 1119 3012; x_wconf 81' lang='lat' dir='ltr'><strong>excedunt</strong></span> <span class='ocrx_word' id='word_1_229' title='bbox 1132 2965 1257 3026; x_wconf 76' lang='lat' dir='ltr'><strong>aliquanto</strong></span> <span class='ocrx_word' id='word_1_230' title='bbox 1272 2965 1377 3024; x_wconf 80' lang='lat' dir='ltr'><strong>prsu&#39;srm</strong></span> 
     </span>
     <span class='ocr_line' id='line_1_32' title="bbox 347 3027 1134 3091; baseline 0.001 -17"><span class='ocrx_word' id='word_1_231' title='bbox 347 3027 378 3074; x_wconf 76' lang='lat' dir='ltr'><strong>ts</strong></span> <span class='ocrx_word' id='word_1_232' title='bbox 394 3028 505 3076; x_wconf 76' lang='lat' dir='ltr'><strong>Peditum</strong></span> <span class='ocrx_word' id='word_1_233' title='bbox 515 3029 573 3076; x_wconf 80' lang='lat' dir='ltr'><strong>XL.</strong></span> <span class='ocrx_word' id='word_1_234' title='bbox 585 3029 660 3075; x_wconf 75' lang='lat' dir='ltr'><strong>ostilio</strong></span> <span class='ocrx_word' id='word_1_235' title='bbox 672 3027 828 3078; x_wconf 80' lang='lat' dir='ltr'><strong>CCCXXX.</strong></span> <span class='ocrx_word' id='word_1_236' title='bbox 861 3029 935 3076; x_wconf 84' lang='lat' dir='ltr'><strong>unius</strong></span> <span class='ocrx_word' id='word_1_237' title='bbox 946 3029 1023 3076; x_wconf 73' lang='lat' dir='ltr'><strong>uncie</strong></span> <span class='ocrx_word' id='word_1_238' title='bbox 1032 3029 1134 3091; x_wconf 77' lang='lat' dir='ltr'><strong>argenti.</strong></span> 
     </span>
     <span class='ocr_line' id='line_1_33' title="bbox 313 3091 1378 3157; baseline 0.002 -19"><span class='ocrx_word' id='word_1_239' title='bbox 313 3094 416 3155; x_wconf 72' lang='lat' dir='ltr'><strong>equitum</strong></span> <span class='ocrx_word' id='word_1_240' title='bbox 432 3092 578 3157; x_wconf 77' lang='lat' dir='ltr'><strong>V1.mutta]</strong></span> <span class='ocrx_word' id='word_1_241' title='bbox 597 3093 645 3140; x_wconf 87' lang='lat' dir='ltr'><strong>llic</strong></span> <span class='ocrx_word' id='word_1_242' title='bbox 661 3094 830 3155; x_wconf 77' lang='lat' dir='ltr'><strong>olimlegebs.</strong></span> <span class='ocrx_word' id='word_1_243' title='bbox 896 3093 927 3141; x_wconf 83' lang='lat' dir='ltr'><strong>lt</strong></span> <span class='ocrx_word' id='word_1_244' title='bbox 943 3092 975 3140; x_wconf 79' lang='lat' dir='ltr'><strong>ir</strong></span> <span class='ocrx_word' id='word_1_245' title='bbox 1004 3107 1089 3156; x_wconf 72' lang='lat' dir='ltr'><strong>egum</strong></span> <span class='ocrx_word' id='word_1_246' title='bbox 1120 3093 1243 3140; x_wconf 77' lang='lat' dir='ltr'><strong>Vescinum</strong></span> <span class='ocrx_word' id='word_1_247' title='bbox 1270 3091 1378 3140; x_wconf 71' lang='lat' dir='ltr'><strong>Formis·</strong></span> 
     </span>
     <span class='ocr_line' id='line_1_34' title="bbox 314 3155 1377 3220; baseline -0.003 -14"><span class='ocrx_word' id='word_1_248' title='bbox 314 3164 355 3206; x_wconf 83' lang='lat' dir='ltr'><strong>tur</strong></span> <span class='ocrx_word' id='word_1_249' title='bbox 364 3158 468 3218; x_wconf 72' lang='lat' dir='ltr'><strong>equitum</strong></span> <span class='ocrx_word' id='word_1_250' title='bbox 480 3155 525 3204; x_wconf 82' lang='lat' dir='ltr'><strong>VJ.</strong></span> <span class='ocrx_word' id='word_1_251' title='bbox 536 3163 559 3204; x_wconf 84' lang='lat' dir='ltr'><strong>ei</strong></span> <span class='ocrx_word' id='word_1_252' title='bbox 569 3157 723 3206; x_wconf 57' lang='lat' dir='ltr'><strong>nmium.</strong></span> <span class='ocrx_word' id='word_1_253' title='bbox 740 3159 830 3206; x_wconf 80' lang='lat' dir='ltr'><strong>limen·</strong></span> <span class='ocrx_word' id='word_1_254' title='bbox 861 3171 970 3219; x_wconf 65' lang='lat' dir='ltr'><strong>mue,</strong></span> <span class='ocrx_word' id='word_1_255' title='bbox 987 3163 1010 3206; x_wconf 85' lang='lat' dir='ltr'><strong>ei</strong></span> <span class='ocrx_word' id='word_1_256' title='bbox 1022 3161 1091 3220; x_wconf 80' lang='lat' dir='ltr'><strong>porte</strong></span> <span class='ocrx_word' id='word_1_257' title='bbox 1109 3157 1156 3204; x_wconf 76' lang='lat' dir='ltr'><strong>atta</strong></span> <span class='ocrx_word' id='word_1_258' title='bbox 1171 3159 1198 3204; x_wconf 78' lang='lat' dir='ltr'><strong>iss</strong></span> <span class='ocrx_word' id='word_1_259' title='bbox 1214 3158 1377 3214; x_wconf 62' lang='lat' dir='ltr'><strong>mentua,</strong></span> 
     </span>
     <span class='ocr_line' id='line_1_35' title="bbox 313 3220 1377 3285; baseline -0.004 -15"><span class='ocrx_word' id='word_1_260' title='bbox 313 3223 381 3270; x_wconf 72' lang='lat' dir='ltr'><strong>derit</strong></span> <span class='ocrx_word' id='word_1_261' title='bbox 397 3222 518 3282; x_wconf 79' lang='lat' dir='ltr'><strong>Sigonius,</strong></span> <span class='ocrx_word' id='word_1_262' title='bbox 531 3222 653 3284; x_wconf 89' lang='lat' dir='ltr'><strong>quomodo</strong></span> <span class='ocrx_word' id='word_1_263' title='bbox 672 3237 738 3270; x_wconf 89' lang='lat' dir='ltr'><strong>nune</strong></span> <span class='ocrx_word' id='word_1_264' title='bbox 757 3225 830 3270; x_wconf 79' lang='lat' dir='ltr'><strong>hane-</strong></span> <span class='ocrx_word' id='word_1_265' title='bbox 862 3236 954 3284; x_wconf 66' lang='lat' dir='ltr'><strong>morso</strong></span> <span class='ocrx_word' id='word_1_266' title='bbox 991 3223 1105 3270; x_wconf 77' lang='lat' dir='ltr'><strong>Vulturno</strong></span> <span class='ocrx_word' id='word_1_267' title='bbox 1138 3221 1242 3285; x_wconf 75' lang='lat' dir='ltr'><strong>adjaceat</strong></span> <span class='ocrx_word' id='word_1_268' title='bbox 1267 3220 1377 3284; x_wconf 67' lang='lat' dir='ltr'><strong>flumini]</strong></span> 
     </span>
     <span class='ocr_line' id='line_1_36' title="bbox 313 3285 1380 3348; baseline -0.003 -14"><span class='ocrx_word' id='word_1_269' title='bbox 313 3296 362 3334; x_wconf 92' lang='lat' dir='ltr'><strong>tur.</strong></span> <span class='ocrx_word' id='word_1_270' title='bbox 402 3285 550 3334; x_wconf 81' lang='lat' dir='ltr'><strong>Dubitamus</strong></span> <span class='ocrx_word' id='word_1_271' title='bbox 577 3293 669 3341; x_wconf 72' lang='lat' dir='ltr'><strong>tamem</strong></span> <span class='ocrx_word' id='word_1_272' title='bbox 692 3302 723 3334; x_wconf 87' lang='lat' dir='ltr'><strong>nn</strong></span> <span class='ocrx_word' id='word_1_273' title='bbox 748 3289 834 3342; x_wconf 74' lang='lat' dir='ltr'><strong>locum,</strong></span> <span class='ocrx_word' id='word_1_274' title='bbox 862 3287 901 3335; x_wconf 80' lang='lat' dir='ltr'><strong>Sic</strong></span> <span class='ocrx_word' id='word_1_275' title='bbox 920 3287 1036 3333; x_wconf 82' lang='lat' dir='ltr'><strong>edebatur</strong></span> <span class='ocrx_word' id='word_1_276' title='bbox 1054 3293 1111 3333; x_wconf 85' lang='lat' dir='ltr'><strong>ante</strong></span> <span class='ocrx_word' id='word_1_277' title='bbox 1130 3287 1265 3348; x_wconf 76' lang='lat' dir='ltr'><strong>sigonium.</strong></span> <span class='ocrx_word' id='word_1_278' title='bbox 1299 3285 1338 3331; x_wconf 87' lang='lat' dir='ltr'><strong>Sic</strong></span> <span class='ocrx_word' id='word_1_279' title='bbox 1355 3291 1380 3332; x_wconf 88' lang='lat' dir='ltr'><strong>et</strong></span> 
     </span>
     <span class='ocr_line' id='line_1_37' title="bbox 312 3350 1381 3413; baseline -0.002 -17"><span class='ocrx_word' id='word_1_280' title='bbox 312 3351 483 3413; x_wconf 67' lang='lat' dir='ltr'><strong>perornaverit.</strong></span> <span class='ocrx_word' id='word_1_281' title='bbox 516 3351 622 3398; x_wconf 84' lang='lat' dir='ltr'><strong>Omnino</strong></span> <span class='ocrx_word' id='word_1_282' title='bbox 641 3352 728 3413; x_wconf 87' lang='lat' dir='ltr'><strong>aliquis</strong></span> <span class='ocrx_word' id='word_1_283' title='bbox 747 3353 772 3399; x_wconf 92' lang='lat' dir='ltr'><strong>in</strong></span> <span class='ocrx_word' id='word_1_284' title='bbox 792 3354 829 3399; x_wconf 88' lang='lat' dir='ltr'><strong>his</strong></span> <span class='ocrx_word' id='word_1_285' title='bbox 862 3365 921 3399; x_wconf 90' lang='lat' dir='ltr'><strong>suos</strong></span> <span class='ocrx_word' id='word_1_286' title='bbox 942 3351 1030 3398; x_wconf 84' lang='lat' dir='ltr'><strong>habere</strong></span> <span class='ocrx_word' id='word_1_287' title='bbox 1048 3353 1149 3412; x_wconf 86' lang='lat' dir='ltr'><strong>scriptos</strong></span> <span class='ocrx_word' id='word_1_288' title='bbox 1166 3357 1271 3399; x_wconf 66' lang='lat' dir='ltr'><strong>icantur</strong></span> <span class='ocrx_word' id='word_1_289' title='bbox 1288 3350 1381 3396; x_wconf 81' lang='lat' dir='ltr'><strong>Grono-</strong></span> 
     </span>
     <span class='ocr_line' id='line_1_38' title="bbox 313 3415 1380 3478; baseline -0.004 -14"><span class='ocrx_word' id='word_1_290' title='bbox 313 3416 421 3464; x_wconf 87' lang='lat' dir='ltr'><strong>uumsris</strong></span> <span class='ocrx_word' id='word_1_291' title='bbox 446 3429 511 3462; x_wconf 83' lang='lat' dir='ltr'><strong>error</strong></span> <span class='ocrx_word' id='word_1_292' title='bbox 532 3429 584 3464; x_wconf 84' lang='lat' dir='ltr'><strong>erse</strong></span> <span class='ocrx_word' id='word_1_293' title='bbox 606 3416 709 3464; x_wconf 85' lang='lat' dir='ltr'><strong>ridetur.</strong></span> <span class='ocrx_word' id='word_1_294' title='bbox 742 3416 830 3478; x_wconf 84' lang='lat' dir='ltr'><strong>Neque</strong></span> <span class='ocrx_word' id='word_1_295' title='bbox 862 3419 923 3464; x_wconf 84' lang='lat' dir='ltr'><strong>vius.</strong></span> <span class='ocrx_word' id='word_1_296' title='bbox 957 3415 995 3464; x_wconf 79' lang='lat' dir='ltr'><strong>lie</strong></span> <span class='ocrx_word' id='word_1_297' title='bbox 1011 3429 1067 3476; x_wconf 76' lang='lat' dir='ltr'><strong>que</strong></span> <span class='ocrx_word' id='word_1_298' title='bbox 1083 3417 1157 3476; x_wconf 74' lang='lat' dir='ltr'><strong>vulgo</strong></span> <span class='ocrx_word' id='word_1_299' title='bbox 1175 3429 1242 3464; x_wconf 88' lang='lat' dir='ltr'><strong>nunc</strong></span> <span class='ocrx_word' id='word_1_300' title='bbox 1257 3417 1332 3463; x_wconf 86' lang='lat' dir='ltr'><strong>libros</strong></span> <span class='ocrx_word' id='word_1_301' title='bbox 1342 3427 1380 3460; x_wconf 88' lang='lat' dir='ltr'><strong>oc·</strong></span> 
     </span>
     <span class='ocr_line' id='line_1_39' title="bbox 312 3477 1379 3542; baseline -0.001 -15"><span class='ocrx_word' id='word_1_302' title='bbox 312 3481 380 3528; x_wconf 89' lang='lat' dir='ltr'><strong>enim</strong></span> <span class='ocrx_word' id='word_1_303' title='bbox 404 3480 461 3527; x_wconf 76' lang='lat' dir='ltr'><strong>setis</strong></span> <span class='ocrx_word' id='word_1_304' title='bbox 482 3488 591 3542; x_wconf 77' lang='lat' dir='ltr'><strong>apparet.</strong></span> <span class='ocrx_word' id='word_1_305' title='bbox 613 3494 657 3527; x_wconf 88' lang='lat' dir='ltr'><strong>cur</strong></span> <span class='ocrx_word' id='word_1_306' title='bbox 683 3481 733 3538; x_wconf 87' lang='lat' dir='ltr'><strong>hic,</strong></span> <span class='ocrx_word' id='word_1_307' title='bbox 755 3495 829 3542; x_wconf 89' lang='lat' dir='ltr'><strong>quem</strong></span> <span class='ocrx_word' id='word_1_308' title='bbox 862 3487 935 3542; x_wconf 85' lang='lat' dir='ltr'><strong>cupat</strong></span> <span class='ocrx_word' id='word_1_309' title='bbox 960 3480 1043 3538; x_wconf 84' lang='lat' dir='ltr'><strong>lectio,</strong></span> <span class='ocrx_word' id='word_1_310' title='bbox 1065 3495 1116 3541; x_wconf 76' lang='lat' dir='ltr'><strong>qua</strong></span> <span class='ocrx_word' id='word_1_311' title='bbox 1141 3481 1256 3528; x_wconf 73' lang='lat' dir='ltr'><strong>Vulturno</strong></span> <span class='ocrx_word' id='word_1_312' title='bbox 1276 3477 1379 3542; x_wconf 73' lang='lat' dir='ltr'><strong>adjacent</strong></span> 
     </span>
     <span class='ocr_line' id='line_1_40' title="bbox 313 3541 1379 3606; baseline -0.002 -14"><span class='ocrx_word' id='word_1_313' title='bbox 313 3559 379 3592; x_wconf 89' lang='lat' dir='ltr'><strong>nunc</strong></span> <span class='ocrx_word' id='word_1_314' title='bbox 397 3544 452 3592; x_wconf 83' lang='lat' dir='ltr'><strong>libri</strong></span> <span class='ocrx_word' id='word_1_315' title='bbox 469 3546 739 3606; x_wconf 66' lang='lat' dir='ltr'><strong>massmannum</strong></span> <span class='ocrx_word' id='word_1_316' title='bbox 754 3545 829 3592; x_wconf 84' lang='lat' dir='ltr'><strong>iidem</strong></span> <span class='ocrx_word' id='word_1_317' title='bbox 854 3545 1056 3605; x_wconf 63' lang='lat' dir='ltr'><strong>stastatutprocni</strong></span> <span class='ocrx_word' id='word_1_318' title='bbox 1070 3545 1296 3592; x_wconf 82' lang='lat' dir='ltr'><strong>dubiovitiossest.</strong></span> <span class='ocrx_word' id='word_1_319' title='bbox 1330 3541 1379 3590; x_wconf 84' lang='lat' dir='ltr'><strong>Nc·</strong></span> 
     </span>
     <span class='ocr_line' id='line_1_41' title="bbox 313 3607 1380 3670; baseline -0.002 -14"><span class='ocrx_word' id='word_1_320' title='bbox 313 3609 428 3657; x_wconf 75' lang='lat' dir='ltr'><strong>excedere</strong></span> <span class='ocrx_word' id='word_1_321' title='bbox 445 3607 514 3655; x_wconf 82' lang='lat' dir='ltr'><strong>Livio</strong></span> <span class='ocrx_word' id='word_1_322' title='bbox 531 3609 662 3668; x_wconf 84' lang='lat' dir='ltr'><strong>videretur,</strong></span> <span class='ocrx_word' id='word_1_323' title='bbox 673 3623 750 3670; x_wconf 90' lang='lat' dir='ltr'><strong>quum</strong></span> <span class='ocrx_word' id='word_1_324' title='bbox 767 3617 793 3655; x_wconf 86' lang='lat' dir='ltr'><strong>et</strong></span> <span class='ocrx_word' id='word_1_325' title='bbox 808 3625 830 3660; x_wconf 92' lang='lat' dir='ltr'><strong>c.</strong></span> <span class='ocrx_word' id='word_1_326' title='bbox 862 3623 910 3670; x_wconf 88' lang='lat' dir='ltr'><strong>que</strong></span> <span class='ocrx_word' id='word_1_327' title='bbox 926 3609 992 3656; x_wconf 85' lang='lat' dir='ltr'><strong>enlm</strong></span> <span class='ocrx_word' id='word_1_328' title='bbox 1005 3615 1048 3656; x_wconf 87' lang='lat' dir='ltr'><strong>sut</strong></span> <span class='ocrx_word' id='word_1_329' title='bbox 1059 3607 1180 3656; x_wconf 82' lang='lat' dir='ltr'><strong>Vescinus</strong></span> <span class='ocrx_word' id='word_1_330' title='bbox 1190 3623 1257 3670; x_wconf 79' lang='lat' dir='ltr'><strong>ager,</strong></span> <span class='ocrx_word' id='word_1_331' title='bbox 1268 3615 1313 3656; x_wconf 87' lang='lat' dir='ltr'><strong>sut</strong></span> <span class='ocrx_word' id='word_1_332' title='bbox 1323 3607 1380 3655; x_wconf 73' lang='lat' dir='ltr'><strong>llor-</strong></span> 
     </span>
     <span class='ocr_line' id='line_1_42' title="bbox 312 3670 1379 3736; baseline -0.004 -12"><span class='ocrx_word' id='word_1_333' title='bbox 312 3687 388 3734; x_wconf 71' lang='lat' dir='ltr'><strong>praec.</strong></span> <span class='ocrx_word' id='word_1_334' title='bbox 408 3673 496 3722; x_wconf 82' lang='lat' dir='ltr'><strong>dixerit</strong></span> <span class='ocrx_word' id='word_1_335' title='bbox 515 3673 604 3720; x_wconf 84' lang='lat' dir='ltr'><strong>XXV.</strong></span> <span class='ocrx_word' id='word_1_336' title='bbox 625 3674 702 3722; x_wconf 85' lang='lat' dir='ltr'><strong>miliia</strong></span> <span class='ocrx_word' id='word_1_337' title='bbox 722 3675 829 3722; x_wconf 84' lang='lat' dir='ltr'><strong>hostium</strong></span> <span class='ocrx_word' id='word_1_338' title='bbox 862 3675 969 3729; x_wconf 79' lang='lat' dir='ltr'><strong>missus,</strong></span> <span class='ocrx_word' id='word_1_339' title='bbox 987 3674 1118 3734; x_wconf 83' lang='lat' dir='ltr'><strong>Vulturno,</strong></span> <span class='ocrx_word' id='word_1_340' title='bbox 1135 3675 1178 3722; x_wconf 77' lang='lat' dir='ltr'><strong>ssd</strong></span> <span class='ocrx_word' id='word_1_341' title='bbox 1194 3674 1247 3720; x_wconf 84' lang='lat' dir='ltr'><strong>Liri</strong></span> <span class='ocrx_word' id='word_1_342' title='bbox 1262 3670 1379 3736; x_wconf 72' lang='lat' dir='ltr'><strong>edissent.</strong></span> 
     </span>
     <span class='ocr_line' id='line_1_43' title="bbox 313 3735 1380 3800; baseline -0.002 -14"><span class='ocrx_word' id='word_1_343' title='bbox 313 3751 385 3798; x_wconf 74' lang='lat' dir='ltr'><strong>casa,</strong></span> <span class='ocrx_word' id='word_1_344' title='bbox 402 3745 457 3786; x_wconf 89' lang='lat' dir='ltr'><strong>octo</strong></span> <span class='ocrx_word' id='word_1_345' title='bbox 474 3745 562 3798; x_wconf 71' lang='lat' dir='ltr'><strong>captes</strong></span> <span class='ocrx_word' id='word_1_346' title='bbox 580 3744 604 3784; x_wconf 82' lang='lat' dir='ltr'><strong>ct</strong></span> <span class='ocrx_word' id='word_1_347' title='bbox 623 3752 653 3784; x_wconf 83' lang='lat' dir='ltr'><strong>ex</strong></span> <span class='ocrx_word' id='word_1_348' title='bbox 668 3753 689 3786; x_wconf 87' lang='lat' dir='ltr'><strong>c.</strong></span> <span class='ocrx_word' id='word_1_349' title='bbox 701 3738 740 3786; x_wconf 78' lang='lat' dir='ltr'><strong>io</strong></span> <span class='ocrx_word' id='word_1_350' title='bbox 757 3751 831 3800; x_wconf 85' lang='lat' dir='ltr'><strong>supra</strong></span> <span class='ocrx_word' id='word_1_351' title='bbox 862 3739 1027 3800; x_wconf 81' lang='lat' dir='ltr'><strong>l’raeterquam</strong></span> <span class='ocrx_word' id='word_1_352' title='bbox 1049 3739 1114 3800; x_wconf 85' lang='lat' dir='ltr'><strong>qnod</strong></span> <span class='ocrx_word' id='word_1_353' title='bbox 1136 3735 1163 3785; x_wconf 74' lang='lat' dir='ltr'><strong>el</strong></span> <span class='ocrx_word' id='word_1_354' title='bbox 1183 3751 1234 3800; x_wconf 76' lang='lat' dir='ltr'><strong>psa</strong></span> <span class='ocrx_word' id='word_1_355' title='bbox 1255 3753 1304 3786; x_wconf 87' lang='lat' dir='ltr'><strong>nos</strong></span> <span class='ocrx_word' id='word_1_356' title='bbox 1324 3738 1380 3784; x_wconf 73' lang='lat' dir='ltr'><strong>saus</strong></span> 
     </span>
     <span class='ocr_line' id='line_1_44' title="bbox 313 3802 1379 3866; baseline -0.001 -17"><span class='ocrx_word' id='word_1_357' title='bbox 313 3803 394 3864; x_wconf 80' lang='lat' dir='ltr'><strong>colligi</strong></span> <span class='ocrx_word' id='word_1_358' title='bbox 411 3803 486 3866; x_wconf 86' lang='lat' dir='ltr'><strong>possit</strong></span> <span class='ocrx_word' id='word_1_359' title='bbox 497 3803 620 3850; x_wconf 76' lang='lat' dir='ltr'><strong>nomano</strong></span> <span class='ocrx_word' id='word_1_360' title='bbox 631 3802 697 3864; x_wconf 81' lang='lat' dir='ltr'><strong>ipsos</strong></span> <span class='ocrx_word' id='word_1_361' title='bbox 709 3817 757 3848; x_wconf 88' lang='lat' dir='ltr'><strong>non</strong></span> <span class='ocrx_word' id='word_1_362' title='bbox 771 3818 831 3864; x_wconf 85' lang='lat' dir='ltr'><strong>pau·</strong></span> <span class='ocrx_word' id='word_1_363' title='bbox 863 3803 1276 3864; x_wconf 75' lang='lat' dir='ltr'><strong>commodcreferreturadngrum.</strong></span> <span class='ocrx_word' id='word_1_364' title='bbox 1299 3803 1379 3857; x_wconf 83' lang='lat' dir='ltr'><strong>Quum</strong></span> 
     </span>
     <span class='ocr_line' id='line_1_45' title="bbox 313 3866 1379 3928; baseline -0.002 -15"><span class='ocrx_word' id='word_1_365' title='bbox 313 3867 389 3914; x_wconf 84' lang='lat' dir='ltr'><strong>stores</strong></span> <span class='ocrx_word' id='word_1_366' title='bbox 414 3867 489 3914; x_wconf 81' lang='lat' dir='ltr'><strong>tuisse</strong></span> <span class='ocrx_word' id='word_1_367' title='bbox 516 3867 686 3928; x_wconf 35' lang='lat' dir='ltr'><strong>quadragina*</strong></span> <span class='ocrx_word' id='word_1_368' title='bbox 703 3868 831 3916; x_wconf 86' lang='lat' dir='ltr'><strong>hominurn</strong></span> <span class='ocrx_word' id='word_1_369' title='bbox 865 3873 946 3914; x_wconf 87' lang='lat' dir='ltr'><strong>tamen</strong></span> <span class='ocrx_word' id='word_1_370' title='bbox 959 3866 1041 3928; x_wconf 88' lang='lat' dir='ltr'><strong>scripti</strong></span> <span class='ocrx_word' id='word_1_371' title='bbox 1058 3879 1144 3914; x_wconf 88' lang='lat' dir='ltr'><strong>omnes</strong></span> <span class='ocrx_word' id='word_1_372' title='bbox 1159 3867 1235 3915; x_wconf 85' lang='lat' dir='ltr'><strong>nosul</strong></span> <span class='ocrx_word' id='word_1_373' title='bbox 1250 3866 1379 3928; x_wconf 68' lang='lat' dir='ltr'><strong>presciant</strong></span> 
     </span>
     <span class='ocr_line' id='line_1_46' title="bbox 313 3931 1380 3994; baseline -0.001 -17"><span class='ocrx_word' id='word_1_374' title='bbox 313 3932 429 3978; x_wconf 75' lang='lat' dir='ltr'><strong>millibus.</strong></span> <span class='ocrx_word' id='word_1_375' title='bbox 596 3957 600 3966; x_wconf 81' lang='lat'><em>=</em></span> <span class='ocrx_word' id='word_1_376' title='bbox 863 3931 959 3994; x_wconf 72' lang='lat' dir='ltr'><strong>adjurat,</strong></span> <span class='ocrx_word' id='word_1_377' title='bbox 981 3940 1005 3978; x_wconf 89' lang='lat' dir='ltr'><strong>et</strong></span> <span class='ocrx_word' id='word_1_378' title='bbox 1027 3945 1092 3979; x_wconf 88' lang='lat' dir='ltr'><strong>unus</strong></span> <span class='ocrx_word' id='word_1_379' title='bbox 1112 3945 1145 3979; x_wconf 82' lang='lat' dir='ltr'><strong>ex</strong></span> <span class='ocrx_word' id='word_1_380' title='bbox 1165 3933 1204 3988; x_wconf 83' lang='lat' dir='ltr'><strong>iis,</strong></span> <span class='ocrx_word' id='word_1_381' title='bbox 1224 3931 1380 3992; x_wconf 79' lang='lat' dir='ltr'><strong>quemadmo-</strong></span> 
     </span>
     <span class='ocr_line' id='line_1_47' title="bbox 348 3993 1380 4060; baseline 0.001 -20"><span class='ocrx_word' id='word_1_382' title='bbox 348 3995 378 4041; x_wconf 76' lang='lat'><strong>15</strong></span> <span class='ocrx_word' id='word_1_383' title='bbox 394 3995 548 4056; x_wconf 77' lang='lat' dir='ltr'><strong>Ereitaiaque</strong></span> <span class='ocrx_word' id='word_1_384' title='bbox 566 3996 689 4060; x_wconf 73' lang='lat' dir='ltr'><strong>meroris]</strong></span> <span class='ocrx_word' id='word_1_385' title='bbox 706 3995 833 4046; x_wconf 76' lang='lat' dir='ltr'><strong>Renovato</strong></span> <span class='ocrx_word' id='word_1_386' title='bbox 864 3996 960 4043; x_wconf 87' lang='lat' dir='ltr'><strong>dumet</strong></span> <span class='ocrx_word' id='word_1_387' title='bbox 973 3995 1214 4058; x_wconf 74' lang='lat' dir='ltr'><strong>Sigonisni,ignoret</strong></span> <span class='ocrx_word' id='word_1_388' title='bbox 1229 3993 1256 4042; x_wconf 74' lang='lat' dir='ltr'><strong>ei</strong></span> <span class='ocrx_word' id='word_1_389' title='bbox 1266 4009 1317 4056; x_wconf 77' lang='lat' dir='ltr'><strong>que,</strong></span> <span class='ocrx_word' id='word_1_390' title='bbox 1329 4007 1380 4056; x_wconf 88' lang='lat' dir='ltr'><strong>pro·</strong></span> 
     </span>
     <span class='ocr_line' id='line_1_48' title="bbox 314 4056 1378 4122; baseline 0.001 -17"><span class='ocrx_word' id='word_1_391' title='bbox 314 4065 351 4106; x_wconf 86' lang='lat' dir='ltr'><strong>est</strong></span> <span class='ocrx_word' id='word_1_392' title='bbox 367 4061 485 4108; x_wconf 88' lang='lat' dir='ltr'><strong>memon&#39;n</strong></span> <span class='ocrx_word' id='word_1_393' title='bbox 500 4061 832 4120; x_wconf 80' lang='lat' dir='ltr'><strong>psrris‚qusmn1iitsudes</strong></span> <span class='ocrx_word' id='word_1_394' title='bbox 863 4061 950 4107; x_wconf 82' lang='lat' dir='ltr'><strong>babilis</strong></span> <span class='ocrx_word' id='word_1_395' title='bbox 978 4063 1073 4108; x_wconf 85' lang='lat' dir='ltr'><strong>videtur</strong></span> <span class='ocrx_word' id='word_1_396' title='bbox 1095 4061 1211 4109; x_wconf 83' lang='lat' dir='ltr'><strong>Gmnovii</strong></span> <span class='ocrx_word' id='word_1_397' title='bbox 1233 4056 1378 4122; x_wconf 85' lang='lat' dir='ltr'><strong>conjecturs,</strong></span> 
     </span>
     <span class='ocr_line' id='line_1_49' title="bbox 314 4123 1378 4189; baseline 0.001 -19"><span class='ocrx_word' id='word_1_398' title='bbox 314 4131 469 4184; x_wconf 69' lang='lat' dir='ltr'><strong>equsvmt</strong></span> <span class='ocrx_word' id='word_1_399' title='bbox 488 4132 512 4172; x_wconf 86' lang='lat' dir='ltr'><strong>et</strong></span> <span class='ocrx_word' id='word_1_400' title='bbox 532 4131 622 4172; x_wconf 85' lang='lat' dir='ltr'><strong>eventu</strong></span> <span class='ocrx_word' id='word_1_401' title='bbox 644 4126 749 4188; x_wconf 82' lang='lat' dir='ltr'><strong>publico.</strong></span> <span class='ocrx_word' id='word_1_402' title='bbox 768 4139 830 4186; x_wconf 80' lang='lat' dir='ltr'><strong>prse-</strong></span> <span class='ocrx_word' id='word_1_403' title='bbox 865 4138 910 4186; x_wconf 79' lang='lat' dir='ltr'><strong>quo</strong></span> <span class='ocrx_word' id='word_1_404' title='bbox 935 4125 1049 4172; x_wconf 81' lang='lat' dir='ltr'><strong>Vulturno</strong></span> <span class='ocrx_word' id='word_1_405' title='bbox 1067 4125 1154 4189; x_wconf 71' lang='lat' dir='ltr'><strong>odjum</strong></span> <span class='ocrx_word' id='word_1_406' title='bbox 1172 4126 1287 4187; x_wconf 64' lang='lat' dir='ltr'><strong>‚smair</strong></span> <span class='ocrx_word' id='word_1_407' title='bbox 1303 4123 1378 4172; x_wconf 63' lang='grc' dir='ltr'><strong>Εκπ-</strong></span> 
     </span>
     <span class='ocr_line' id='line_1_50' title="bbox 313 4187 1379 4254; baseline 0.002 -20"><span class='ocrx_word' id='word_1_408' title='bbox 313 4189 379 4236; x_wconf 82' lang='lat' dir='ltr'><strong>clara</strong></span> <span class='ocrx_word' id='word_1_409' title='bbox 395 4201 483 4250; x_wconf 85' lang='lat' dir='ltr'><strong>nempe</strong></span> <span class='ocrx_word' id='word_1_410' title='bbox 498 4190 582 4250; x_wconf 88' lang='lat' dir='ltr'><strong>populi</strong></span> <span class='ocrx_word' id='word_1_411' title='bbox 599 4190 703 4240; x_wconf 75' lang='lat' dir='ltr'><strong>Romani</strong></span> <span class='ocrx_word' id='word_1_412' title='bbox 715 4191 832 4247; x_wconf 69' lang='lat' dir='ltr'><strong>victofin</strong></span> <span class='ocrx_word' id='word_1_413' title='bbox 865 4190 939 4237; x_wconf 83' lang='lat' dir='ltr'><strong>ninus</strong></span> <span class='ocrx_word' id='word_1_414' title='bbox 955 4203 1043 4252; x_wconf 80' lang='lat' dir='ltr'><strong>nempe</strong></span> <span class='ocrx_word' id='word_1_415' title='bbox 1062 4194 1180 4254; x_wconf 71' lang='lat' dir='ltr'><strong>rgenqui</strong></span> <span class='ocrx_word' id='word_1_416' title='bbox 1200 4191 1289 4238; x_wconf 81' lang='lat' dir='ltr'><strong>utume</strong></span> <span class='ocrx_word' id='word_1_417' title='bbox 1304 4187 1379 4236; x_wconf 78' lang='lat' dir='ltr'><strong>nomi·</strong></span> 
     </span>
     <span class='ocr_line' id='line_1_51' title="bbox 313 4253 992 4317; baseline 0.01 -20"><span class='ocrx_word' id='word_1_418' title='bbox 313 4257 338 4298; x_wconf 88' lang='lat' dir='ltr'><strong>et</strong></span> <span class='ocrx_word' id='word_1_419' title='bbox 365 4257 456 4302; x_wconf 82' lang='lat' dir='ltr'><strong>evento</strong></span> <span class='ocrx_word' id='word_1_420' title='bbox 483 4253 586 4314; x_wconf 80' lang='lat' dir='ltr'><strong>privato,</strong></span> <span class='ocrx_word' id='word_1_421' title='bbox 612 4255 715 4317; x_wconf 77' lang='lat' dir='ltr'><strong>gloriosa</strong></span> <span class='ocrx_word' id='word_1_422' title='bbox 741 4257 834 4317; x_wconf 82' lang='lat' dir='ltr'><strong>scillcet</strong></span> <span class='ocrx_word' id='word_1_423' title='bbox 866 4261 992 4303; x_wconf 82' lang='lat' dir='ltr'><strong>natusest.</strong></span> 
     </span>
     <span class='ocr_line' id='line_1_52' title="bbox 313 4323 400 4365; baseline 0.034 -3"><span class='ocrx_word' id='word_1_424' title='bbox 313 4323 400 4365; x_wconf 78' lang='lat' dir='ltr'><strong>morie·</strong></span> 
     </span>
    </p>
   </div>
   <div class='ocr_carea' id='block_1_10' title="bbox 0 0 1527 4916">
    <p class='ocr_par' dir='ltr' id='par_1_10' title="bbox 0 0 1527 4916">
     <span class='ocr_line' id='line_1_53' title="bbox 0 0 1527 4916; baseline 0 0"><span class='ocrx_word' id='word_1_425' title='bbox 0 0 1527 4916; x_wconf 95' lang='lat' dir='ltr'><strong> </strong></span> 
     </span>
    </p>
   </div>
  </div>
 </body>
</html>
