2986 4930
441 231 530 290 tin
555 233 579 289 1.
609 231 712 303 cnr·
738 229 869 304 ixvn.
1145 235 1185 302 st

110 385 142 456 ld
163 388 587 480 hodieqaoqae·pub1iee
607 393 731 480 semper
752 393 903 471 retentura
928 407 1042 470 maaet.
1089 395 1185 468 Sorae

110 476 187 544 riam
204 477 359 564 tigillum
378 497 501 552 vocant.
535 481 683 548 Horatiae
698 480 890 566 sepulcrum,
905 503 969 568 qua
984 481 1184 556 incoenatus
1291 561 1295 570 ,

110 581 172 631 erat
186 564 267 644 icta,
286 581 508 634 constructum
522 583 569 632 est
583 589 663 634 saxo
677 564 842 654 quadrato.
1027 629 1029 634 .
1064 619 1067 636 ,

152 650 318 719 XXVII.
344 652 417 718 Nec
446 654 500 719 dia
529 675 593 738 pax
622 655 747 722 Albana
772 653 897 722 mansit.
920 652 1062 728 ’invidia
1087 653 1184 741 vulgi,

114 737 197 822 quod
213 738 324 804 tribus
344 738 496 807 militibus
517 740 645 814 fortuna
671 740 798 826 publica
823 739 989 809 commissa
1010 737 1116 818 faerit,
1131 763 1185 814 vs·

116 837 189 888 nam
213 825 389 908 ingenium
407 825 569 895 dictatoris
585 828 752 912 conrupitt
775 839 816 904 et,
833 828 982 912 qnoniam
1003 843 1091 898 rocta
1109 839 1186 900 con&

117 910 183 979 silia
206 910 301 976 haud
324 912 407 979 berte
431 929 609 992 evenerant,
628 915 732 1000 pr'avis
758 912 960 981 reconciliare
981 915 1184 998 popularium

118 998 241 1063 animos
252 1002 368 1084 coepit.
379 999 502 1086 igitar,
515 1015 549 1068 ut
559 1003 647 1086 prius
658 1003 691 1069 in
703 999 787 1069 bello
797 1021 918 1085 pacem,
930 999 974 1064 sia
985 1000 1018 1066 in
1030 1021 1108 1083 pace
1120 997 1185 1070 ael·

117 1082 184 1148 lam
198 1105 362 1172 quaerens,
377 1087 451 1172 quis
472 1109 538 1157 suoe
560 1088 676 1160 civitati
700 1087 878 1155 animorum
900 1085 982 1172 plus,
998 1109 1095 1170 qaam
1110 1085 1186 1153 viris

119 1191 184 1250 aaa,
199 1171 357 1237 cernebat
370 1194 447 1251 csse,
463 1174 504 1240 ad
525 1173 760 1258 bellum-palam
780 1185 876 1259 atque
889 1195 928 1236 ex
943 1172 1048 1241 edicto
1068 1193 1186 1274 gerute

119 1255 218 1324 dnm*¹
233 1256 313 1323 alios
328 1257 467 1325 concitat
482 1260 634 1346 populos:
651 1260 714 1326 suis
725 1281 780 1342 per
792 1259 925 1344 speciem
941 1259 1100 1325 societatis
1113 1280 1186 1358 pror

117 1342 274 1411 ditionem
291 1359 438 1410 reservat.
470 1344 672 1423 ’Fidenaten
688 1345 812 1420 colonis
829 1345 982 1420 Romans,
999 1343 1186 1420 Veientibus
1214 1373 1218 1382 «

117 1430 211 1498 sociis
223 1430 347 1499 consilii
362 1431 525 1508 adsumtis,
537 1446 631 1518 pacto
645 1432 838 1499 transitionis
851 1431 1049 1506 Albanorum
1062 1429 1101 1504 ad
1119 1429 1185 1498 bel·

118 1515 185 1582 lum
200 1530 299 1602 otque
311 1539 400 1585 arma
414 1517 595 1584 incitantur.
618 1521 725 1594 Quam
745 1519 875 1585 Fidenae
886 1531 994 1602 aperte
1002 1517 1183 1595 descissent,
1194 1535 1291 1584 cetrum

119 1601 250 1684 Tullus,
268 1601 375 1668 Metto
395 1604 598 1690 exercituque
612 1605 677 1690 ejus
700 1603 740 1668 ab
757 1604 841 1668 Alba
862 1604 976 1681 adcito,
993 1615 1104 1668 contra
1125 1603 1181 1680 ha-
1191 1613 1249 1678 ⁰¹¹⁰?
1261 1601 1332 1650 ΡΜ*

118 1705 181 1756 stes
203 1689 306 1754 ducit
336 1689 390 1758 ubi
414 1691 567 1758 Anienem
594 1691 727 1772 transiit,
752 1691 793 1756 ad
820 1691 1012 1768 confluentes
1038 1667 1297 1766 conlocat¹¹⁸¹¹b⁰⁸·

117 1789 232 1842 metra.
279 1776 369 1842 Inter
388 1799 462 1845 eum
488 1777 593 1845 locum
620 1791 651 1844 et
669 1777 804 1847 Fidenas
821 1777 1001 1852 Veientium
1023 1779 1184 1854 cnctcittts

119 1861 267 1934 Tiberim
290 1863 466 1932 transierat.
512 1864 557 1930 Hi
580 1878 612 1930 et
638 1867 670 1928 in
695 1866 762 1933 soie
785 1885 887 1948 prope
908 1864 1025 1940 flumen
1053 1877 1184 1940 tenuent

117 1949 272 2018 dextrum
288 1971 406 2016 cornu:
429 1950 463 2026 in
482 1950 609 2018 sinistro
625 1950 793 2019 Fidenates
815 1951 944 2035 propius
966 1965 1090 2019 montes
1106 1973 1182 2028 cons

118 2035 246 2106 sistunt.
290 2036 405 2105 Tullus
435 2036 583 2105 adversas
608 2037 773 2110 Veientem
802 2035 923 2104 hostem
950 2037 1060 2114 dirigit
1085 2049 1332 2126 tuostmetnpa.

119 2123 263 2196 Albanos
278 2137 391 2193 contra
407 2122 560 2204 legionem
578 2123 778 2196 Fidenatium
794 2123 949 2200 conlocet.
977 2123 1104 2200 Albana
1117 2147 1182 2202 aaa
1192 2117 1256 2162 ⁶⁶¹⁸*

119 2210 191 2294 plus
205 2210 305 2276 enimi
327 2221 408 2286 erat,
425 2231 519 2294 qnam
541 2209 625 2277 fidei.
649 2233 707 2276 nec
729 2231 857 2276 manere
876 2231 963 2296 ergo,
979 2231 1037 2286 nec
1052 2212 1185 2286 transire

119 2311 231 2380 aperte
251 2319 357 2374 susus,
381 2297 495 2370 sensim
519 2299 559 2370 ad
586 2312 709 2364 montes
731 2297 880 2370 succedit.
927 2295 1019 2374 lade,
1034 2297 1088 2374 ubi
1112 2298 1186 2372 satis

119 2383 243 2452 subisse
267 2405 334 2450 cese
360 2395 448 2451 ratus
473 2397 529 2461 ost,
552 2383 672 2469 ⁴erigit
698 2395 797 2451 totam
823 2383 942 2451 aciem:
969 2383 1189 2469 fluctuansque

120 2470 239 2546 animo,
256 2480 425 2534 attereret
439 2481 571 2554 tempus,
589 2471 716 2536 ordines
730 2470 877 2551 explicat.
916 2468 1092 2542 Consilium
1109 2486 1188 2548 erat,

120 2579 184 2641 qus
199 2553 330 2622 fortuna
345 2577 414 2626 rem
430 2553 532 2636 daret,
548 2580 585 2622 ee
601 2557 753 2623 inclinare
769 2555 861 2621 vires.
906 2553 1068 2626 Missenio
1084 2557 1189 2638 primo

120 2665 187 2708 esse
211 2641 379 2722 Romanis,
397 2641 452 2727 qui
476 2643 612 2728 proximi
636 2657 798 2718 steterant,
814 2655 850 2711 ut
875 2640 989 2718 nudari
1011 2640 1112 2716 lateret
1131 2663 1189 2716 sus

120 2730 283 2796 sociorum
306 2727 452 2814 digressa
474 2745 658 2794 senserunt:
681 2728 755 2794 inde
778 2749 871 2813 eques
891 2727 989 2793 citato
1042 2749 1086 2794 uo
1105 2749 1189 2800 nan·

120 2815 183 2882 cist
210 2837 226 2877 r
270 2815 291 2891 ’,
314 2817 401 2880 abire
423 2814 572 2888 Albanos.
618 2814 734 2884 Tullus
759 2814 791 2890 in
819 2835 854 2882 re
875 2815 999 2898 trepida
1043 2811 1188 2890 aodecits

121 2901 233 2968 ιιονῐῑ5
301 2899 512 2988 innitensque
529 2901 644 2974 Pallori
667 2923 704 2971 ac
729 2901 855 2969 Pavori.
877 2903 1018 2985 equitem,
1033 2903 1119 2976 olaan
1139 2903 1188 2967 ia-

121 3011 256 3072 crepans
271 3011 360 3066 soce,
374 3005 409 3052 ut
425 2985 528 3060 hostes
543 2988 745 3065 exaudirent,
762 2990 863 3054 redire
879 2991 912 3054 in
921 2989 1068 3070 prolium
1077 2987 1188 3072 jubet:

122 3077 205 3140 nihil
227 3076 441 3158 trepidatione
464 3097 537 3160 opus
560 3098 641 3142 essa:
663 3097 717 3142 suo
730 3075 821 3158 notu
840 3076 1023 3144 circumduci
1035 3074 1190 3148 Albanum

122 3165 298 3238 exercitans,
314 3170 349 3230 at
363 3163 561 3232 Fidenatium
587 3165 670 3229 nuda
684 3172 773 3246 terga
789 3163 950 3234 invadant.
965 3159 1073 3227 ⁶idem
1089 3160 1189 3246 irnpe-

536 3280 684 3344 lgtmdrm
697 3283 769 3332 crea.

155 3378 167 3426 l
187 3377 297 3442 Publice]
315 3377 538 3440 Publicosumptu.
707 3377 835 3440 iliriglt]
856 3377 925 3425 Stare
943 3373 1022 3440 jubet.
1058 3377 1103 3424 Ubi
1123 3378 1189 3425 calm

154 3441 306 3491 2'1nntdia
333 3443 414 3508 uulgi]
444 3445 534 3492 Odium
560 3445 643 3506 populi
675 3455 762 3504 agmen
790 3443 893 3502 sistitur,
915 3443 986 3488 miles
1007 3447 1033 3488 et
1059 3455 1146 3502 corpus
1165 3451 1191 3490 et

124 3508 221 3566 Albani,
239 3509 405 3556 succensentis
426 3509 514 3555 Mettio
531 3509 642 3556 dictatori
674 3510 770 3554 hastam
787 3507 865 3568 erigit.
898 3507 938 3554 Sic
955 3507 1020 3566 apud
1039 3518 1085 3553 nos
1101 3508 1192 3554 dicitur

124 3587 166 3623 atra
186 3581 325 3634 moueret,
340 3573 407 3633 quad
429 3573 506 3622 tribas
524 3575 642 3623 militibus
667 3573 734 3635 fatre
749 3573 803 3626 otte,
820 3573 879 3620 altat
894 3571 961 3634 fittrs
981 3571 1048 3625 mur,
1067 3573 1192 3632 quomado
1215 3599 1227 3626 ,

124 3639 220 3688 ioetuat
230 3639 335 3699 nabite-
354 3639 436 3698 gentis
452 3639 644 3690 comminatius·
676 3637 865 3688 vsrtithaeloco
876 3635 1030 3695 Vigenerius.

123 3703 295 3758 mtasetitt
311 3704 359 3752 fide
375 3709 401 3750 et
419 3702 533 3764 religione
549 3703 644 3750 luderis
708 3701 725 3748 ὅ
751 3697 837 3763 Salios]
867 3701 916 3754 Qut
943 3699 1108 3756 conueniant
1132 3705 1192 3750 tunt

125 3769 233 3814 mnndi
256 3767 387 3826 Mettium,
406 3767 450 3826 qui
468 3767 568 3827 ingestio
592 3774 645 3816 east
676 3764 802 3825 Agonales,
825 3768 876 3814 sire
899 3765 994 3822 Cottini,
1016 3765 1081 3824 quod
1106 3777 1192 3812 eorum

126 3845 194 3886 sana,
205 3832 467 3888 kettncaastsersta,
485 3831 539 3878 fidei
557 3844 645 3892 peram
677 3831 809 3878 mum
831 3837 895 3878 esset
916 3830 942 3876 in
966 3828 1059 3876 collino
1086 3829 1194 3886 tarutio,

124 3897 209 3948 itm
677 3895 719 3955 qul
732 3895 768 3942 vel
786 3896 849 3942 idem
869 3894 918 3940 fuit
934 3907 991 3940 cum
1009 3893 1139 3950 Quirinsii,
1150 3905 1193 3940 sn·

154 3961 319 4016 seuerae.
342 3961 434 4012 eumn
456 3957 574 4024 Rotnana]
596 3960 644 4008 no·
676 3960 779 4020 nqattus
798 3959 903 4019 Agonali
920 3964 1014 4014 monte,
1033 3953 1192 4019 vstejastem

125 4027 213 4082 metius,
232 4033 293 4072 teste
314 4025 392 4074 Dion.
409 4021 604 4075 l.ll.eolaniam
618 4027 644 4072 ia
676 4038 739 4086 pars.
772 4024 830 4071 Salii
850 4029 932 4072 sutem
950 4036 965 4070 a
981 4022 1067 4070 Numa
1087 4021 1193 4070 instituti

126 4091 206 4144 arbem
221 4089 327 4141 Fidenas
343 4091 501 4148 nodaret-sig
518 4092 582 4148 quod
600 4103 644 4136 suo
677 4089 785 4138 Palatini
805 4089 956 4139 dicebantur.
968 4088 1032 4147 quod
1052 4099 1137 4134 eorum
1157 4100 1193 4134 st·

125 4155 173 4202 laco
191 4159 388 4216 pretermissum
408 4154 449 4202 hie
464 4153 536 4202 verbo
554 4155 645 4205 indicat
677 4167 718 4200 crs
733 4153 758 4198 in
771 4153 881 4200 Palatino
900 4159 1101 4202 montensem..
1124 4151 1194 4198 Utro·

124 4219 209 4274 litim·
241 4223 327 4283 atque
347 4217 578 4268 masbsntaerit
592 4231 646 4268 mo·
676 4229 860 4276 rumquepsres
876 4217 939 4262 ritus
954 4223 1023 4262 munt
1038 4229 1067 4263 nc
1084 4217 1193 4263 carimo-

123 4283 646 4346 mmmmaocnsmnsepeaau
678 4281 890 4331 nectentis

123 4353 384 4401 anastroiaetitstum·
706 4342 1194 4408 θὶὼωὴῃηαηῦίιψψωίιίδω.
