3034 4916
413 233 507 298 tote.
531 229 585 294 tx.
612 233 716 294 cur.
736 231 862 294 xxxu
1110 243 1167 309 ser
1252 204 1256 212 Α

116 399 172 476 lec,
183 420 237 462 trec
244 400 348 480 pudor
357 403 487 462 coircete
504 402 643 464 uirtrrtent
653 401 686 463 in
695 399 848 484 snperbia,
860 402 894 462 in
901 401 1045 477 ondocio,
1056 403 1090 466 in
1097 425 1167 467 cort·
1177 421 1206 468 tt.
1219 423 1247 470 (t
1256 421 1314 470 444.

116 493 206 548 tento
220 487 354 548 Denntm
376 487 584 570 leoninnritqne
602 487 705 568 ponis.
752 487 820 570 Ego
836 496 876 563 te,
894 485 957 570 Ap.
975 489 1097 566 Claudi,
1107 489 1206 574 prol»
1218 487 1314 534 ⁰³⁰⁰·

115 572 201 634 istius
215 573 412 655 magistratus
430 570 586 654 majestate
600 593 637 634 oc
650 573 841 648 uerecundia,
857 593 941 657 quern
959 575 1091 658 gessisti,
1107 597 1169 640 non
1257 581 1259 588 '

116 659 199 720 nodo
213 678 305 720 morus
320 659 475 732 uiolatum,
490 659 544 720 sed
557 679 595 721 ne
607 657 697 720 444144
711 660 829 742 quidem
848 661 1068 724 inclementiori
1088 684 1110 725 c
1124 685 1170 726 me

115 743 299 826 adpellotnrn
313 745 437 806 velletr:
458 745 511 807 sed
524 753 554 807 et
567 744 640 818 itere,
656 763 724 828 quoe
739 745 838 806 odhrcc
851 746 911 828 egi,
924 748 1099 827 peruicacia
1114 757 1170 812 tua

115 838 144 892 et
156 829 298 911 snperbia
311 830 410 914 coc'git
423 851 469 893 nte
481 830 584 912 loqui,·
603 838 643 905 et,
659 831 722 894 nisi
736 829 878 894 AEntiliae
890 832 954 915 legi
961 835 1116 913 parueris,
1134 838 1168 898 in

116 915 235 979 uinndo
256 915 328 978 duci
337 914 467 997 jubebo.-
490 937 552 986 nec,
567 937 655 1000 msnrn
680 916 727 978 ito
747 927 952 998 conparatum
966 939 988 979 a
1005 919 1169 1003 majoribus

114 1001 161 1075 sit,
173 1009 217 1074 nt,
228 1001 358 1072 comitiis
372 1003 515 1064 censoriis
528 999 621 1066 ¹⁰nisi
635 1002 694 1063 duo
703 1001 888 1085 confecerint
900 1004 1039 1087 legitimo
1051 1005 1167 1094 siffre-

109 1088 177 1168 gia‚
192 1085 217 1124 ⁴¹
227 1107 287 1150 non
299 1089 477 1150 remancinto
486 1089 585 1150 oltcro
594 1087 718 1150 comitia
729 1087 924 1174 dgffernntnr,
935 1111 991 1172 ego
1000 1099 1040 1167 te,
1052 1093 1107 1174 qui
1120 1113 1168 1156 so·

113 1175 160 1236 Ins
180 1194 284 1238 cursor
304 1173 407 1236 creori
427 1193 487 1234 non
508 1175 614 1254 possis,
629 1174 723 1236 solum
744 1193 898 1237 emturum
915 1195 1024 1258 gerere
1044 1179 1166 1260 potior.

119 1257 200 1322 Haec
215 1257 350 1344 talisque
366 1279 462 1344 quum
478 1257 620 1335 dixisset,
635 1257 749 1342 prendi
764 1279 936 1336 censorem,
947 1273 980 1324 et
993 1259 1025 1324 in
1042 1262 1168 1327 vinculo

114 1342 187 1408 ‹tuci
203 1344 304 1430 jussit.
350 1344 612 1428 Adprobantibus
627 1365 679 1407 sex
695 1343 830 1408 tribunis
844 1345 999 1409 actionem
1023 1347 1166 1449 collegae,

115 1445 176 1496 tres
201 1429 373 1515 adpellanti
396 1433 506 1514 Appio
528 1429 649 1494 auxilio
674 1429 820 1506 inerunt3
843 1452 1027 1518 summaque
1048 1433 1168 1498 invtdis

116 1517 255 1580 omnium
271 1516 419 1580 ordinum
436 1516 520 1580 eolus
534 1537 696 1580 censuram
713 1517 816 1602 gessit.
1225 1517 1228 1524 ’

157 1601 307 1668 XXXV.
331 1603 419 1666 Dum
453 1623 490 1666 ee
523 1602 635 1666 Romae
666 1615 829 1690 geruntur,
855 1603 921 1688 jorn
955 1606 1097 1670 Sutrium
1127 1608 1244 1672 abusui
1256 1631 1317 1678 pro·

115 1685 493 1754 Etruscisobsidebstur:
516 1687 701 1774 consulique
716 1688 826 1768 Fabio,
841 1689 912 1754 imis
934 1693 1093 1758 montibus
1107 1693 1167 1758 du·
1176 1683 1306 1796 {ssffim

115 1775 196 1840 senti
211 1775 253 1840 ad
271 1773 429 1838 ferendam
448 1796 540 1860 opem
563 1775 653 1838 sociis
678 1774 905 1862 mutandaeque
926 1777 1126 1868 munitiones,
1143 1781 1169 1846 41

115 1883 175 1946 que
198 1875 312 1947 posset,
333 1861 414 1924 44144
442 1859 580 1924 bostium
603 1861 754 1926 instructa
776 1863 936 1938 obcurrit;
959 1885 1099 1949 qnorum
1119 1868 1169 1931 in·

111 1961 237 2034 gentem
260 1945 492 2012 multitudinem
509 1969 606 2032 quum
621 1946 802 2012 ostenderet
823 1947 964 2036 subjecte
984 1950 1047 2016 1444
1066 1953 1169 2036 pluni-

114 2033 193 2108 cies;
219 2033 341 2110 consul,
359 2047 394 2098 ut
419 2032 490 2097 loco
513 2033 702 2116 paucitatem
727 2055 854 2098 suorum
880 2034 1052 2122 adjuvaret,
1072 2039 1169 2106 flectit

115 2119 288 2203 paullulum
305 2119 337 2184 in
352 2119 448 2183 clivos
464 2140 588 2219 agmen,
605 2124 746 2218 (espretq
759 2133 849 2184 eruut
859 2135 966 2221 ,444444
980 2125 1079 2206 sexis)
1096 2127 1169 2190 inde

112 2203 575 2375 14111411ι1111ἷ,1111111
594 2203 1168 2380 fiiiiitiiiiiiibiiaeiiiiiffi

115 2375 1168 2550 444*4444444414444144,4441144444

114 2549 246 2618 hostem.
292 2551 455 2616 Romanus
469 2560 581 2613 contre
596 2569 682 2612 nunc
696 2549 767 2626 4414,
782 2511 968 2628 4444444414,
985 2551 1100 2638 quibus
1114 2577 1168 2620 444

113 2637 240 2703 adfatim
258 2638 343 2702 locus
357 2637 424 2721 ipse
438 2635 590 2711 ermebet,
606 2636 758 2718 ingerere.
802 2636 904 2722 igitur
918 2637 1038 2704 ”scuta
1051 2640 1167 2729 341444-

113 2745 175 2810 que
198 2725 271 2790 intre
296 2744 392 2809 quum
414 2721 520 2797 etiam,
536 2743 615 2806 quos
640 2742 703 2784 non
725 2720 974 2800 vulneraverunt,
990 2727 1166 2805 turbarent,

115 2815 229 2897 (neque
243 2809 350 2874 subire
363 2824 430 2873 4444
445 2807 536 2872 144114
549 2807 589 2871 nd
611 2807 794 2891 propiorem
809 2830 959 2893 pugnem,
976 2831 1078 2898 neque
1091 2815 1167 2879 mis·

113 2896 180 2962 silis
210 2895 378 2970 bcbebsnt,
409 2895 523 2980 quibus
551 2893 674 2958 eminus
704 2914 770 2958 rem
856 2897 957 2976 erent)
988 2913 1106 2965 stantes
1136 2917 1168 2965 et

115 2983 273 3068 expositos
296 2981 337 3046 sd
364 2981 445 3045 ictus
469 3001 566 3066 quum
585 2980 653 3065 jem
675 2979 752 3044 44414
770 2917 848 3044 eiiii
869 2996 998 3068 tegeret,
1014 2989 1165 3072 quosdam

113 3071 206 3134 etiem
223 3066 335 3154 pedem
352 3066 529 3142 referentes,
541 3065 849 3152 fluctuantemqueet
863 3068 1041 3135 instabilem
1058 3074 1167 3152 eciem,

115 3156 330 3241 redintegrato
354 3153 501 3229 clamore,
531 3153 646 3216 strictis
674 3151 787 3238 gladiis
817 3155 927 3220 bsstnti
954 3170 986 3220 et
1012 3158 1170 3248 principes

116 3241 277 3308 invadunt.
292 3259 365 3304 eum
387 3241 528 3321 inpetum
542 3259 606 3302 non
623 3236 764 3304 tulerunt
780 3239 916 3318 Etrusci,
933 3245 1091 3330 versisque
1106 3247 1169 3334 sig-

115 3327 172 3403 414,
189 3327 266 3412 iuge
280 3325 377 3391 411444
391 3337 493 3388 costra
508 3336 663 3408 repetunt.
711 3325 770 3389 Sed
786 3325 905 3410 equites
922 3328 1069 3407 Romani,
1086 3354 1169 3417 prae-

115 3414 194 3480 recti
219 3434 277 3498 per
298 3411 429 3496 oblique
451 3409 563 3494 campi,
580 3431 680 3494 quum
701 3433 733 3474 44
755 3409 946 3497 fugientibus
972 3415 1168 3496 obtulissent,

114 3501 231 3566 omisso
245 3499 285 3564 ud
301 3512 403 3562 cestre
419 3496 539 3572 itinere,
555 3509 678 3560 montes
697 3511 821 3580 petunt.
867 3497 948 3564 lnde
961 3501 1073 3566 inermi
1088 3525 1169 3588 pene

114 3587 244 3671 agmine
262 3606 299 3649 44
315 3597 429 3648 rexsto
450 3581 631 3646 uulneribus
653 3583 684 3646 in
706 3581 815 3646 siivom
832 3581 1000 3650 Ciminium
1024 3603 1169 3671 penetro·

115 3683 194 3738 tum.
241 3672 415 3745 1144444444,
440 3667 545 3732 multis
570 3666 709 3732 millibus
734 3665 941 3734 Etruscorum
968 3674 1170 3751 4444144144-

113 3757 366 3846 dequodregiutn
389 3755 487 3844 signis
511 3752 697 3820 militaribus
719 3755 1170 3840 44441444444144414441444-

147 3997 264 4046 w'Mrt
289 3997 333 4046 dno
358 3986 495 4061 mrfimrint
519 3997 633 4060 legitima,
658 4007 739 4046 tamen
755 3999 904 4056 4444441444,
915 4013 964 4046 nou
980 4002 1100 4050 declarato
1114 4019 1171 4052 cen·

111 4062 238 4126 remegio]
256 4063 310 4110 Nisi
330 4064 378 4110 duo
397 4063 466 4124 pleno
485 4063 626 4122 consequuti
657 4077 718 4112 4444.

113 4127 205 4174 tuerint
226 4141 282 4174 eum
304 4127 474 4190 suffragiorum
498 4139 628 4174 numerum
692 4128 723 4175 te
740 4127 810 4176 Scuto
823 4129 938 4188 cneoque
950 4129 1012 4192 icto]
1031 4131 1097 4180 letus
1111 4133 1171 4194 lupi.

113 4192 156 4250 qui
167 4191 221 4251 lege
231 4193 384 4254 praeceptus
395 4199 438 4238 est.
660 4195 730 4251 dum,
742 4191 829 4253 quibus
848 4194 1041 4255 percutiebantur
1059 4203 1128 4246 44444
1146 4205 1171 4246 44

145 4249 264 4304 lrl'Nors
284 4257 416 4310 4444441444
432 4254 515 4316 414444]
535 4255 628 4312 Altero,
659 4259 742 4320 gulon-

114 4321 157 4380 qui
178 4321 282 4369 coniecit
305 4319 413 4382 legitime
434 4319 556 4380 suffragiu,
578 4333 626 4368 non
