2986 4930
425 243 519 304 LlB.
539 241 581 302 11.
604 241 713 304 CAR
731 240 802 302 v11.
1104 247 1143 312 89

72 423 129 468 nnn
144 402 266 468 dolore
286 405 400 470 solum
415 419 515 472 tentae
527 405 568 472 ad
582 405 708 471 irritum
722 404 863 470 eadentis
877 403 954 490 spei,
970 401 1027 470 esd
1047 403 1143 470 etiam
1150 417 1180 466 n.
1190 419 1219 468 u
1231 415 1287 468 tle

72 489 140 554 odio
163 490 299 581 ireque,
323 493 496 578 postquem
521 492 594 556 dolo
619 491 702 556 viam
723 491 890 574 obseptum
913 489 1001 570 vidit,
1025 481 1287 556 bellunm-⁵0⁷·

74 589 174 660 aperte
188 577 404 653 moliendum
421 593 515 655 retus,
531 579 698 643 circumire
719 575 853 663 supplex
870 577 1008 644 Etruriae
1027 577 1152 653 urbem¹

76 685 159 727 orare
183 665 338 728 maxime
363 665 511 730 Veientes
537 663 852 750 Tarquiniensesque,
881 686 921 727 ne
946 663 1014 729 ³³se
1034 674 1143 741 ornent,

77 748 197 830 ejudem
208 753 395 835 sanguinis,
406 761 564 827 extorrem,
574 760 715 834 egentem,
728 773 765 813 ee
774 761 863 814 tonte
872 752 1070 835 modoregno,
1080 771 1145 814 mon

79 835 176 901 lilerio
191 837 446 902 dementibus
458 847 531 900 onte
544 838 643 900 mulos
655 857 723 900 euos
739 838 847 918 perire
866 838 1011 900 sinerent.
1055 837 1147 901 Alios

78 943 199 1006 peregre
221 925 258 988 t'n
281 945 412 1008 regnum
425 924 552 988 Βοωαηι
566 924 703 986 adellosr
724 944 757 988 se
770 943 878 1006 regem,
894 932 1052 1006 augentem
1066 923 1152 986 dello

83 1008 251 1072 Rononton
265 1011 443 1092 imperinm,
452 1031 473 1072 o
478 1010 632 1091 proximis
640 1010 788 1072 scelerato
798 1007 1144 1091 corpernionepotsom.

84 1116 127 1157 eos
138 1097 224 1158 inter
234 1118 278 1172 se,
296 1098 373 1178 qnia
386 1117 470 1158 nemo
483 1115 559 1158 untes
569 1096 646 1158 sotis
654 1096 764 1177 dignm
777 1115 871 1178 regno
879 1096 959 1159 uisite
972 1096 1022 1171 sit,
1036 1103 1146 1177 pordes

85 1183 166 1264 regni
179 1183 329 1264 rapuisse
338 1215 349 1252 ,-
373 1181 453 1244 bono
472 1203 529 1245 suo
552 1181 730 1263 diripiendo
745 1181 861 1262 populo
882 1181 1007 1256 dedisse,
1024 1182 1147 1264 nequis

85 1287 186 1348 expers
200 1269 328 1331 sceleris
341 1277 427 1331 esset.
460 1267 604 1330 Patriam
618 1289 650 1329 se
663 1285 844 1349 regnumque
856 1287 939 1329 utum
953 1275 1098 1348 repetere,
1114 1276 1151 1330 et·

81 1355 222 1436 pmequt'
235 1355 380 1437 ingratos
393 1353 471 1416 ciues
480 1353 564 1416 uelle.
611 1352 843 1434 Ferrentopem,
855 1350 1057 1434 adjuvarem
1073 1373 1147 1416 seros

86 1459 197 1522 quoqne
207 1449 326 1502 netem
334 1437 466 1522 injurios
476 1440 569 1501 nilum
581 1439 673 1514 irent,
685 1439 774 1501 toties
783 1457 875 1501 cesos
883 1439 1025 1522 legiones,
1037 1459 1146 1522 agrum

86 1525 245 1590 odeum
304 1523 391 1588 Haec
414 1537 581 1588 moverunt
603 1522 767 1588 Veientes:
801 1543 923 1608 aspro
949 1545 983 1588 se
1000 1523 1141 1610 quisque,

89 1607 237 1674 Romam
251 1609 364 1674 ssltem
379 1609 470 1686 duee,
485 1609 675 1696 ignominias
689 1609 867 1684 demendas,
884 1608 1029 1695 belloque
1051 1609 1144 1673 smis-

86 1717 117 1757 se
143 1695 332 1780 repetenda,
357 1697 520 1760 minaciter
547 1693 696 1760 fremunt.
752 1694 997 1782 Tarquinienses
1028 1717 1143 1759 nomen

16 1878 17 1895 κ
84 1780 923 1944 :ztsst30d0032‘slldtlititillent}
937 1782 1146 1951 miii

84 1975 221 2042 regnum
245 1953 393 2041 belloque
423 1952 655 2040 persequendos
685 1954 854 2031 Romanos,
877 1954 976 2018 secuti
1004 1953 1145 2054 Tarqui·

82 2041 185 2106 nium.
235 2039 410 2126 Postquam
426 2040 460 2102 in
474 2061 586 2127 ugrum
605 2039 786 2104 &menum
801 2052 929 2104 ventum
945 2054 1003 2120 est,
1017 2040 1145 2104 obusm

83 2127 168 2192 hosti
198 2124 348 2191 eonsules
377 2139 463 2190 eunt.
516 2124 662 2190 Valerius
683 2125 839 2211 quadrato
860 2127 986 2214 sginine
1008 2126 1145 2213 peditem

79 2212 190 2278 ducit:
229 2211 352 2277 Brutus
373 2211 415 2276 ad
444 2210 672 2297 explorandum
703 2233 775 2276 eum
802 2212 944 2300 equitatu
970 2212 1144 2278 antecessit.

80 2295 210 2366 Eodem
233 2297 335 2362 modo
355 2298 476 2382 primus
496 2297 624 2384 ⁸⁴eques
644 2296 783 2362 hostium
806 2298 940 2384 agminis
960 2297 1028 2373 luit,
1047 2303 1144 2385 (pree-

76 2401 147 2450 erat
162 2389 277 2450 Aruns
291 2383 498 2470 Tarquinius,
513 2383 597 2450 filius
612 2383 708 2472 regis)
724 2405 780 2448 rex
796 2385 863 2468 ipse
878 2405 950 2448 eum
968 2384 1146 2469 legionibus

4 2502 5 2519 '
74 2469 1146 2643 ..stiffi..intellillidlll.t;2⁰.“lsslll²l.;it

74 2644 133 2720 rit,
151 2643 374 2708 infiammatus
388 2644 445 2720 irs,
462 2643 521 2706 Ille
535 2653 578 2708 est
592 2644 651 2719 uir,
667 2643 698 2705 in
722 2641 780 2718 uit,
796 2642 850 2726 qui
874 2663 929 2705 nos
941 2651 1077 2706 extorres
1093 2663 1145 2704 en-

68 2734 159 2812 prdie
167 2733 297 2814 poeria.
340 2731 423 2812 Ipse,
438 2751 485 2804 en,
496 2731 558 2805 ille,
574 2731 687 2794 nostris
750 2738 854 2792 matos
869 2727 1050 2810 insignibus,
1060 2749 1146 2811 tnag-

74 2819 171 2899 nfflce
191 2818 321 2881 incedit.
367 2816 430 2880 Dii
442 2837 543 2898 regnor
563 2817 676 2879 ultores
688 2815 799 2879 adeste.
846 2813 994 2878 Concitet
1015 2812 1146 2878 caleari-

74 2901 137 2967 bus
153 2925 290 2990 equum
306 2915 401 2986 atque
415 2900 471 2964 ini
513 2923 564 2964 um
580 2899 710 2964 infestus
725 2899 885 2964 consulem
900 2899 1020 2984 dirigit.
1066 2899 1146 2966 Sen-

75 2987 117 3052 sit
134 2991 171 3053 in
187 3013 224 3053 se
234 2989 273 3052 iri
291 2987 422 3052 Brutus.
466 2923 627 3051 Bicorurn
643 3001 711 3052 eret
726 3004 792 3050 tum
807 2987 885 3070 ipsis
894 3008 1056 3070 capessere
1064 3008 1145 3074 pug-

75 3097 155 3140 narn
182 3074 340 3138 ducibus:
364 3071 455 3138 avide
480 3073 586 3158 itaque
611 3095 644 3136 se
672 3073 837 3136 certamini
866 3071 979 3136 obfert.
1002 3073 1145 3158 adeoque

1 3161 2 3178 ¹
77 3160 204 3224 infestis
227 3160 344 3224 animis
365 3170 603 3235 concurrerunt,
620 3174 742 3240 neuter,
757 3159 833 3223 dutn
854 3159 976 3223 hostem
999 3157 1145 3224 vulnere-

79 3261 139 3324 ret,
156 3247 209 3312 sui
236 3245 426 3334 protegendi
448 3267 486 3308 co
526 3245 589 3308 oris
610 3265 743 3323 memor,
759 3258 803 3322 ut,
818 3247 980 3310 contrario
1000 3245 1066 3310 ictu
1087 3267 1145 3330 per
1154 3259 1224 3308 nmu
1233 3273 1308 3308 mne

80 3353 230 3412 parmam
254 3345 389 3432 uterque
411 3266 589 3408 transfixus,
605 3329 729 3396 duabus
750 3331 909 3396 haerentes
930 3329 1027 3396 hastis
1047 3331 1144 3397 mori-

82 3419 183 3482 bundi
206 3441 247 3482 ea
269 3440 359 3503 equis
382 3417 460 3503 lnpsi
477 3417 551 3482 sint.
573 3416 666 3481 simul
687 3432 719 3481 et
740 3432 845 3483 cetere
866 3419 1017 3506 equestris
1037 3439 1147 3506 pugna

82 3506 201 3591 eoepit3
225 3525 330 3590 neque
343 3504 390 3568 its
404 3502 505 3566 multo
528 3515 651 3585 postet
674 3503 794 3588 pedites
815 3504 1050 3589 superveniunt.
1095 3505 1297 3587 lbirugmtu·

83 3595 169 3657 raris
189 3591 337 3672 victoria,
353 3603 386 3654 et
407 3589 490 3653 velut
511 3611 606 3674 oequo
629 3587 736 3655 Marte
757 3604 934 3676 pugnatum
957 3604 1012 3660 est.
1035 3590 1201 3656 deseratis·

85 3681 244 3766 utrimque
269 3698 395 3742 cornus
426 3674 537 3750 vicere,
561 3675 640 3739 loeva
668 3690 822 3760 superate.
883 3676 1039 3754 Veientes,
1062 3678 1146 3742 vinci

86 3766 124 3828 sb
141 3765 290 3830 Romano
313 3761 416 3826 milite
436 3759 569 3842 adsueti,
583 3760 643 3825 iusi
656 3759 819 3850 fugatique
828 3763 850 3826 ⁸.
895 3761 1145 3850 Tarquiniensis,

87 3871 181 3918 norus
206 3851 323 3926 hosne,
345 3869 412 3912 uon
427 3847 512 3913 stetit
527 3845 639 3926 solum,
654 3847 710 3914 sed
731 3850 824 3914 etism
842 3847 882 3912 ab
898 3871 954 3913 sua
969 3851 1060 3934 parte
1076 3849 1144 3914 Ro-

87 3959 207 4006 manum
219 3935 364 4026 pepulit.

122 4027 195 4095 vll.
213 4027 271 4094 Ita
287 4041 393 4110 quum
406 4031 581 4106 pugnaturn
594 4033 683 4100 esset,
699 4032 805 4086 tantus
819 4032 922 4085 terror
933 4019 1145 4108 Tarquinium

81 4127 165 4206 tique
189 4115 364 4184 Etruscos
394 4105 531 4184 incessit,
554 4118 600 4185 ut,
624 4107 738 4172 omissa
759 4107 849 4172 irrite
871 4129 914 4184 re,
937 4121 1031 4172 noete
1051 4107 1147 4174 umbo

462 4223 476 4262 b
486 4227 540 4275 add.
549 4231 604 4275 enat
614 4229 689 4308 Gran.
705 4227 775 4276 Cres.

95 4350 293 4416 mm...]
334 4343 602 4400 rex-ememus·
665 4343 699 4392 sl
722 4341 811 4406 aqna]
844 4342 1148 4404 assemanum
1251 4317 1252 4320 ’

69 4435 146 4480 ω,
634 4408 732 4470 agmine
742 4407 849 4468 primum
860 4407 941 4456 losum
953 4406 1040 4456 nnus.
