2986 4930
167 2088 247 2140 Nubit
259 2075 484 2140 matrimonio
504 2073 658 2150 fecissent,

164 2155 271 2204 metm

168 2425 284 2504 lslolents

166 2507 220 2556 spus
230 2507 287 2542 con·

160 2559 227 2607 silis

334 181 373 250 64
724 179 836 246 Tl'l'l
865 177 997 248 lell

329 363 366 418 ut
391 363 464 418 ante
489 344 610 418 dictum
633 361 690 428 est,
713 348 786 415 duoe
802 349 930 427 Tulliae,
946 349 1028 438 regia
1049 349 1134 428 filiae,
1148 361 1334 436 nupserant,
1355 357 1389 420 et

328 439 408 524 ipse
424 439 518 523 longe
532 435 672 520 dispares
693 436 843 501 moribus.
902 437 997 502 Forte
1020 439 1062 502 ita
1084 437 1247 515 inciderat,
1264 460 1306 502 ne
1322 440 1386 503 duo

330 524 468 588 violenta
493 523 621 610 ingenia
650 523 852 586 matrimonio
868 524 1089 609 jungerentur,
1119 523 1255 604 fortuna,
1278 524 1385 601 credo,

329 609 440 694 populi
458 609 604 686 Romani,
628 631 692 696 quo
707 609 886 673 diuturnius
903 610 1002 674 Servii
1019 631 1150 697 regnum
1165 623 1254 688 esset,
1270 611 1387 675 consti·

331 697 439 782 tuique
468 695 602 760 civitatis
630 717 733 759 mores
757 708 895 780 possent.
942 697 1127 784 Augebatur
1155 695 1245 760 ferox
1265 695 1385 775 Tullia,

328 781 446 846 l’nihil
476 781 614 846 materiae
633 781 670 845 in
693 782 761 845 viro
783 780 946 867 nequead
968 783 1182 861 cupiditatem,
1213 803 1315 869 neque
1343 784 1385 848 sd

329 868 494 932 audaciam
508 889 592 942 esse3
615 881 682 932 tota
698 867 730 932 in
745 867 879 930 altemm
895 889 983 932 versa
999 869 1221 955 Tarquinium,
1238 891 1310 934 eum
1326 870 1386 933 mi-

329 955 404 1031 rari,
427 961 499 1019 edm
517 953 619 1018 virum
634 955 747 1030 dicere,
764 975 801 1018 ac
815 954 903 1040 regio
922 955 1073 1040 sanguine
1086 968 1213 1020 ortum:
1236 975 1388 1040 spernere

329 1062 482 1122 sororem,
503 1039 590 1126 quod
615 1039 716 1104 virum
747 1051 841 1103 nacta
869 1039 1015 1104 muliebri
1042 1040 1213 1106 ⁶³cessaret
1242 1040 1386 1116 audacis,

327 1126 354 1166 ⁸⁴
367 1125 534 1192 Contrahit
548 1125 689 1191 celeriter
709 1124 880 1190 similitudo
902 1147 965 1204 eos,
982 1138 1016 1191 ut
1030 1126 1094 1192 sere
1109 1127 1145 1193 fit
1161 1126 1277 1191 malurn
1300 1127 1387 1193 malo

329 1213 533 1298 aptissimum.
566 1212 620 1276 sed
643 1211 767 1276 initium
796 1211 946 1276 turbandi
975 1213 1081 1277 omnis
1101 1237 1120 1278 s
1141 1212 1258 1278 semina
1279 1229 1387 1279 ortum

328 1313 385 1364 est.
443 1299 499 1377 Ea,
516 1299 641 1363 secretis
663 1297 722 1362 viri
747 1296 841 1361 alieni
867 1297 1046 1364 adsuefacta
1069 1300 1275 1376 sermonibus,
1290 1299 1389 1368 nullis

329 1390 496 1450 verborum
512 1381 708 1449 contumeliis
721 1405 860 1468 parcere,
876 1383 902 1424 ⁶⁶
913 1386 951 1449 de
965 1384 1034 1449 viro
1048 1386 1087 1450 ad
1109 1383 1249 1468 fratrem,
1272 1385 1313 1450 de
1335 1409 1388 1451 so·

328 1493 403 1536 rore
416 1470 457 1536 ad
472 1471 591 1544 virum3
614 1483 692 1535 etse
706 1469 821 1534 rectius
835 1469 1006 1548 “viduam
1023 1483 1055 1536 et
1070 1471 1157 1536 illum
1174 1471 1320 1537 coelibcm
1335 1471 1386 1538 fu-

329 1570 436 1623 turum
448 1555 541 1620 fuisse
549 1556 749 1633 contendere,
759 1577 856 1642 quam
866 1578 938 1621 cum
953 1559 1054 1644 inpari
1063 1559 1166 1645 jungi,
1177 1571 1213 1623 ut
1222 1557 1389 1646 elangues-

329 1645 465 1709 cendum
480 1642 581 1706 aliena
596 1641 720 1730 ignavia
734 1655 823 1706 esset.
869 1643 902 1708 Si
926 1643 985 1708 sibi
1007 1667 1089 1721 eum,
1105 1665 1169 1744 quo
1183 1645 1280 1728 digna
1295 1658 1387 1724 esset,

330 1729 387 1794 Dii
414 1727 574 1794 dedissent
593 1731 706 1804 virum,
729 1727 818 1792 domi
840 1751 873 1792 se
887 1729 1069 1816 propediem
1092 1751 1226 1795 visuram
1249 1753 1387 1819 regnum

329 1814 434 1892 fuisse,
451 1813 536 1902 quod
559 1813 642 1900 apud
665 1826 787 1899 patrem
811 1812 926 1880 videat.
981 1815 1134 1881 Celeriter
1153 1817 1387 1883 adolescentem

330 1923 397 1966 suoe
411 1901 594 1966 temeritatis
604 1899 712 1986 inplet.
756 1903 863 1965 Aruns
872 1899 1064 1988 Tarquinius
1079 1915 1111 1968 et
1123 1897 1151 1946 ⁵⁷
1162 1903 1271 1968 Tullia
1280 1905 1388 1971 minor

331 2008 432 2074 prope
445 1985 636 2053 continuatis
658 1985 819 2050 funeribus
833 2009 930 2074 quum
953 1990 1062 2054 domos
1077 2011 1190 2055 vacuas
1211 2011 1296 2056 novo
1318 2011 1387 2056 ma·

683 2071 894 2158 “unguntur
914 2074 1042 2160 nuptiis,
1067 2075 1167 2164 magis
1188 2097 1253 2140 non
1274 2076 1388 2164 probi·

332 2160 426 2225 bente
442 2160 562 2234 Servio,
579 2179 673 2246 quam
689 2095 892 2244 adprobante.

373 2245 515 2313 XLVII.
539 2246 625 2311 Tum
650 2267 725 2309 vero
755 2247 786 2308 in
816 2245 884 2310 dies
907 2244 1083 2312 “infestior
1105 2246 1206 2313 Tullii
1228 2263 1385 2330 senectus,

329 2333 471 2398 infestius
485 2355 536 2398 coe
560 2333 586 2396 it
598 2353 730 2419 regnum
744 2353 818 2396 esse.
827 2333 895 2418 jam
907 2333 991 2396 cnim
1007 2334 1046 2398 ab
1060 2334 1175 2400 scelere
1187 2334 1249 2399 adt
1262 2335 1387 2403 ⁰⁰aaliud

331 2433 517 2506 spectarem
555 2419 599 2484 ier
618 2420 735 2483 scelus:
759 2439 817 2482 nec
831 2430 933 2496 nocte,
950 2441 1008 2484 nec
1029 2419 1166 2486 interdiu
1180 2422 1284 2486 virum
1307 2445 1387 2489 con-

332 2506 492 2592 quiescere
504 2507 582 2592 pari,
598 2526 639 2570 ne
651 2505 790 2593 gratuita
804 2504 966 2589 praeterita
979 2506 1151 2592 parricidia
1164 2523 1276 2573 essent.
1309 2511 1386 2576 Non

331 2595 393 2658 sibi
402 2594 543 2678 deficias,
555 2592 579 2632 ⁸¹
587 2595 638 2656 cai
645 2602 742 2675 nupto
754 2592 915 2670 diceretur,
927 2613 981 2656 aec
990 2615 1053 2656 mm
1064 2615 1124 2680 quo
1134 2597 1231 2658 tacito
1239 2599 1386 2662 seviret.-

722 2725 776 2772 7od
784 2727 831 2774 del.
842 2727 915 2774 Gron.
926 2728 997 2778 Cres.

360 2851 490 2900 oswald
509 2850 624 2913 mnata]
658 2848 726 2898 Nihil
748 2848 774 2893 in
793 2847 838 2894 riri
903 2848 935 2897 55
951 2849 1210 2917 Deolrosdsratress]
1228 2853 1317 2914 supple
1329 2855 1386 2902 viri.

327 2917 425 2978 ingenio
435 2917 532 2977 reperiri
543 2929 573 2963 ex
587 2917 629 2961 ilio
645 2915 729 2962 babitu
740 2914 838 2972 mentis,
871 2915 909 2962 De
919 2929 995 2962 sorore
1004 2916 1035 2962 ad
1045 2918 1132 2970 ulrum.
1143 2919 1229 2977 supple
1240 2919 1334 2964 sororis.

327 2981 370 3040 qui
381 2982 446 3028 velut
457 2981 558 3027 materia
574 2987 610 3026 est
625 2980 655 3025 sd
671 2977 837 3038 cupiditatem,
903 2979 935 3026 56
955 2979 1064 3043 Viduam]
1081 2981 1174 3040 Vidua,
1191 2979 1386 3045 sijurisoonsul-

325 3047 357 3092 sd
373 3045 498 3092 audaciam
516 3044 661 3090 inflammari
677 3043 769 3095 iscilisr
786 3041 838 3100 qui,
871 3045 902 3092 tis
921 3045 1056 3100 credamus,
1074 3060 1122 3092 non
1139 3059 1169 3092 es
1187 3048 1266 3093 edum
1284 3047 1388 3108 dicitur,

325 3111 357 3156 sd
373 3110 539 3170 cupiditatem,
550 3109 581 3155 sd
597 3107 724 3154 sudsciam
739 3106 838 3152 excitari
870 3123 925 3168 quse
943 3109 994 3156 viro
1010 3111 1093 3156 orbata
1110 3117 1157 3170 est,
1177 3112 1220 3158 sed
1237 3116 1262 3157 et
1279 3125 1309 3157 ea
1325 3127 1388 3173 ques

325 3179 351 3221 et
361 3175 457 3221 incendi
468 3174 537 3220 facite
548 3179 635 3232 potest.
870 3186 995 3232 nunqusm
1007 3175 1096 3234 nupsit.

357 3237 390 3286 53
407 3237 510 3286 Cessaret
518 3235 625 3297 samolo]
644 3233 836 3284 Cesssretodsu·
902 3237 933 3285 st
953 3236 1029 3284 Tullio
1048 3238 1136 3301 misor]
1170 3235 1259 3300 Major,
1274 3253 1305 3286 ex
1321 3240 1386 3288 Dio-

321 3303 401 3358 dscia
413 3309 504 3348 careret
515 3300 622 3348 audacis.
656 3299 748 3346 liudem
765 3303 837 3348 modo
869 3301 931 3363 nysli
946 3303 1074 3358 sententis,
1086 3304 1129 3363 qui
1139 3303 1247 3351 Tulliam
1263 3301 1386 3366 majorem

219 3407 224 3414 .
324 3368 454 3428 supprimit
472 3365 666 3427 proepoduonem
688 3363 801 3412 Lucanus
819 3367 836 3413 l.
868 3361 955 3426 mqjorl
966 3365 1097 3428 'l'srquinio
1110 3369 1388 3423 sociaminoremmi-

325 3429 371 3478 tv.
384 3447 406 3478 v.
420 3429 459 3478 ts.
868 3430 921 3476 nori
934 3431 1021 3478 Amnti
1031 3431 1141 3492 nupsisse
1152 3433 1233 3480 assia

356 3495 443 3542 Primo
458 3494 506 3541 dies
521 3493 676 3540 delliorsssoit
687 3489 770 3540 Morte
784 3507 836 3539 ers·
900 3492 932 3540 58
946 3495 1101 3560 dangastsr]
1134 3497 1162 3543 1,
1185 3497 1333 3558 Tsrquinius
1356 3507 1385 3548 et

388 3563 448 3606 esto.
869 3558 951 3605 'l'ullis
960 3560 1042 3606 slters.

325 3622 458 3670 Possumus
485 3629 567 3669 umen
595 3622 710 3682 suspicari
737 3623 837 3670 Livium
901 3621 932 3668 59
948 3622 1071 3686 Inseritur]
1088 3625 1211 3673 Audacius
1228 3626 1387 3688 impugnem

322 3688 475 3748 scripsisses
490 3685 596 3732 msliebri
612 3691 707 3734 mearet
723 3686 836 3742 semeiae
870 3685 1016 3734 Praesentius
1034 3685 1088 3751 jam
1109 3689 1132 3734 ei
1151 3691 1224 3751 ooepit
1245 3693 1384 3751 perieulum

321 3765 352 3798 sc
371 3751 565 3812 propositionem
584 3752 615 3796 ob
631 3751 657 3797 id
679 3750 835 3806 intercidime,
868 3751 1017 3811 impendere.

323 3816 388 3877 quod
400 3829 448 3862 ros
459 3816 596 3876 precedens
611 3819 678 3861 sacto
694 3817 778 3862 eadem
795 3816 836 3862 lit·
901 3817 933 3864 60
948 3814 1023 3862 Aliud
1036 3819 1147 3882 φαίητε]
1164 3819 1312 3880 Campanus,
1331 3823 1384 3870 sn.

324 3887 376 3927 tero
405 3880 509 3926 liniatur.
542 3877 617 3925 Porro
643 3893 691 3926 nou
713 3887 750 3926 est
772 3879 836 3940 quod
868 3880 946 3935 dress,
963 3887 988 3926 et
1004 3881 1096 3941 aliquot
1111 3883 1227 3930 (leonorii
1242 3887 1336 3932 codices
1352 3889 1387 3935 sd

323 3945 452 4004 quisquam
477 3945 578 3991 miretur
599 3957 615 3990 s
634 3943 736 3990 muliere
763 3957 837 4006 suprs
868 3944 940 3990 aliud.
973 3946 1099 3991 Accedunt
1110 3950 1345 4006 qustnorenouris.

239 4017 242 4026 ’
323 4011 424 4056 modum
441 4009 526 4056 sudaei
543 4009 668 4056 audacium
685 4010 768 4056 haberi
780 4024 837 4057 mu·
899 4006 1008 4056 61·οιιὸ
1023 4013 1095 4068 aspis
1116 4011 1241 4077 dirarum]
1274 4015 1384 4064 Observa

323 4073 409 4120 ilerum
423 4074 552 4134 propriam.
867 4073 969 4118 verbum
980 4071 1100 4119 diceretur.
1134 4073 1210 4138 Cujus
1220 4080 1273 4126 haec
1285 4080 1322 4126 vis
1335 4089 1389 4138 est,

355 4137 388 4184 tt
405 4137 527 4186 contrabit
549 4136 662 4201 celeriter]
697 4137 746 4184 Eos
768 4139 844 4185 simi-¹
867 4141 895 4182 ut
906 4135 988 4182 Tullia
998 4149 1024 4184 se
1035 4151 1091 4183 cum
1103 4140 1191 4200 impuri
1204 4139 1329 4203 junctam,
1340 4159 1388 4192 no-

322 4201 409 4261 litudo,
428 4203 492 4262 quod
514 4203 587 4264 vulgo
614 4203 709 4257 accidit,
726 4204 835 4250 celeriter
867 4200 934 4246 mine
946 4207 1025 4256 tenus,
1038 4212 1236 4265 nonrenuptsm
1248 4208 1324 4256 misse
1334 4211 1388 4258 exi.

321 4267 451 4321 contrahit,
469 4272 554 4327 utpote
571 4268 711 4327 aptissimos
732 4269 778 4314 sibi
797 4267 835 4312 in·
868 4264 958 4312 stimet.

322 4331 409 4388 vicens,
420 4331 478 4393 quis
490 4337 591 4392 uterque
602 4331 688 4378 mulus·
