3008 4908
266 243 269 250 ,
343 188 402 242 210
686 223 689 232 ·
739 177 864 248 'TlTl
892 176 1028 242 L1v11

184 364 252 413 ttc.
263 364 321 414 aar.
345 343 1179 430 “decemuirirnocrrisaet,ejuscopatdouirocrremerret.›
1194 341 1406 428 “semiliaco

180 434 214 477 Α·
222 431 250 478 ⁰·
262 429 319 478 Μ·
345 435 438 498 erdem
450 433 580 508 Cereris,
589 430 741 512 “Libere
751 432 933 515 Liberaeque
943 433 1129 496 muniret.
1152 429 1228 494 Hac
1240 427 1312 516 lege
1321 429 1405 513 juria

344 520 533 603 interpretes
547 533 665 602 negant
686 537 876 604 quemquam
891 530 1126 582 sacrosanctum
1141 537 1222 581 ease:
1245 513 1300 580 sed
1316 537 1402 590 eum,

345 605 401 693 qui
415 625 525 668 eorum
541 605 688 690 cuiquam
704 604 859 680 nocuerit,
872 623 994 667 sacrum
1006 603 1129 670 sanciri.
1153 602 1263 689 Itaque
1278 600 1404 666 aedilem

347 689 501 774 prehendi
515 689 651 778 ducique
661 713 681 754 a
697 689 869 776 majoribus
887 687 1141 772 magistratibus:
1164 688 1250 775 quod
1265 686 1324 752 etsi
1339 707 1406 752 non

342 780 415 864 jure
431 778 494 852 liat,
509 777 631 862 (noceri
645 777 729 840 enim
746 776 785 852 ei,
801 775 852 839 cui
868 775 927 840 hac
950 777 1018 862 lege
1032 797 1096 840 non
1113 776 1217 858 liceat)
1232 787 1339 840 tamen
1355 795 1407 837 ar-

346 877 534 990 qumentum
545 885 620 941 esee,
629 883 695 928 non
705 862 815 926 baberi
825 873 885 946 pro
895 876 1094 927 sacrosancto
1103 860 1244 926 oedilem:
1259 861 1408 925 tribunos

360 951 485 1014 ⁷uerere
494 949 707 1036 jurejurando
726 947 836 1034 plebia,
853 969 950 1034 quum
972 948 1110 1033 primum
1133 969 1202 1012 eam
1216 958 1405 1032 potestatem

348 1037 475 1112 creauit,
505 1050 720 1101 sacrosanctos
751 1057 827 1098 esse.
885 1034 995 1109 Fuere,
1026 1036 1080 1120 qui
1114 1035 1407 1117 interpretarentur,

348 1125 459 1187 eadem
470 1122 532 1187 hac
547 1123 684 1186 Horatia
697 1122 767 1208 lege
781 1120 807 1160 ⁴⁸
816 1119 998 1184 consulibus
1014 1141 1142 1206 quoque
1156 1133 1188 1184 et
1202 1120 1408 1204 praetoribus,

267 1277 275 1296 ¹
349 1209 423 1296 quia
439 1208 549 1274 iisdem
565 1209 722 1294 auspiciis,
739 1205 855 1293 quibus
881 1206 1035 1282 consules,
1061 1218 1254 1283 crearentur,
1276 1222 1406 1272 cautum

349 1319 433 1362 ease:
460 1295 601 1381 judicem
626 1296 710 1358 enirn
737 1293 898 1358 consulem
923 1291 1085 1376 adpellari.
1141 1291 1225 1370 Quae
1255 1291 1411 1357 refellitur

349 1381 578 1468 interpretatio,
594 1381 681 1468 quod
697 1380 744 1444 bis
759 1379 953 1464 temporibus
973 1377 1150 1442 ⁴5’nondum
1174 1378 1337 1443 consulem
1356 1380 1411 1464 ju-

349 1471 462 1546 dicem,
479 1467 534 1531 aed
549 1481 727 1552 proetorem,
744 1465 895 1550 adpellari
913 1463 1100 1530 messuerit.
1147 1463 1212 1528 Hae
1227 1464 1412 1528 consulares

349 1556 433 1644 leges
454 1554 553 1618 luere.
599 1554 781 1618 lnstitutum
798 1552 890 1614 etiem
907 1550 946 1614 ab
962 1551 1071 1614 iisdem
1094 1549 1287 1627 consulibus,
1311 1561 1346 1614 ut
1363 1575 1411 1614 se-

349 1639 586 1706 natusconsulta
601 1640 633 1702 in
648 1639 750 1702 aedem
767 1638 892 1705 Cereris
902 1637 943 1701 ad
957 1636 1062 1701 rediles
1076 1636 1177 1721 plebis
1191 1635 1414 1716 deferrentur;

349 1749 422 1814 quoe
437 1731 551 1790 auteah
571 1725 703 1790 arbitrio
725 1721 890 1787 consulum
906 1723 1186 1810 supprimebantur
1200 1723 1413 1788 vitiabantur-

350 1835 423 1898 que.
469 1811 519 1876 Μ.
535 1811 663 1876 Duilius
682 1809 797 1874 deinde
826 1809 972 1874 tribunus
998 1808 1097 1892 plebie
1120 1809 1244 1892 plebem
1275 1811 1413 1897 rogavit,

352 1899 519 1982 plebesque
534 1898 642 1974 advit3
666 1899 720 1982 qui
735 1895 852 1980 plebem
871 1896 938 1959 aine
952 1896 1285 1982 tribunirreliqm'sret,
1301 1900 1417 1982 quique

350 1987 563 2070 magistratum
573 1986 640 2048 sine
647 1985 868 2066 provocatione
878 1991 1016 2058 creasset,
1029 1991 1115 2066 tergo
1125 2004 1162 2046 cc
1171 1984 1275 2065 cupite
1280 1987 1416 2065 punire·

252 2111 261 2130 .
349 2082 411 2136 tur.
452 2069 536 2134 Haec
551 2069 668 2148 omnia,
687 2083 721 2133 ut
735 2068 851 2143 invitis,
864 2067 909 2131 ita
925 2089 988 2130 oon
1004 2066 1242 2132 adversantibus
1256 2069 1415 2154 patriciis,

350 2169 527 2229 transacta:
550 2155 625 2242 quia
638 2156 780 2219 nondum
793 2153 825 2217 in
839 2173 1029 2240 quemquam
1041 2173 1138 2217 unum
1153 2153 1354 2218 saeviebatur.

394 2241 482 2308 LVI.
507 2241 653 2308 Fundata
679 2239 793 2306 deinde
819 2253 851 2304 et
875 2253 1030 2326 potestate
1051 2239 1230 2318 tribunicia,
1255 2256 1287 2304 et
1309 2240 1416 2328 plebis

762 2400 838 2449 haute
849 2401 922 2448 Gron.
936 2402 1004 2449 Creu.

349 2535 460 2582 debeam.
501 2535 649 2589 Perizoniua,
668 2534 762 2582 dissert.
787 2535 808 2582 1.
835 2536 866 2580 de
897 2536 1015 2582 cemviror
1042 2533 1152 2594 stlitibus,
1174 2535 1226 2582 rive
1247 2536 1333 2582 litibur
1348 2535 1417 2598 judi-

351 2602 466 2647 Praetorio
477 2613 498 2646 c.
516 2602 540 2648 t.
556 2601 670 2661 intelligit
692 2601 772 2646 ediles
791 2601 865 2658 ipros,
897 2599 994 2646 modu.-
1011 2600 1052 2646 aed
1063 2613 1104 2647 eoa
1121 2600 1194 2661 longo
1208 2607 1264 2660 poet
1275 2601 1341 2646 hanc
1357 2609 1418 2646 reto-

350 2677 411 2726 quot
432 2665 531 2725 Dionys.
548 2666 565 2710 l.
579 2665 624 2712 Vl.
643 2671 735 2712 creeroe
754 2664 822 2720 dicit,
839 2671 866 2710 ut
898 2669 948 2709 tem
968 2671 1186 2724 temporecreetoa.
1220 2664 1335 2724 Sigoniur
1352 2673 1419 2711 accat

351 2730 415 2776 inter
434 2729 481 2774 ulia
500 2729 585 2774 munio
611 2729 685 2774 etiam
715 2727 866 2789 dijudicarent
899 2729 1002 2787 nodum,
1014 2735 1038 2776 et
1050 2731 1112 2776 hanc
1124 2743 1207 2776 vocem
1224 2725 1302 2790 ejicit,
1314 2743 1419 2790 quomo

349 2793 410 2846 liter,
432 2805 489 2851 quoe
514 2791 562 2837 tutu
583 2791 671 2838 tribuni
688 2793 865 2852 promitterem
899 2799 957 2838 vett.
970 2795 1020 2840 ruia
1031 2793 1099 2839 libris
1107 2796 1190 2840 abere
1198 2795 1312 2840 ellimrat.

351 2861 425 2915 atque
440 2855 497 2902 inde
514 2856 648 2915 appellator
667 2869 715 2901 non
734 2857 807 2902 modo
822 2857 866 2904 tri-
930 2856 962 2903 ts
977 2857 1093 2921 Fando]
1121 2857 1225 2905 Familia
1252 2869 1297 2916 pro
1328 2858 1417 2904 bcu'ur

351 2919 463 2966 bonomo
490 2920 608 2965 ministrae
638 2923 661 2966 et
691 2919 797 2980 collegae
824 2923 867 2968 red
899 2921 964 2967 utin
980 2922 1074 2968 actione
1084 2922 1187 2985 somllloe
1204 2920 1420 2980 erdrcordoe,i.e.

352 2978 635 3042 etiomlmedsjudr‘cer.
660 2982 867 3032 Verumhuicin·
898 2985 1034 3034 dividendae
1052 2986 1208 3034 hereditatis.
1250 2985 1290 3032 Sic
1309 2991 1335 3031 et
1343 2985 1421 3048 sunri-

352 3048 517 3107 terpretationi
536 3048 562 3094 id
577 3048 868 3108 repugnat,quodoediler
899 3048 937 3094 lior
969 3053 1057 3110 emptor
1089 3052 1176 3106 heres,
1203 3051 1247 3113 qul
1281 3051 1421 3111 fingebatur

353 3113 400 3158 hae
410 3111 436 3158 ln
448 3111 500 3172 tege
514 3109 568 3174 jam
579 3111 695 3172 appellati
706 3117 764 3158 runt
774 3115 867 3160 solenni
900 3127 980 3160 onere
989 3115 1052 3160 bona
1062 3127 1077 3160 ι
1088 3121 1209 3163 testatore.

352 3182 378 3221 et
393 3176 501 3222 maxime
520 3177 609 3224 usitato
624 3176 731 3228 nomine,
751 3190 795 3224 nec
814 3191 868 3238 pro·
932 3177 964 3224 46
980 3177 1070 3242 tuoe]
1095 3179 1151 3226 Non
1172 3177 1234 3242 ejua,
1256 3180 1299 3240 qui
1323 3179 1421 3226 Semele

353 3238 410 3286 inde
431 3239 545 3288 videntur
566 3252 635 3301 porse
657 3253 740 3288 nerana
760 3241 869 3303 judicem
902 3249 1052 3290 natuueratr
1069 3239 1421 3306 eedejuaquiCereriqfillur

353 3304 514 3364 appellatione
524 3305 651 3365 designari.
675 3305 868 3353 Nobiridunum
902 3319 959 3353 cum
981 3319 1009 3352 ea
1034 3307 1167 3367 colebatur,
1186 3315 1212 3354 et
1239 3321 1299 3355 cum
1321 3308 1421 3361 Libera.

353 3369 439 3429 liquet,
455 3369 481 3414 in
503 3376 554 3418 tota
570 3371 615 3416 hac
638 3371 691 3432 lege
708 3371 748 3432 egi
767 3370 797 3417 de
818 3371 870 3431 ple·
903 3383 977 3431 quem
994 3376 1019 3416 et
1030 3371 1148 3418 Venerem
1163 3383 1215 3419 erae
1231 3373 1327 3420 volunt.
1362 3373 1423 3420 vul.

354 3433 414 3480 belia
434 3435 625 3493 magistratibus.
635 3435 674 3481 vel
685 3435 825 3482 horninibua
839 3435 870 3480 de
903 3433 952 3481 Cic.
960 3435 991 3482 de
1003 3435 1060 3482 Not.
1073 3435 1145 3483 Deor.
1156 3437 1173 3482 1.
1185 3437 1220 3483 tt.
1232 3449 1258 3484 a.
1269 3435 1310 3484 62.

354 3497 423 3558 plebe
450 3500 575 3558 negotium
609 3499 733 3559 publirum
767 3499 872 3560 gerenti·
935 3497 967 3545 tr
989 3499 1067 3546 Vetere
1088 3499 1255 3563 jerejurando]
1283 3502 1341 3548 vio
1370 3507 1422 3550 not.

353 3563 407 3608 bue
441 3561 586 3622 ingratiam
602 3564 871 3612 enimetccmmodum
904 3563 1141 3612 sladesattr.

355 3626 432 3686 plebia
461 3628 537 3674 aeliu·
562 3629 611 3674 lata
637 3631 683 3676 eat.
726 3629 828 3681 Deinde.
851 3627 872 3672 ri
936 3626 968 3673 48
986 3627 1123 3676 Concubitu
1140 3641 1226 3690 qaoque
1263 3631 1423 3689 Cannutium,

354 3691 422 3738 urere
445 3688 541 3753 judicer
562 3693 604 3752 qui
623 3693 649 3738 in
671 3693 872 3739 concitionem
904 3699 1021 3752 tanquam
1043 3693 1174 3751 derigenti·
1199 3695 1204 3708 ’
1318 3697 1423 3743 vocabu-

356 3755 460 3802 trlbunia
472 3763 496 3802 et
517 3757 627 3804 edilibur
646 3756 702 3804 liter
718 3752 872 3817 dijudicanti·
904 3757 943 3802 lor
962 3758 1114 3809 Prretodbua.
1126 3759 1183 3817 quia
1194 3759 1282 3804 liudem
1298 3760 1424 3821 confictio,

356 3821 411 3872 bue.
431 3820 461 3866 de
480 3821 509 3867 iia
529 3822 594 3868 hunc
612 3821 694 3868 locum
713 3821 872 3880 interpretan-
905 3822 993 3881 quibur
1002 3823 1275 3876 commemorarentur.

356 3885 665 3944 dumeaaeputauerimut.
808 3923 811 3928 r
937 3883 969 3930 te
986 3884 1099 3932 Nondum
1136 3883 1261 3949 malon]
1303 3887 1425 3934 Nondum

390 3945 423 3994 tt
438 3945 594 4011 Deeonoirlt]
622 3949 695 3997 lleud
717 3949 788 3996 facile
807 3950 872 3997 vide·
905 3949 989 3996 conrul
1013 3946 1103 4011 judicia
1123 3963 1223 4009 numen,
1244 3953 1288 4000 aad
1313 3952 1427 4012 pretori·

356 4013 874 4138 &wimttrllt'lltlt
905 4015 1427 4140 ffiimd‘ffilssill'ssffi

359 4139 395 4184 rit
412 4139 480 4198 plebe
492 4140 642 4190 Decemviri·
660 4143 746 4203 legum
763 4143 874 4189 ferendo
906 4142 984 4188 tendit
1002 4145 1113 4192 muncler
1131 4141 1184 4206 jem
1201 4145 1314 4204 oprimi·
1331 4152 1429 4204 tempo-

358 4215 415 4250 rum
436 4217 508 4252 uuae
524 4207 761 4267 crearir,oquorum
772 4208 875 4254 crudeli·
907 4206 973 4252 tibur
982 4207 1091 4266 judicum
1109 4210 1208 4256 nomine
1224 4210 1353 4269 lneignitor
1364 4209 1429 4256 mle·

358 4273 410 4316 tate
428 4279 479 4314 rese
498 4270 572 4318 orcula
595 4271 765 4318 vindleaverat.
803 4271 875 4318 Pom·
908 4271 1301 4327 e,urmra1.aerroeror.er.

359 4331 446 4392 mutua
465 4333 495 4380 de
514 4333 579 4399 orig,
599 4330 662 4396 juria
684 4343 804 4384 memorat
827 4335 876 4382 De.
