3032 4924
430 185 480 244 LI
491 185 524 244 B.
545 183 597 250 Yl.
628 183 730 244 CAP.
752 183 903 248 xxvru.
1140 198 1198 262 tw

488 279 494 316 r

134 351 199 416 an
225 352 395 416 sanna
414 351 495 415 serta
517 351 620 436 aen.
651 349 689 417 aa
714 349 810 414 Anna
830 350 992 426 sternam,
1016 351 1056 416 a
1081 337 1340 424 senonens

138 439 280 510 Velitras,
297 439 368 502 inde
393 437 554 502 Insaniam
577 436 709 520 legiones
730 439 844 500 dactus.
892 437 1019 516 Latinis,
1042 439 1272 515 HernicisM·
1285 441 1340 492 377·

138 525 337 590 Prcnestinis
352 525 425 609 jann
444 525 586 588 intentari
601 544 707 598 arnam·
729 523 834 586 civium
850 525 950 608 magis
965 545 1056 607 quum
1070 517 1197 590 inertium

135 613 220 686 edim·
242 621 278 674 ut
303 612 334 674 in
356 612 449 675 ornes
474 620 571 674 terant
595 610 719 692 piebesn,
736 631 790 672 nec
811 611 958 692 respirare
982 611 1015 674 in
1037 613 1117 688 urbe,
1143 623 1198 676 ant

132 719 187 778 per
200 697 295 760 otium
316 697 462 761 libertatis
473 698 638 761 meminisse
650 695 758 770 sinant,
774 706 828 760 aut
850 696 1008 762 emisistere
1028 699 1060 764 in
1081 700 1197 764 condo

134 805 180 857 ne,
196 784 250 847 nbi
269 784 435 868 aliqnando
449 785 575 846 audiant
598 803 698 847 noemi
724 782 920 859 tribunitiam,
941 787 979 848 de
994 783 1120 850 banrtdo
1132 785 1197 866 see·

134 892 206 933 nare
221 871 326 948 etfine
340 871 470 934 etiarm
484 867 662 952 injuriarum
674 879 826 954 agentem.
873 871 959 942 Qnod
977 870 1004 932 si
1017 871 1058 934 sit
1079 873 1199 938 animus
1270 875 1271 880 ’

130 957 214 1037 plebi
228 979 343 1020 memor
355 967 477 1039 patrum
500 956 655 1035 libertatis,
669 977 702 1018 se
715 977 768 1018 nec
788 956 890 1020 addici
911 977 1088 1039 quemquam
1104 959 1198 1022 cirtem

134 1043 307 1106 Romanum
321 1044 357 1106 ob
372 1043 517 1106 creditum
529 1043 685 1125 pecuniam
705 1063 859 1124 passuros,
874 1063 969 1126 neque
983 1044 1127 1108 deiectum
1141 1045 1197 1108 isu-

134 1130 212 1204 tert·
251 1131 353 1205 donec,
379 1131 507 1210 irrepente
531 1151 588 1192 are
613 1128 720 1205 alieno,
746 1128 879 1212 initaque
906 1130 1021 1192 ratione
1046 1130 1198 1194 mutuandi

134 1213 208 1298 ejas,
231 1216 307 1279 seint
327 1215 532 1300 unnsquisque,
547 1215 619 1300 qnid
637 1215 695 1290 sni,
709 1215 783 1299 quid
797 1215 890 1278 aiieni
910 1215 968 1278 sit:
991 1217 1119 1296 aspersa
1140 1217 1197 1282 sibi

136 1303 262 1366 liberam
277 1323 395 1384 corpus,
409 1323 450 1365 an
460 1303 495 1364 id
508 1321 625 1386 quoque
639 1301 889 1366 nnuodebeatnr.
934 1299 1058 1375 Merces
1069 1301 1195 1368 seditio·

134 1387 182 1452 nis
209 1388 372 1474 proposita
397 1386 558 1452 confestim
586 1385 768 1453 seditionem
795 1386 955 1452 excitavit.
985 1409 1059 1452 nam
1082 1401 1116 1452 et
1139 1389 1196 1454 ad·

133 1474 321 1540 dicebantur
335 1473 439 1552 muln,
454 1485 486 1537 et
500 1475 539 1538 ad
559 1473 745 1536 Praenestini
759 1472 875 1538 famam
891 1473 962 1536 belii
978 1495 1076 1538 nonas
1096 1474 1195 1562 legio·
1203 1502 1300 1549 astrum

132 1583 188 1624 nes
209 1561 395 1626 scribendas
414 1562 520 1626 Patres
545 1573 739 1624 censuerant.
770 1581 842 1648 quae
869 1572 1001 1646 utraque
1022 1561 1114 1628 amul
1138 1565 1332 1628 au-Praenfflf·

133 1648 211 1712 xilio
233 1647 406 1716 tribunicio
426 1659 457 1712 et
476 1668 631 1710 consensu
656 1645 756 1730 piebis
785 1645 922 1730 inpediri
950 1659 1064 1730 coepta.
1110 1645 1270 1714 Nam¹¹¹¹¹¹¹'

132 1756 234 1821 neque
248 1734 324 1803 duci
339 1733 483 1798 addictos
504 1733 621 1796 tribuni
647 1732 800 1808 sinebant,
817 1755 918 1818 neque
934 1732 1078 1818 juniores
1092 1736 1196 1800 nomi·

134 1843 173 1885 na
189 1820 320 1885 dabant.
366 1821 477 1897 Quum
495 1818 643 1884 Patribus
658 1818 798 1882 ¹⁸minor
812 1841 950 1903 praesens
969 1842 1046 1885 cura
1065 1821 1203 1900 creditoe,

133 1907 279 1992 pecuniae
302 1908 384 1994 juris
413 1905 619 1992 exsequendi,
646 1927 739 1992 quam
770 1903 918 1982 deiectus,
946 1905 1042 1980 essem
1077 1909 1196 1996 quippe

127 1993 193 2078 jann
210 2017 230 2058 a
247 1995 405 2059 Praeneste
426 1991 615 2077 ¹⁹profectos
637 1991 770 2056 hostesm
792 1994 824 2056 ia
891 2015 926 2056 ro
951 1993 1101 2059 Gabino¹²
1119 2005 1196 2060 oau-

134 2080 250 2146 sedisse
276 2079 504 2154 nunciabatur;
530 2078 656 2142 interim
685 2078 828 2149 tribunos
848 2015 951 2164 bisbis
974 2079 1060 2144 sama
1074 2084 1196 2166 eaipsa

133 2166 311 2232 irritaverat
325 2168 424 2252 magis
438 2165 479 2230 ad
494 2178 672 2248 susceptum
694 2175 863 2241 certamen,
878 2187 974 2250 quam
988 2165 1194 2232 deterruerat.
1304 2219 1306 2229 .

134 2273 238 2340 neque
263 2252 350 2318 aliud
373 2254 412 2317 ad
436 2251 622 2316 seditionem
644 2249 907 2336 exstinguendam
934 2251 967 2316 in
993 2251 1081 2328 urbe,
1099 2275 1194 2339 quem

133 2361 235 2424 prope
249 2340 381 2404 iulatum
400 2339 556 2404 moeuibus
570 2337 646 2422 ipsis
661 2336 789 2413 bellum,
806 2336 913 2402 valuit.

174 2424 340 2491 XXVIII.
365 2425 448 2490 Nam
468 2447 567 2511 quum
590 2435 671 2488 esset
687 2421 889 2490 Praenestinis
907 2423 1104 2501 nunciatum,
1119 2425 1194 2490 uui·

130 2509 201 2576 lum*
220 2513 395 2578 exercitum
417 2511 629 2597 conscriptum
648 2509 773 2586 Rome,
790 2508 912 2574 nullum
934 2509 1049 2576 ducem
1071 2523 1194 2576 certum

130 2619 209 2676 esse,
233 2597 344 2664 Patres
365 2621 403 2664 ac
429 2598 551 2682 plebem
577 2598 608 2660 ia
635 2596 819 2680 semetipsos
844 2617 964 2660 versos:
995 2598 1193 2666 occasionem

130 2684 192 2749 rati
213 2686 311 2750 duces
330 2693 450 2761 eorum,
474 2684 588 2770 raptim
613 2683 740 2771 agmine
762 2695 844 2759 acto,
861 2683 1045 2767 pervastatis
1059 2683 1194 2769 ”psori-

130 2793 189 2836 nus
211 2772 305 2858 agris,
330 2772 368 2834 ati
392 2784 515 2856 portam
541 2769 699 2834 Collinam
721 2768 810 2858 signa
832 2769 975 2836 intulere.
1020 2770 1139 2856 Ingens
1161 2772 1194 2836 ia

132 2859 209 2922 urbe
234 2857 405 2944 trepidatio
427 2856 494 2921 suit.
517 2857 748 2920 conclamatum
762 2859 807 2920 ad
827 2879 925 2934 arma,
942 2879 1195 2943 concursumque

130 2945 162 3008 ia
178 2965 287 3009 muros
308 2959 403 3030 atque
417 2957 598 3028 portasset:
622 2943 824 3028 tandemque,
840 2942 880 3006 ab
902 2943 1057 3008 seditione
1071 2944 1112 3022 ad
1127 2944 1193 3010 bel·

132 3031 198 3094 iam
214 3031 305 3108 versi,
321 3031 507 3096 dictatorem
523 3029 564 3094 T.
582 3029 767 3105 Quinctium
788 3029 1012 3094 Cincinnatum
1036 3049 1226 3098 createrem
1239 3048 1329 3102 Quinc-

130 3115 162 3181 ls
186 3118 373 3204 magistrum
399 3117 540 3203 equitum
568 3117 608 3179 A.
635 3115 858 3199 Sempronium
886 3117 1069 3182 Atratinum
1097 3118 1191 3186 dixit.
1200 3117 1248 3162 ‘¹¹¹⁸
1258 3114 1333 3161 ἀίω·

130 3201 227 3279 Quod
249 3204 305 3270 ubi
325 3203 468 3269 auditum
483 3215 540 3278 est,
557 3207 676 3287 (tantus
690 3202 756 3286 ejus
771 3203 973 3303 magistratus
993 3219 1095 3268 terror
1109 3215 1191 3290 erat)
1200 3187 1244 3226 ‘⁰¹'

128 3289 222 3354 simul
244 3292 351 3355 bostes
372 3315 391 3355 a
413 3289 571 3353 moenibus
593 3309 759 3369 recessere,
781 3300 814 3352 et
830 3288 973 3374 juniores
990 3291 1129 3356 Romani
1151 3291 1193 3358 ad

129 3375 268 3442 edictum
295 3379 363 3444 siue
386 3377 829 3441 retractatIone⁰convenere.v
872 3375 961 3440 Dum
982 3378 1192 3445 conscribitur

131 3461 245 3528 Romae
264 3464 429 3540 exercitus,
446 3478 547 3528 castra
567 3461 693 3525 interim
714 3460 851 3526 bostium
871 3459 956 3524 haud
979 3461 1092 3547 procul
1107 3463 1194 3529 Allia

128 3547 260 3614 flumine
279 3553 400 3636 posita:
423 3550 498 3613 inde
520 3569 631 3634 agrum
648 3547 710 3611 iate
724 3546 924 3632 populantes,
944 3545 1081 3629 fatalem
1094 3570 1128 3613 se
1142 3571 1192 3614 nr·

129 3635 158 3698 bi
170 3635 321 3701 Romane
343 3637 438 3701 baum
458 3636 577 3716 cepisse,
594 3635 677 3698 Inter
689 3655 724 3697 se
741 3633 921 3719 jactabantz
944 3635 1073 3698 similem
1095 3657 1191 3720 pauo·

128 3743 191 3786 rem
205 3723 276 3788 inde
290 3745 328 3788 uc
339 3721 457 3809 fingam
470 3723 556 3808 sore,
573 3743 611 3787 ac
634 3719 711 3784 bello
734 3721 851 3784 Gallico
864 3717 972 3802 suerit.
1019 3721 1147 3800 Etenim,
1162 3726 1193 3788 si

128 3809 216 3887 dnm,
233 3820 399 3876 contactum
421 3809 574 3894 reiigione,
591 3806 795 3892 insignemque
815 3808 932 3912 nominq
946 3805 1089 3893 spissiori,
1107 3809 1192 3874 tirne-

129 3931 305 4043 Edbmsm
314 3931 386 3979 nnn
395 3933 463 3978 cren.
603 3927 879 3976 ”numennumen
1011 3929 1192 3977 ⁰detrertattaae

160 4093 191 4142 18
208 4093 296 4142 Mtnor
307 4107 409 4156 pransu
420 4092 488 4156 ntro]
506 4093 644 4140 Gronovius
678 4105 752 4152 quum
769 4099 794 4140 et
812 4093 930 4152 expressit
956 4093 982 4140 In
1012 4094 1117 4142 editione
1139 4103 1192 4142 'sua

127 4159 194 4219 legit,
213 4159 293 4206 armna
308 4171 419 4220 pransu,
435 4159 451 4204 i.
468 4172 491 4208 e.
507 4158 589 4206 miuus
604 4169 646 4204 ur·
678 4157 791 4204 crateae.
826 4156 910 4218 Vulgo
914 4157 1029 4220 pefectae
1036 4159 1127 4215 norun
1144 4159 1191 4206 mi·

130 4237 198 4334 gqq
207 4287 331 4350 Profectus
340 4286 422 4349 totns]
435 4286 646 4336 HancessettSS.
678 4223 900 4348 uuitil'ei'iildtirdns]
918 4288 972 4334 Uno
988 4293 1072 4336 tortora
1082 4295 1154 4348 proin
1165 4289 1191 4336 ia

128 4363 228 4400 anonim
245 4353 374 4400 lectionem
393 4353 489 4400 monuit
500 4353 647 4413 Gronovius,
677 4353 803 4400 cedebm.
