3056 4928
436 160 636 224 L1u.v111.
663 159 765 222 cnr.
790 160 857 222 xx.
1128 173 1184 234 47³
1269 157 1273 168 ’

125 319 333 401 obsideretur,
348 321 427 389 alter
440 325 549 390 consul
564 324 765 388 comitiorum
779 345 890 390 caussa
908 323 1043 388 Romam
1060 345 1186 392 revoca-

125 427 186 476 tus.
232 411 380 475 Carceres
395 433 439 474 eo
456 433 539 476 anno
555 412 586 476 in
606 412 690 474 circo
710 412 847 492 primunr
869 411 988 474 statuti.
1033 412 1185 478 Nondum

124 495 307 582 perfunctos
340 519 417 562 cura
448 498 639 562 Privernatis
668 497 742 560 belli
771 496 925 562 tumultus
956 496 1069 562 Gallici
1105 499 1188 564 samu

124 596 218 648 atrox
235 585 356 656 invasit,
372 582 458 648 harrd
474 583 571 648 ferme
585 605 639 648 um
664 605 734 648 uam
757 582 899 684 neglecta
919 583 1074 648 Patribus.
1119 585 1187 650 Ex·

124 668 245 753 templu
268 669 364 757 igitur
385 668 528 734 consules
547 606 687 746 novi‚(la
704 669 855 734 AEmibna
871 668 1086 735 Mamercinus
1100 685 1132 735 et
1148 673 1227 738 (Lu.
1238 687 1265 738 c.
1276 689 1332 740 426.

127 753 285 835 Plautius,
298 779 337 820 eo
362 755 431 840 ipso
457 758 517 833 die,
536 755 688 820 Kalendis
714 755 938 831 Quinctilibus,
953 755 1052 842 ²6qno
1074 754 1263 866 magis-fi
1276 755 1332 866 ³59·

125 851 266 906 tratum¹²
292 842 440 920 inierunt,
463 863 647 927 comparare
674 841 755 904 inter
780 864 812 906 se
838 842 1014 924 provincias
1034 843 1133 927 jussi3
1156 860 1188 908 et
1197 884 1230 930 11.
1241 833 1349 934 effi,

126 925 358 1008 Mamercinus,
367 929 417 992 cui
434 927 592 992 Gallicum
609 927 727 991 bellum
744 942 899 1003 evenerat,
915 927 1051 992 scribere
1065 931 1231 1004 exemi-uo
1242 950 1307 997 cova

125 1027 193 1090 tum
218 1014 287 1078 aine
309 1013 374 1078 ulla
394 1015 564 1078 vacationis
587 1015 685 1078 venia.
708 1013 785 1100 quin
804 1013 956 1099 opificum
980 1037 1105 1101 quoqne
1119 1015 1188 1078 vul-

124 1122 184 1187 gus
202 1112 235 1163 ct
258 1098 417 1174 sellularii,
433 1099 563 1164 minime
587 1099 708 1164 militiae
731 1098 878 1164 idoneum
899 1121 1011 1187 genus,
1027 1101 1124 1164 exciti
1140 1102 1187 1166 tli-

124 1202 261 1251 cuntur:
286 1185 442 1272 Veiosque
463 1187 573 1267 ingens
594 1185 750 1250 exercitus
775 1199 965 1263 contractus,
981 1198 1017 1250 ut
1039 1187 1113 1250 inde
1130 1188 1188 1252 ob-

125 1273 209 1338 viam
238 1271 339 1336 Gallia
365 1272 473 1336 iretur.
499 1271 622 1354 longius
647 1271 776 1347 discedi,
799 1293 838 1335 ne
862 1271 925 1336 aliu
954 1271 1065 1338 itinere
1090 1273 1189 1339 hostis

123 1356 247 1424 falleret
260 1357 302 1422 ad
317 1357 427 1422 urbem
448 1357 606 1436 incedens,
622 1379 685 1422 non
701 1357 827 1443 placuit
853 1357 974 1422 Paucos
988 1357 1104 1423 deinde
1118 1373 1189 1445 post

125 1444 203 1522 dies,
220 1446 296 1510 sutis
311 1444 474 1531 explorata
494 1445 643 1526 temporis
663 1444 727 1529 ejus
742 1444 857 1528 quiete,
872 1443 926 1507 ¹⁷u
941 1443 1043 1508 (lallis
1060 1445 1186 1510 Priver-
1197 1459 1342 1510 ratianum

125 1553 200 1596 num
228 1529 333 1596 omnia
357 1551 507 1596 conversa
529 1531 583 1594 via.
628 1529 759 1611 Duplex
785 1530 857 1610 iqdc
882 1531 967 1594 fama
992 1543 1055 1594 est:
1082 1531 1135 1596 alii
1157 1533 1307 1598 vicanum.

123 1630 247 1701 captam
264 1617 386 1694 urbem,
405 1615 648 1716 Vitruviumque
668 1617 771 1679 vivum
795 1616 826 1679 in
848 1627 1033 1696 potestatem
1051 1618 1187 1684 venisse:
1217 1643 1220 1650 ¹

124 1701 188 1784 alii,
204 1703 388 1790 priusquam
405 1702 517 1766 ultima
534 1701 736 1766 adhiberetur
751 1701 808 1780 vis,
823 1701 943 1787 ²⁸ipsus
958 1725 992 1767 se
1007 1704 1039 1767 in
1054 1703 1188 1770 deditio·

126 1813 196 1856 nem
223 1788 362 1856 consulis
382 1789 589 1854 ”caduceum
615 1788 814 1874 praelcrcntes
837 1789 1022 1871 permisisse,
1046 1803 1190 1858 auctores

125 1891 207 1954 sunt,
224 1875 472 1962 Vitruviumque
486 1873 526 1940 ab
541 1875 604 1940 suis
619 1875 779 1940 traditum.
826 1875 970 1952 Senatus,
985 1875 1027 1939 de
1043 1876 1190 1944 Vitruvio

128 1962 430 2048 Privernatibusque
465 1961 637 2037 consultus,
668 1961 827 2026 consulem
865 1961 1037 2044 Plautium,
1074 1964 1188 2031 dirutis

127 2049 272 2114 Priverni
289 2049 399 2124 muris,
416 2048 626 2133 praesidioque
640 2047 745 2111 valido
764 2047 910 2133 inposito,
926 2047 968 2112 ad
990 2051 1085 2116 trium
1111 2050 1188 2116 bum

123 2136 251 2202 arcessit
258 2158 268 2211 ;
287 2134 467 2198 Vitruvium
484 2133 516 2196 in
533 2155 687 2198 carcerem
704 2133 974 2219 adservarijussit,
990 2073 1188 2221 quoaduna-

124 2223 170 2286 sul
188 2222 338 2297 redissem
362 2236 427 2285 tum
446 2219 646 2286 verberatum
668 2220 784 2284 necari.
807 2217 890 2284 redes
905 2221 980 2305 ejus,
997 2241 1070 2306 quve
1086 2237 1189 2288 essent

126 2308 156 2372 in
185 2308 318 2384 Palatio,
344 2306 525 2383 diruendas,
553 2307 635 2370 bona
662 2305 830 2372 ³⁰Semoni
866 2305 970 2370 Sanco
998 2323 1189 2374 censuerunt

125 2395 356 2462 consecranda:
387 2391 537 2479 quodque
564 2393 636 2456 aeris
666 2415 705 2456 ex
735 2391 778 2454 eia
808 2389 970 2456 redactum
1001 2403 1058 2464 est,
1081 2415 1119 2457 erc
1150 2417 1188 2459 eo

125 2483 203 2548 aenei
233 2480 329 2546 orbes
350 2478 434 2557 facti,
460 2480 567 2564 positi,
583 2479 615 2541 in
642 2477 764 2544 Sacello
787 2477 881 2563 Sunci
903 2477 1065 2542 ³¹versus⁰
1084 2479 1186 2544 oerlem

126 2567 267 2644 Quirini.
314 2567 364 2630 De
382 2579 492 2630 senatu
510 2565 690 2630 Privernate
709 2565 764 2648 ita
776 2562 948 2639 decretum,
967 2576 1010 2638 ut,
1026 2565 1081 2650 qui
1095 2571 1187 2631 senass

124 2667 173 2718 tor
190 2653 336 2721 Priverni
358 2666 431 2738 post
450 2649 657 2716 defectionem
677 2649 718 2714 ab
737 2649 889 2714 Romanis
909 2651 1084 2726 mansisset,
1100 2665 1188 2716 trans

126 2741 270 2806 Tiberim
292 2737 361 2826 lege
382 2738 503 2815 eadem,
519 2761 580 2824 qua
597 2735 762 2812 Veliterni,
780 2735 944 2800 babitaret.
989 2735 1052 2800 His
1072 2738 1116 2802 ita
1132 2741 1188 2802 de·

126 2829 227 2906 cretis,
245 2825 400 2912 usquead
416 2827 610 2910 triumphum
628 2821 743 2888 Plautii
763 2822 920 2886 silentium
941 2822 983 2886 de
1000 2823 1188 2890 Privernati·

375 2983 388 3011 ¹²
399 2980 548 3041 meginratus
558 2980 633 3028 Gran.
730 2976 861 3024 ⁰udverrur
872 2977 940 3024 Crev.

157 3133 190 3183 ld
207 3131 260 3190 Quo
270 3131 434 3193 magistrarum
448 3130 561 3195 inerunt]
580 3129 641 3178 Vul·
675 3129 1189 3181 nov.rtad11.81.s'aaeumeumdemane

126 3213 157 3260 gn
172 3199 232 3246 editi
252 3197 411 3257 magistratus·
444 3197 536 3243 Sedet
559 3209 642 3256 perpe·
674 3195 929 3253 aedium,sivedcvm
939 3196 1045 3244 Fidium.
1079 3197 1147 3244 idem
1163 3205 1189 3244 et

127 3270 183 3310 tuus
199 3263 266 3310 Livii
285 3273 339 3306 mue
354 3260 379 3306 id
400 3261 504 3320 postulat
520 3261 584 3318 quod
600 3273 642 3306 ex·
676 3259 793 3306 llercvdea
810 3267 870 3314 erut,
888 3261 989 3308 testibus
1001 3261 1073 3308 rato
1088 3262 1113 3307 ln
1130 3276 1189 3310 voce

127 3329 275 3386 pruvimuaa
293 3330 318 3370 et
335 3325 369 3370 ltu
389 3327 478 3371 habent
494 3323 641 3384 Campanus,
674 3323 776 3383 Propter
786 3325 859 3381 aium,
870 3331 894 3370 et
904 3323 974 3370 Varr.
984 3325 1000 3369 l.
1010 3324 1053 3370 lv.
1065 3327 1095 3372 de
1106 3326 1190 3386 lingua

127 3391 249 3452 Sigonius,
260 3395 310 3436 vves
327 3389 398 3436 Mss.
416 3387 525 3444 llearnii,
539 3395 642 3448 quatuor
675 3387 771 3442 Latina,
782 3389 825 3435 aed
841 3389 958 3436 Hercules
975 3387 1087 3448 Sabinus,
1099 3395 1127 3435 ut
1141 3391 1191 3436 col·

127 3457 210 3502 matri.
673 3453 758 3514 ligitur
779 3466 810 3499 ex
832 3452 903 3500 Varr-
924 3453 978 3498 lucu
1000 3460 1143 3508 memorato,
1165 3461 1191 3502 et

158 3519 241 3568 wa
255 3518 342 3582 Gallia]
358 3516 419 3571 Quae
435 3515 500 3576 priua
516 3514 540 3560 in
559 3516 643 3563 Gallus
675 3517 749 3564 Dian.
760 3518 776 3563 l.
789 3517 824 3564 11.
837 3519 879 3578 qui
890 3515 995 3563 Sancum
1008 3517 1102 3564 Sabinae
1113 3518 1190 3578 regio-

126 3591 208 3642 prata
227 3584 416 3642 erar,adveraua
432 3579 575 3628 Priuernum
589 3594 642 3628 em·
675 3582 713 3628 nis
730 3582 831 3644 genium
849 3582 924 3629 ruitae
944 3581 1062 3640 perhibet.
1096 3581 1192 3642 Nempe

127 3648 346 3696 ntaeoaveraavia
674 3657 747 3694 suum
769 3657 873 3706 queque
898 3645 948 3692 fere
973 3657 1033 3705 gena
1060 3645 1192 3693 Herculem

158 3709 638 3772 281pmutrtedtnoaeneomtu...
674 3711 767 3757 babuit.
802 3711 921 3757 Semurium
937 3708 1126 3770 interpretantur
1139 3712 1192 3757 vul·

123 3776 267 3840 midan]
300 3777 374 3824 necve
403 3775 498 3820 videtur
528 3769 642 3834 Dujutiua
674 3787 706 3836 ge
723 3775 839 3830 Heruem,
856 3773 924 3834 quari
941 3773 1130 3820 nmium.-
1147 3774 1194 3820 ml·

126 3841 265 3900 emendare,
277 3840 371 3887 eanvult.
406 3838 461 3884 Vna
478 3837 519 3884 illa
532 3851 580 3884 nou
591 3845 643 3886 tuta
675 3851 760 3886 norem
771 3839 827 3892 diis,
838 3835 955 3900 majorem
972 3837 1118 3884 bominibus.
1137 3837 1193 3885 vid.

126 3917 169 3962 μυ
182 3917 251 3950 uvore
267 3905 338 3952 solitu
354 3905 442 3964 scriptu
458 3909 520 3961 erat,
532 3903 573 3948 sed
590 3911 644 3950 tart·
676 3903 765 3950 Marah.
781 3903 879 3950 Mutia
899 3901 1011 3949 lexicon.
1035 3903 1111 3961 Prope
1129 3899 1192 3963 ciue,

127 3975 180 4016 tum
191 3969 618 4028 aaa.uttvabenvquatuorenoatrta
676 3967 814 4029 quicunque
838 3967 936 4012 undam
960 3965 981 4014 le
1002 3965 1042 4022 rit,
1067 3967 1193 4025 sacellum,

157 4031 363 4096 29'Cuduoeum]
380 4034 478 4090 Virum
496 4032 562 4090 puris
579 4033 644 4079 indl-
677 4031 845 4086 ndesQuirlni
856 4030 911 4077 fuir.

126 4111 189 4156 uem,
203 4098 313 4158 quamn
330 4099 371 4157 qni
389 4107 471 4158 [vacam
489 4096 588 4154 petituri
603 4109 644 4143 ve·
709 4095 739 4143 81
756 4096 875 4142 Adversus
901 4093 972 4146 oedcm
999 4093 1115 4205 dividui}¹
1141 4095 1195 4142 Διι-

127 4162 235 4220 aiebant,
256 4168 351 4222 guture
373 4175 423 4222 praa
445 4161 558 4206 manibus
579 4161 645 4208 soliti
676 4163 755 4218 draus,
788 4161 934 4220 canpaniae,
968 4159 1060 4219 aliquot
1117 4159 1193 4206 amit

126 4233 205 4276 aaut.
219 4226 278 4272 Vid.
296 4227 366 4285 plura
381 4227 406 4272 iu
426 4229 476 4270 nut-
493 4224 524 4271 sd
542 4223 643 4273 xxvt.
678 4225 750 4273 MSS.
761 4231 787 4272 et
804 4223 880 4271 nostri
895 4235 980 4270 omnes
995 4223 1021 4269 in
1036 4224 1099 4270 hanc
1111 4223 1195 4270 leutiu-

130 4288 167 4336 1⁷.
677 4303 734 4338 nem
756 4289 918 4338 consentiunt.
958 4289 1037 4348 Vulgo
1062 4301 1142 4334 verm
1162 4301 1195 4334 a·

156 4352 190 4401 ³0
206 4353 302 4402 Serrani
311 4353 399 4416 Sesea]
415 4353 603 4404 observavimus
618 4356 643 4403 in
677 4353 734 4402 derra.
