3008 4908
1208 199 1211 208 υ
1296 151 1308 186 Ι

295 173 352 234 264
688 175 799 234 TITl
827 176 964 236 Ltvlt

138 355 275 406 tusses.
297 336 420 402 hostem
451 335 589 402 inducit:
627 337 777 426 magistro
806 338 946 423 equiturn
980 337 1137 424 praecipit,
1167 359 1209 402 ne
1237 337 1359 424 injussu

137 424 167 469 Α·
181 423 207 469 0
219 419 274 482 ⁴22
299 445 438 510 pugnem
452 422 598 508 incipiat:
622 445 665 500 se,
681 445 779 508 quum
791 445 870 508 opus
885 423 935 502 sit,
951 425 1087 510 equestri
1098 424 1217 490 auxilio
1231 427 1360 512 signum

299 512 453 574 daturum.
476 523 545 574 tum
564 521 599 574 ut
614 531 733 574 memor
747 510 842 596 regite
857 531 987 598 pugnae,
1004 531 1125 575 memor
1149 511 1248 595 opimi
1268 509 1358 586 doni,

301 595 494 682 Romulique
508 617 544 660 ac
559 593 647 660 Joris
663 595 807 672 Feretrii,
821 618 885 662 rem
901 611 1034 684 gereret.
1080 595 1238 685 Legiones
1250 599 1360 680 inpetu

299 681 418 760 ingenti
442 680 627 770 confligunt.
675 681 837 746 Romanus
852 681 927 746 odio
948 704 1108 760 accensus,
1126 683 1247 768 inpium
1265 676 1362 747 Fide·

298 783 416 847 nutem,
435 767 619 852 praedoncm
636 769 811 846 Veientem,
829 783 973 852 ruptores
987 768 1198 846 induciarum,
1213 784 1364 834 cruentos

299 854 474 941 legatorum
489 853 620 918 infanda
634 853 730 931 caede,
747 877 903 940 respersos
917 856 1071 941 snrrguine
1085 855 1271 920 colonorum
1288 878 1362 920 suo·

296 963 382 1019 rum,
398 939 534 1026 perfidos
548 941 659 1018 socios,
672 939 801 1006 inbelles
822 939 927 1006 hostes
941 939 1144 1028 compellans,
1160 942 1248 1008 lactis
1267 939 1363 1004 simul

301 1027 393 1092 dictis
419 1051 455 1089 ue
471 1027 580 1092 odium
597 1026 716 1114 explet.

345 1051 520 1180 XlleIl.
545 1113 757 1179 Concusserat
779 1113 883 1198 primo
906 1113 1012 1178 statim
1033 1136 1203 1201 congressu
1218 1112 1363 1178 bostem:
1412 1150 1416 1160 ι

141 1213 269 1260 Fidenates
301 1223 398 1288 quum
426 1214 566 1284 repente,
581 1200 743 1285 patefactis
769 1199 958 1264 Fidenarum
989 1201 1099 1284 portis,
1121 1223 1202 1266 nova
1224 1200 1366 1282 erumpit

139 1284 272 1390 mmm
302 1287 392 1364 ecies,
413 1286 554 1354 inaudite
580 1287 701 1352 anteiri
724 1299 849 1368 tempus
878 1285 1100 1371 invisitataque
1109 1297 1132 1350 ¹.
1155 1285 1282 1370 ignibus
1312 1309 1365 1350 ar-

140 1357 283 1454 mm'
302 1389 387 1438 muta
412 1373 524 1461 ingens
550 1371 731 1450 multitude,
748 1371 929 1460 facibusque
950 1371 1131 1436 ardentibus
1157 1386 1224 1438 tots
1250 1371 1365 1436 conlu-

303 1483 387 1540 cens,
402 1460 489 1524 vclut
503 1459 640 1524 lanatico
662 1459 810 1524 instincta
832 1481 936 1535 cursu,
952 1459 983 1520 in
1002 1461 1120 1524 hostem
1141 1459 1222 1524 ruit:
1246 1457 1366 1523 forma·

269 1609 274 1630 ,
302 1569 365 1696 que
386 1546 521 1610 insolitae
546 1567 663 1631 pugnae
692 1545 853 1610 Romanos
875 1566 1046 1630 parumper
1071 1546 1233 1610 exterruit.
1278 1545 1366 1608 'l'um

302 1657 313 1699 t

327 1635 449 1709 letetur,
467 1633 617 1720 magistro
641 1631 782 1717 equitum
810 1631 1037 1717 equitibusque,
1053 1644 1120 1695 turn
1136 1654 1177 1696 ex
1200 1629 1367 1696 mentibus

304 1719 458 1795 Quinctio
484 1717 600 1794 adcito,
619 1717 769 1802 proelium
796 1717 893 1797 ciens,
916 1717 983 1802 ipse
1007 1717 1039 1780 in
1065 1717 1227 1782 sinistrum
1251 1740 1366 1793 cornu,

302 1803 434 1891 “quod
462 1803 608 1868 incendio
635 1803 767 1866 similius
792 1825 886 1888 quam
912 1803 1035 1886 proelio,
1058 1804 1202 1868 territum
1230 1819 1369 1868 cesserat

301 1891 446 1963 flammis,
463 1890 619 1954 adcurrit:
642 1888 787 1974 claraque
803 1911 887 1961 voce,
902 1891 1037 1954 Fumone
1056 1891 1140 1968 uicti,
1158 1889 1271 1974 inquit,
1284 1893 1367 1974 uelut

302 1999 427 2041 examen
442 1999 533 2060 apum
547 1979 612 2040 loco
634 1986 730 2040 uestro
751 1977 862 2054 exacti,
879 1977 989 2039 inermi
1012 1979 1123 2041 cedetis
1147 1977 1255 2040 hosti?
1295 1977 1369 2041 Non

188 2065 200 2082 '
290 2064 386 2150 fiere
400 2065 597 2146 exstinguetis
608 2063 719 2146 ignes?
742 2062 896 2146 nonfaces
907 2063 963 2126 hes
978 2064 1061 2146 ipsus
1071 2085 1131 2144 pro
1144 2085 1175 2126 se
1189 2064 1327 2146 quisque,
1339 2065 1370 2128 si

304 2151 381 2234 igni,
399 2172 458 2212 non
474 2151 553 2226 telis,
564 2149 763 2232 pugnandum
779 2157 832 2220 est,
849 2143 967 2230 ereptus
978 2151 1058 2212 reltro
1069 2149 1233 2234 inferetis?
1258 2149 1368 2233 Agite,

305 2237 436 2300 nornr'nis
448 2235 586 2300 Romani
599 2258 636 2298 nc
650 2235 772 2298 uirtutis
783 2244 909 2315 potrum
924 2245 1087 2318 nostreque
1097 2257 1244 2311 memores,
1257 2238 1369 2300 uertite

304 2325 474 2386 incendium
489 2323 544 2385 hoc
560 2324 593 2384 in
607 2321 736 2385 hostium
751 2319 850 2383 urbem
856 2355 867 2393 ‚·
892 2330 921 2383 et
935 2323 997 2384 suis
1005 2321 1146 2408 flammis
1160 2322 1256 2384 delete
1271 2322 1367 2386 Fide·

303 2431 370 2486 nas,
387 2431 462 2494 ques
476 2410 583 2473 vestris
597 2406 749 2487 beneficiis
762 2409 892 2490 placare
908 2428 968 2470 non
976 2408 1132 2488 potuistis.
1179 2408 1368 2490 Legatomun

303 2496 359 2560 noc
373 2518 424 2560 uos
438 2506 602 2560 uestrorum
624 2496 852 2578 colonorumque
870 2494 1004 2577 sanguis,
1020 2495 1191 2576 uastatique
1203 2493 1291 2576 fines
1306 2517 1369 2558 mo·

305 2591 388 2646 nent.
445 2579 498 2646 Ad
525 2579 692 2666 imperium
714 2578 876 2643 dictatoris
898 2591 985 2642 mota
1009 2593 1124 2644 cuncta
1148 2575 1250 2643 ocios:
1285 2577 1369 2646 foces

306 2671 420 2751 purtim
447 2668 567 2730 emissae
592 2665 810 2750 excipiuntur,
831 2663 992 2749 pertimui
1015 2665 1209 2750 eripiuntur:
1236 2679 1371 2753 utraque

305 2754 387 2818 acies
397 2766 538 2817 armetur
550 2753 625 2839 igni.
664 2749 822 2837 Magister
835 2750 975 2836 equitum
991 2766 1023 2816 et
1038 2751 1105 2836 ipse
1118 2767 1215 2816 novur
1228 2773 1370 2839 pugnem

305 2856 490 2926 equestrem.
514 2836 618 2902 frenos
635 2851 669 2900 ut
683 2835 850 2902 detrahant
869 2837 967 2923 equis,
983 2837 1135 2922 imperat:
1159 2838 1269 2924 etipse
1279 2839 1371 2924 prin·

306 2947 389 3010 ceps,
412 2921 587 2990 calcaribus
612 2921 746 2986 subditis
770 2937 905 3000 evectus,
935 2921 1055 2988 effreno
1077 2947 1160 3011 equo
1185 2924 1219 2988 in
1246 2927 1370 2990 medios

307 3013 395 3097 ignes
424 3008 576 3074 insertur:
601 3025 632 3074 et
657 3007 707 3072 ulii
739 3009 889 3074 concitati
918 3011 989 3096 equi
1016 3009 1117 3074 libero
1142 3032 1236 3076 cursu
1262 3009 1371 3077 serunt

307 3096 443 3182 equitem
462 3099 492 3160 in
515 3097 643 3160 bostem.
691 3094 798 3160 Pulvis
812 3095 922 3172 elutus,
940 3099 1118 3184 mixtusque
1140 3095 1240 3177 fumo,
1262 3095 1371 3162 lucem

306 3205 347 3247 ex
361 3181 460 3248 oculis
475 3181 614 3246 virorum
629 3204 847 3268 equorumque
862 3181 973 3248 aufert.
1000 3205 1047 3260 ea,
1068 3206 1140 3268 quae
1155 3183 1289 3248 militem
1306 3197 1372 3250 ter·

308 3283 426 3346 ruerat,
441 3267 558 3352 species
572 3267 650 3332 nibil
664 3269 775 3334 terruit
789 3291 896 3354 equos.
920 3269 1020 3332 ruinre
1033 3269 1129 3356 igitur
1141 3269 1274 3334 similem
1288 3285 1373 3337 stra·

306 3377 378 3442 gem
406 3377 510 3442 eques,
537 3355 735 3440 quecumque
757 3367 946 3439 pervaserat,
962 3353 1061 3419 dedit.
1108 3355 1238 3419 Clamor
1253 3355 1372 3422 deinde

306 3441 421 3506 accidit
436 3463 552 3505 novus:
575 3442 741 3528 quiquam
760 3453 927 3526 utrumqne
941 3441 1161 3506 mirabundam
1177 3441 1209 3504 in
1225 3464 1258 3505 se
1268 3443 1370 3508 eciem

308 3530 457 3605 vertisset,
485 3528 620 3592 dictatur
645 3527 811 3608 exclamat,
830 3526 1005 3603 Quinctium
1031 3529 1163 3611 legatum
1187 3537 1217 3592 ct
1238 3549 1310 3594 seros
1331 3530 1373 3594 ub

307 3616 669 3700 tergodostemadurtor:
693 3614 770 3694 ipse,
782 3612 1375 3700 redintegratoclemore,infertacrius

144 3723 282 3772 mmmm
308 3701 408 3788 signa.
453 3698 564 3776 Quum
579 3701 653 3762 ‹luae
667 3701 759 3776 acies,
771 3699 836 3762 duo
851 3697 974 3763 diversa
995 3699 1121 3784 proelia,
1138 3701 1372 3766 circumventos

145 3788 261 3864 &²⁰2⁸
275 3795 301 3838 οἱ
310 3787 461 3852 Etruscos
481 3797 512 3850 et
534 3809 553 3849 a
575 3785 676 3849 fronte
697 3797 728 3848 et
750 3785 791 3848 ab
815 3800 905 3872 tergo
926 3797 1084 3874 urgerent,
1101 3808 1204 3872 neque
1218 3787 1252 3850 in
1266 3800 1374 3853 castra

143 3853 279 3902 ''dm“
308 3887 405 3950 retro,
422 3875 570 3957 usquein
587 3883 721 3947 montes,
738 3872 822 3936 unde
836 3893 868 3935 se
883 3893 981 3936 novus
1003 3871 1103 3936 hostis
1124 3873 1293 3958 objecerat,
1310 3873 1373 3938 itur

307 3959 392 4046 suges
414 3973 507 4039 esset,
529 3957 595 4022 ⁶⁴et
617 3957 755 4044 equitem
781 3957 897 4043 passim
922 3956 1014 4022 liberi
1043 3958 1139 4024 frenis
1169 3959 1374 4045 dispulissent

670 4096 683 4126 ¹
694 4094 846 4154 interimque
857 4095 932 4142 Grou·
940 4095 1010 4142 Crev-

183 4265 192 4272 ,
338 4207 371 4254 68
388 4206 454 4264 Quod
479 4205 583 4254 ueendto
611 4209 720 4264 similius,
750 4223 820 4268 quem
851 4209 923 4257 acies.

302 4269 396 4334 pretio]
412 4272 482 4326 Quod
498 4285 575 4332 quum
596 4273 717 4322 videretur
738 4273 819 4333 potius
882 4273 915 4321 64
931 4273 1085 4340 sequetem]
1109 4275 1142 4324 lit
1163 4276 1301 4338 equitatum
1321 4277 1373 4324 tto-

303 4337 401 4400 eltquod
412 4337 560 4396 incendium,
572 4350 646 4399 quarn
662 4337 819 4398 preliantem
851 4351 953 4388 manum
973 4341 1041 4388 tiberi
1063 4341 1138 4390 trente
1155 4343 1211 4404 equi
1228 4353 1272 4402 par
1288 4345 1373 4390 totum
