3056 4928
473 249 1201 315 Llsstx.cA1’.1x.sor

133 438 173 484 ne
186 425 293 484 nosne
307 425 422 500 negem
430 415 552 482 exsolui
564 416 715 499 relegisse
726 417 889 498 poputum,
899 397 1020 480 idislos
1038 414 1148 499 magis,
1163 435 1240 481 neu.
1252 433 1278 480 c.
1290 433 1346 484 ιιι.

134 505 301 579 dedantur,
315 523 405 586 psum
419 503 494 586 quio
509 503 557 570 ita
570 524 602 566 se
615 523 666 567 res
685 502 807 578 lubeat,
823 503 933 577 dicere,
949 503 1018 586 quis
1030 503 1109 564 adeo
1121 500 1279 584 furiem·
1272 499 1347 549 ·³¹⁸·

123 591 303 690 ficiolium
301 609 408 670 erpers
418 598 462 654 est
465 589 536 672 ,qui
550 589 696 672 ignoret?
714 587 822 672 Neque
831 610 887 672 ego
902 589 1022 671 inficias
1033 609 1078 665 eo,
1089 587 1204 654 Patres

135 673 390 862 midi
401 675 1205 864 lfflliffildii‘lisllssifflssil

136 851 269 916 colitur:
290 849 372 912 sed
358 846 474 931 snjrussu
483 849 595 930 populi
613 869 691 933 nego
702 850 870 933 quidquem
882 849 1001 912 ιιιιιιὲιι
1010 869 1109 930 posse,
1126 849 1207 932 quod

133 935 282 1018 populum
295 943 409 1001 semar.
438 933 501 1010 An,
514 937 542 998 si
555 936 658 1000 eudem
673 935 827 1018 supelio,
839 957 900 1018 quo
910 937 1099 1017 sporue'onem
1115 937 1206 998 istam

137 1031 350 1104 &premerunt
364 1020 450 1088 nobis
465 1021 627 1098 Samnites,
642 1023 807 1106 coegissem
822 1043 877 1085 nos
889 1021 981 1086 uerbo
998 1024 1138 1106 legitiem
1152 1023 1206 1084 de-

137 1109 276 1175 dentium
288 1107 377 1173 urbes
389 1127 576 1190 nuncupare,
589 1109 723 1172 deditum
734 1110 880 1190 populum
893 1109 1066 1176 Romam
1081 1129 1132 1172 vos
1146 1107 1206 1170 tri·

139 1195 215 1260 ueni
232 1194 383 1270 diceretis,
400 1203 430 1258 et
443 1191 557 1260 ”nanc
578 1193 689 1270 urben,
704 1197 829 1278 templa,
844 1194 1082 1278 delubrmjines,
1097 1215 1205 1278 aqum,

139 1281 324 1347 Samnitium
347 1285 436 1346 esse?
461 1281 576 1344 Omitto
597 1282 792 1357 deditionem,
814 1283 959 1366 qesoniom
984 1284 1022 1345 de
1045 1283 1208 1364 sponsione

140 1369 257 1452 agitur.
272 1367 349 1450 quid
361 1368 493 1442 tandem,
505 1389 532 1430 se
529 1368 816 1450 'spopondissemus
827 1368 929 1432 urbem
944 1368 1022 1432 hono
1031 1369 1208 1431 relietumm

135 1455 284 1537 populum
298 1453 494 1518 Romanum
517 1475 545 1518 se
541 1455 778 1519 ἰἰισιιιιιιιιιιιιι9
800 1457 829 1518 si
849 1455 1059 1539 magistratus,
1073 1457 1103 1518 si
1119 1475 1208 1518 seno·

140 1550 214 1614 tum,
226 1541 348 1624 seleges
362 1560 424 1602 non
437 1537 641 1604 habiturum?
663 1542 692 1604 si
712 1540 766 1606 sith
785 1541 1088 1642 regibusfiuumms?
1110 1539 1210 1604 ³⁰Dii

141 1625 310 1702 meliora,
296 1627 417 1710 nequis
414 1636 422 1674 ι
444 1627 534 1710 utqui
543 1647 605 1690 non
619 1628 792 1712 indignitas
805 1649 905 1692 remim
919 1629 1092 1711 sponsionis
1104 1628 1210 1692 vinus·

143 1716 205 1781 lum
227 1714 318 1776 hout-
361 1713 399 1777 se·
422 1714 499 1796 quid
520 1722 573 1788 est,
590 1714 625 1776 in
650 1735 709 1796 quo
716 1713 878 1799 nobligari
893 1717 1029 1798 populus
1047 1716 1160 1798 possit,
1175 1715 1209 1776 in

143 1801 249 1870 omnio
258 1808 371 1881 potest.
387 1809 417 1862 et
431 1819 470 1864 ne
487 1800 566 1865 illud
585 1801 716 1882 quidem,
733 1803 814 1884 quod
834 1804 978 1884 quosdam
987 1801 1133 1886 forsitan
1148 1820 1210 1863 mo·

144 1895 226 1964 oeae,
240 1886 346 1968 refert,
362 1886 473 1962 consul,
490 1907 533 1948 on
555 1887 756 1962 diuisionem
776 1897 898 1970 pretor
915 1889 1124 1970 spoponderit.
1165 1887 1211 1950 Et

144 1973 202 2036 leoc
220 1974 284 2054 ipsi
307 1974 401 2036 etium
426 1973 577 2039 Samnites
584 1972 816 2056 judiouoemmt,
832 1975 939 2058 quibus
965 1995 1025 2037 non
1036 1975 1112 2058 fuit
1134 1976 1213 2040 satis

146 2060 281 2124 cenndes
304 2060 461 2141 spondere,
491 2061 545 2124 sed
567 2061 696 2144 legatos,
722 2071 893 2144 questore,
920 2061 1058 2124 tribunos
1082 2061 1212 2124 militine

145 2146 298 2228 spondere
310 2154 481 2229 coegerunt.
497 2145 563 2208 Nec
577 2167 597 2208 o
612 2168 658 2208 me
672 2168 751 2210 nune
765 2148 922 2230 qnisquam
936 2149 1121 2230 quiesioerit,
1137 2147 1215 2230 quid

147 2234 198 2298 itu*
218 2232 463 2314 spoponderim?
486 2252 574 2315 quum
600 2233 636 2294 id
657 2253 712 2296 neo
731 2234 863 2296 consutis
875 2233 933 2315 jus
952 2243 1026 2297 esset
1036 2267 1048 2305 ,·
1072 2255 1127 2296 nee
1148 2233 1215 2295 illis

147 2319 297 2400 spondere
305 2339 426 2400 pacem,
439 2338 508 2400 quoe
521 2318 581 2382 mei
594 2339 656 2382 non
670 2329 737 2381 erot
749 2317 888 2397 arbitrii,
904 2341 958 2384 nec
966 2341 1029 2401 pro
1050 2319 1145 2398 vohis,
1159 2320 1215 2402 qui

148 2406 232 2470 nihil
252 2405 490 2479 mandaueratis,
500 2423 628 2486 possem.
673 2404 764 2468 Neleil
778 2406 822 2468 od
835 2406 998 2481 Caudium,
1013 2407 1128 2470 Patres
1142 2425 1214 2470 con·

147 2492 269 2574 scripti,
285 2491 425 2554 humanis
443 2491 582 2556 consiliis
602 2499 717 2572 gestum
740 2500 791 2554 est.
837 2491 901 2555 Dii
915 2493 1093 2555 inmortales
1107 2501 1136 2554 et
1150 2513 1214 2554 ues-

148 2579 210 2644 tris
223 2586 253 2642 et
267 2577 395 2644 muium
417 2577 652 2660 imperatoribus
671 2585 796 2642 mentem
818 2579 1005 2642 ademerunt.
1028 2599 1082 2640 nee
1103 2599 1158 2640 nos
1180 2579 1214 2640 in

149 2664 229 2728 betto
242 2665 320 2728 sutis
332 2665 482 2736 cavimus,-
504 2672 534 2728 et
548 2665 600 2728 illi
612 2665 692 2730 mate
700 2673 828 2746 portum
843 2666 1002 2728 victorium
1017 2665 1096 2727 mole
1104 2665 1215 2746 perdi·

149 2753 271 2826 derunt,
287 2751 357 2814 dun
376 2751 430 2814 oin
450 2749 655 2834 melequinos
673 2751 821 2827 υἰιιιαιιι,
837 2753 973 2828 eredunt,
990 2753 1059 2814 dum
1073 2771 1215 2834 quocum·

149 2859 209 2922 que
226 2838 398 2904 omditiene
420 2857 508 2900 omno
529 2837 608 2902 viris
632 2838 667 2900 in
692 2859 780 2902 oenm
802 2839 886 2901 notes
907 2839 1032 2923 oesfmm
1043 2837 1215 2921 festinant.

150 2925 216 3000 An,
228 2925 257 2988 si
269 2944 349 2988 seno
362 2945 444 2988 mens
444 2924 573 3008 fuisset,
589 2923 715 3010 difficile
728 2925 794 2987 illis
801 2924 879 3002 snit,
895 2925 964 2988 dnm
978 2945 1063 2988 senes
1075 2925 1116 2988 αὐ
1130 2927 1217 2988 domo
1241 2993 1247 3014 ,

151 3013 196 3074 od
214 3011 442 3076 comitandum
463 3019 627 3086 arcessunt,
643 3011 764 3075 mittere
776 3011 905 3074 Βοιιιιιιι
928 3013 1069 3096 legatos?
1092 3032 1156 3075 eum
1169 3033 1216 3076 se·

152 3105 241 3180 nutu,
256 3117 321 3162 eum
333 3098 455 3179 populo,
472 3098 595 3179 depaoe
609 3097 773 3181 oesoedere
786 3103 906 3182 ogere?
927 3097 1039 3162 utino
1053 3101 1114 3162 iter
1127 3119 1217 3181 eope·

153 3183 231 3248 ditis
244 3193 322 3248 erut.
338 3184 457 3250 interea
472 3185 506 3246 in
521 3185 653 3247 induciis
667 3205 716 3246 res
716 3183 845 3267 fuisset,
857 3187 952 3248 dormo
966 3185 1005 3248 ab
1016 3185 1117 3248 Ronm
1131 3185 1217 3270 lego·

153 3272 183 3334 ti
196 3279 253 3334 aut
266 3270 426 3336 victoriam
441 3271 506 3336 illis
523 3279 647 3345 emtam
663 3279 718 3334 out
733 3291 843 3352 pacem
864 3271 1036 3356 adferrent.
1052 3294 1088 3333 eo
1104 3274 1219 3334 demum

152 3358 278 3442 sponsio
295 3367 379 3432 esset,
395 3376 484 3440 quam
501 3358 614 3439 populi
621 3355 714 3440 jussu
731 3359 999 3441 spopondissemus.
1044 3358 1106 3420 Sed
1125 3379 1221 3441 neque

155 3463 208 3508 nos
221 3444 377 3526 tulissetis,
389 3464 444 3508 nec
456 3445 794 3526 nosspopondissenus:
806 3443 1000 3528 neesasfisit
1009 3445 1105 3508 ulium
1119 3463 1220 3508 rerum

155 3531 270 3599 emitum
293 3551 364 3607 esse,
379 3551 469 3614 quom
490 3537 539 3592 ιιιο
553 3531 613 3606 illi,
635 3531 717 3595 velut
740 3531 855 3594 somnio
879 3532 1009 3607 leetiore,
1029 3551 1118 3614 mem
1140 3531 1223 3614 quod

155 3625 270 3688 mentes
282 3637 382 3680 eornm
397 3637 507 3698 supere
513 3627 650 3699 possent,
663 3619 867 3702 nequidquam
881 3618 1093 3681 eluderentur:
1109 3625 1139 3680 et
1152 3637 1222 3680 nos-

156 3713 237 3770 trum
252 3703 412 3768 exercitum
427 3704 541 3778 eodem,
557 3723 626 3786 qnae
638 3705 964 3789 inpedierot‚fortuno
980 3705 1153 3786 expediret:
1167 3724 1223 3766 oo·

157 3811 229 3854 nam
241 3791 399 3854 victorium
412 3790 868 3874 vaniorirritomsoeeretpom
883 3793 1007 3874 sponsio
1014 3793 1223 3873 interponere-

436 3961 518 4022 “quod
527 3963 601 4008 Grou.
614 3959 683 4010 Cres.
781 3965 831 4010 ⁰ut
842 3971 864 4010 et
877 3965 948 4012 cres.

193 4113 677 4194 28Juetovdiirenoetigeonu1Eodmn
741 4115 837 4164 soon
857 4119 963 4176 muliero,
982 4115 1176 4226 ἰιιίιιιᾳῙΙιῦιιυ
1146 4127 1226 4162 uu

160 4179 401 4290 modoonoedemee
373 4181 566 4239 tenemusne
588 4181 678 4228 (firmet
712 4181 1080 4242 Hoomiioodd.imtequesmu
1103 4181 1257 4238 ειι,οιιτιι’

710 4245 900 4306 mcumpenus,
919 4195 1120 4306 homnequss
1138 4257 1227 4305 nempe

196 4255 379 4362 montionem
349 4305 874 4385 Moeniaqudumralquffibeteon
860 4277 1009 4358 nsr’adicurut
1010 4313 1135 4358 evuin
1136 4310 1226 4358 οισι.

162 4373 392 4422 Atluditodtormu
393 4373 638 4422 lesndsdttionsiseu
649 4374 799 4422 us.edV1
809 4372 849 4422 40.
861 4385 942 4434 supro.

162 4437 335 4499 exemplevm
347 4435 543 4497 s.uprsv11³1.
553 4439 610 4486 ul.
620 4389 678 4488 08.118
