3034 4916
485 101 578 174 cra
598 101 636 172 u.
664 101 769 174 car.
788 101 889 162 axx.
1158 97 1215 176 'aaa

150 265 535 344 coronamentum
558 265 662 330 diamr
684 265 810 344 deinde,
825 279 995 354 postquam
1016 268 1363 339 metamaucus.

151 352 302 430 ltostiutn,
317 373 377 426 neo
402 353 539 438 inpetus,
556 373 616 416 neo
637 351 700 418 tale
720 354 827 429 attissa,¹
846 352 989 418 eamdem
1012 356 1075 420 rim
1101 354 1362 422 liaberet-02²⁹&

150 440 235 530 visat
257 439 417 526 praefectis
434 431 580 525 equitum
601 438 695 524 jussis
708 439 751 504 ad
772 439 853 506 latus
869 440 1059 506 Samnitium
1079 441 1216 508 circem·

149 525 267 596 ducere
288 524 366 604 alea
382 536 418 590 ut
442 527 534 612 signo
551 524 628 590 dato
649 525 682 590 in
709 539 912 603 transversos,
930 541 1050 612 quanto
1075 532 1216 594 maximo

149 628 280 698 possent
294 606 416 696 inpetu,
432 613 651 697 innumerorum
672 614 787 677 senaim
808 635 882 678 suos
901 613 992 700 signa
1014 613 1131 680 inferre
1148 617 1216 701 jua-

152 700 205 780 sit,
221 712 253 767 et
274 715 473 774 commovere
494 697 628 774 bouem»
670 697 845 786 'Postquam
870 721 934 764 non
957 701 1057 766 resisti
1079 702 1169 780 sidit,
1183 717 1224 768 et·

152 785 240 860 haud
264 785 397 858 dubiam
424 782 639 862 lassitudinem
664 807 752 860 esser
784 798 863 863 tum,
889 786 1039 856 conlectis
1067 788 1217 857 omnibus

150 872 312 949 subsidiis,
327 887 401 958 qum
415 872 455 948 ad
470 871 503 935 id
523 883 648 955 tempas
662 872 885 949 reseriaverat,
898 885 930 936 et
948 872 1088 962 legiones
1108 875 1219 942 conci·

152 959 242 1034 tavit,
259 973 291 1024 et
304 958 429 1044 signum
445 959 484 1024 ad
499 957 695 1025 invadendos
711 956 817 1024 hostat
829 958 988 1046 equitibus
1002 958 1102 1026 dedit.
1147 961 1217 1028 Nec

152 1043 371 1118 subticuerunt
401 1045 558 1112 Samnites
587 1046 751 1128 inpetumr
780 1047 960 1132 prmterque
988 1047 1088 1111 aciem
1114 1048 1217 1134 ipsam

151 1131 335 1208 Gallorum,
348 1130 464 1206 relictis
478 1131 511 1197 in
526 1129 729 1196 dimicatione
742 1131 846 1212 soniis,
858 1131 899 1196 ad
914 1145 1017 1198 castra
1031 1131 1130 1200 effuso
1145 1151 1217 1200 eur-

153 1241 192 1291 su
207 1217 399 1285 ferebantur.
430 1216 528 1294 Galli,
544 1216 702 1282 testudine
717 1216 808 1296 lacta,
824 1217 956 1284 conferti
971 1219 1107 1285 stabant.
1130 1219 1216 1286 Tum
1226 1236 1291 1284 uua
1300 1237 1347 1284 cu·

155 1305 286 1382 Fabius,
302 1303 410 1370 audita
426 1319 527 1370 morta
541 1303 682 1390 collegae,
700 1304 938 1389 Campanorum
955 1305 1048 1383 alem,
1063 1303 1359 1396 qui„30„,coarenu

152 1405 203 1460 tna
217 1391 283 1456 lete
295 1390 426 1477 equites,
441 1390 595 1456 excedere
605 1392 683 1456 -acie
692 1392 795 1477 jubet,
809 1404 841 1456 et
855 1391 1081 1458 circumventos
1092 1394 1220 1461 abter·

150 1491 196 1568 gb
212 1477 370 1544 Gallicam
386 1477 535 1542 invadere
546 1477 666 1542 aciem:
691 1477 792 1542 tertias
809 1477 928 1544 deinde
949 1477 1084 1579 legionis
1107 1479 1220 1549 eubec⁴

151 1566 208 1652 qui
234 1563 404 1649 principes,
427 1578 468 1640 et,
491 1585 556 1649 qua
580 1563 741 1629 turbatam
767 1581 880 1650 agmen
909 1563 1048 1630 boetrum
1076 1566 1219 1635 viderent

151 1653 263 1736 inpetu
278 1651 431 1737 equitum,
446 1653 564 1716 instare
578 1671 616 1716 ac
629 1651 755 1738 territos
770 1650 904 1718 caedere.
941 1651 1014 1737 lpse
1028 1651 1129 1718 edam
1144 1653 1219 1718 levi

152 1739 279 1802 Victori
293 1737 457 1822 spoliaque
479 1737 617 1802 hostium
638 1751 738 1823 quum
752 1739 897 1815 vovisset,
912 1738 953 1804 'ad
977 1751 1080 1804 cestra
1093 1741 1220 1804 Samni-

152 1825 233 1890 tium
247 1825 410 1910 perrexit3
433 1843 499 1910 quo
520 1822 693 1888 multitudo
714 1824 817 1888 omnis
834 1830 1033 1892 consternata
1055 1825 1218 1913 agebatur.

153 1910 222 1980 Sub
237 1912 307 1996 ipso
321 1910 415 1987 vallo,
431 1911 507 1995 qula
528 1923 649 1974 tantam
673 1910 907 1979 multitudinem
929 1925 1032 1997 portae
1051 1935 1116 1976 non
1133 1929 1220 1980 reos·

151 2019 239 2080 pere,
256 2010 375 2065 tentata
391 1997 432 2062 ab
446 1995 581 2068 exclusis
596 1996 689 2060 turba
703 2011 834 2062 auorum
849 1997 1029 2082 pugnarat.
1052 2063 1057 2070 ,
1075 1999 1126 2064 Ibi
1142 1999 1220 2064 Gel-

151 2083 214 2154 lius
231 2081 389 2168 Egnatius
412 2084 583 2164 imperetur
600 2081 791 2148 Samnitium
811 2081 936 2146 occidit.
958 2084 1114 2168 oempulei
1129 2083 1220 2150 dein-
1290 2085 1295 2095 '

153 2169 197 2240 de
211 2167 295 2235 intra
308 2167 426 2242 vallum
442 2166 610 2243 samnius,
626 2187 703 2250 parv
749 2189 788 2232 ue
808 2168 980 2234 certamine
996 2184 1090 2254 capta
1103 2183 1219 2253 cura,

152 2267 191 2338 et
204 2252 290 2320 Galli
305 2253 347 2323 ab
362 2266 454 2340 tergo
467 2253 685 2320 circumventi.
833 2275 873 2319 eo
886 2253 938 2320 dte
951 2253 1091 2320 ltostium
1106 2255 1221 2344 viginti

152 2340 296 2428 quinque
323 2338 433 2415 millia,
463 2350 537 2406 octo
566 2352 670 2422 eapte.
707 2353 767 2404 nec
796 2340 962 2408 incruenta
989 2343 1120 2408 viatoria
1149 2341 1339 2411 fuit-victoria

154 2429 242 2498 Nem
264 2447 305 2494 ex
325 2426 367 2502 ,P.
384 2425 477 2498 Decii
500 2425 642 2492 exercitu
668 2441 751 2493 tueaa
773 2441 894 2512 neptem
916 2425 1032 2505 milliat
1053 2450 1092 2497 ex
1116 2427 1352 2508 Fabii-‚m

154 2514 242 2579 mille
257 2535 295 2578 ac
313 2511 453 2578 ducenti.
499 2511 624 2589 Fabius,
640 2511 776 2578 dimissis
795 2509 837 2578 ad
859 2513 1067 2600 quaerendum
1089 2505 1382 2604 coltegaessm‘m·

155 2622 282 2686 corpus,
306 2597 408 2686 spolia
437 2597 576 2662 bostium
601 2599 743 2684 conjecta
766 2600 799 2664 in
825 2621 972 2664 acervum
998 2599 1071 2665 Jovi
1097 2601 1221 2666 Victori

155 2685 317 2752 cremavit.
363 2683 510 2750 Consulis
524 2705 641 2770 corpus
654 2707 694 2749 eo
707 2685 770 2763 die,
786 2687 862 2772 quia
882 2686 1032 2751 obrutum
1046 2699 1221 2772 superstra-

154 2770 380 2858 tisGallorum
397 2769 533 2836 cumulis
553 2784 633 2852 erat,
648 2771 781 2838 inveniri
804 2793 868 2838 non
888 2775 1004 2859 pot-uit.
1026 2788 1154 2858 postero
1165 2774 1221 2840 die

154 2861 321 2923 inventum
336 2857 536 2962 relatumque
548 2871 595 2922 eet
609 2879 683 2922 cum
699 2858 806 2924 multis
820 2858 956 2924 militum
973 2860 1122 2925 lacrimis.
1166 2861 1221 2926 ln·

155 2945 300 3010 termites
313 2944 388 3008 inde
403 2953 547 3009 nmmum
569 2943 701 3008 aliarum
724 2966 831 3012 rerum
852 2967 938 3022 cura,
956 2945 1073 3012 Fabius
1089 2946 1221 3037 collega

154 3031 251 3100 funus
265 3031 353 3096 omni
369 3028 491 3094 honore
504 3029 714 3118 laudibusque
727 3032 847 3098 meritis
861 3029 1009 3100 celebrat.
1182 3043 1186 3050 '

198 3116 312 3183 XXX.
336 3115 427 3182 Etim
443 3116 575 3182 Etruria
589 3139 648 3202 per
662 3117 790 3184 eosdem
806 3118 873 3183 dies
888 3119 930 3185 ab
946 3119 1007 3185 Cn.
1025 3120 1139 3186 Fulvio
1159 3137 1277 3208 prone·
1288 3138 1313 3185 in
1325 3135 1359 3185 a·

154 3217 293 3292 praetore
308 3222 357 3268 res
371 3222 412 3268 ex
426 3203 584 3269 sententia
597 3216 705 3292 gesta3
727 3217 769 3285 et,
781 3220 898 3290 practer
912 3208 1073 3294 ingentem
1089 3205 1219 3272 inlatam
1228 3203 1375 3251 ‘mmm

154 3289 417 3378 populationibus
445 3310 595 3378 egrotum
632 3291 715 3356 boeti
748 3290 881 3369 cladem,
910 3305 1088 3381 pugnatum
1123 3273 1306 3358 atinam

156 3379 284 3464 egregie
302 3390 366 3443 est:
391 3376 682 3463 Perusinorumque
704 3391 737 3442 et
758 3376 961 3442 Clusinorum
983 3399 1066 3444 ema
1086 3379 1222 3465 amplius

155 3463 255 3528 millia
269 3465 355 3544 triu,
371 3474 403 3528 et
417 3463 508 3552 signe
529 3462 679 3528 militarit
693 3463 734 3528 ad
749 3463 862 3550 uiginti
881 3477 984 3551 capta.
1030 3467 1221 3532 Samnitium

154 3571 281 3704 :app
297 3571 396 3702 titt
415 3547 954 3702 ttitltttffltttldttt
968 3552 1223 3704 {lilmli‘ll

154 3723 222 3810 ejus
235 3655 310 3800 diei,
326 3731 390 3824 quo
413 3724 445 3788 in
462 3723 620 3790 Sentinati
641 3658 905 3812 lgroqbeltatnm,
919 3721 1005 3789 fama
1018 3735 1076 3801 ast,
1091 3724 1117 3762 ¹¹
1125 3662 1220 3789 eliam

29 3887 35 3900 ι
155 3832 231 3876 vero
252 3821 361 3876 stanti.
383 3807 439 3876 sad
453 3809 680 3897 ¹⁸superiecere
700 3808 831 3896 quidam
856 3809 1005 3900 augendo
1028 3810 1122 3878 fidem
1134 3835 1143 3888 ;
1165 3811 1222 3900 qui

519 4000 531 4037 d
548 3995 597 4050 irie
608 3969 686 4048 millia
695 3999 771 4050 Gron.
783 3999 852 4049 Creu.

154 4163 367 4240 mut-aspa
384 4175 469 4212 omnes
483 4165 569 4224 nentri,
581 4171 607 4211 et
622 4165 673 4225 ple·
705 4165 761 4226 quis
777 4171 826 4212 atat
842 4131 910 4223 reric,¹
920 4168 1049 4210 contentus
1063 4163 1097 4212 ait
1111 4179 1141 4210 eo
1157 4165 1223 4225 quod

156 4241 225 4340 mlie
235 4227 511 4356 llllrmmullnlhitnti]
544 4293 625 4342 Etiam
653 4295 674 4340 ai
706 4237 933 4358 velldmb'iip‘irjeccre
955 4293 1050 4356 quidam
1073 4293 1177 4357 augeam
1190 4295 1224 4354 a·
