3032 4924
276 142 363 276 'sss
690 191 970 257 nsnsnsvss

144 369 175 421 b.
187 373 279 424 cess
303 361 417 424 deserti
429 359 469 424 ab
478 360 554 425 Diis
563 358 799 446 bosninibusque,
809 371 911 426 tomen
924 383 987 428 non
1001 363 1225 429 intermisimus.
1245 359 1369 430 Reddi·

143 439 173 486 Α·
186 439 278 489 ⁰3⁸⁷·
303 447 376 512 dere
383 449 481 532 igitur
490 447 641 532 patriam,
650 457 680 510 et
693 449 863 526 uictoriam,
879 459 909 514 et
922 453 1080 535 antiqsenm
1090 450 1164 516 belli
1173 451 1261 516 decess
1270 452 1370 514 omis*

303 555 386 598 snm.-
408 543 438 597 et
453 535 487 597 in
500 534 607 610 hostes,
624 535 678 618 qni
698 537 770 598 caci
790 537 929 600 avaritia
953 539 986 602 in
1006 539 1142 618 pondere
1165 540 1239 601 anri
1254 537 1369 622 foedus

303 641 341 683 ac
355 621 455 702 fidem
477 619 671 704 fiscellcrnnt,
697 630 852 685 verterunt
879 631 1024 688 terrorem
1047 623 1221 709 firgomqne
1245 635 1277 688 et
1307 644 1368 686 σα-

303 707 378 770 dem.

315 858 319 873 ,
348 791 425 856 LII.
448 793 531 856 Haec
550 795 626 858 nolti
646 795 831 878 neglectique
856 797 990 862 numinis
1011 805 1102 860 tanta
1121 806 1310 862 monumenta
1331 797 1367 859 in

198 899 203 908 ’
215 920 219 932 ·
303 879 390 944 rebus
402 879 543 944 bunonis
551 890 715 957 cernentes,
726 883 834 966 ecquid
839 885 972 963 sentitis,
984 882 1131 960 Quirites,
1144 893 1288 968 qnantum
1298 885 1370 946 oia·

302 967 371 1028 dnm
386 977 420 1030 e¹
434 967 613 1051 nasefragn's
621 967 741 1050 prioris
754 969 852 1050 culpes
863 971 1019 1054 cladisque
1031 979 1212 1054 emergentes
1221 991 1368 1052 paremus

302 1051 416 1135 nefas?
453 1053 561 1118 Urbem
581 1055 741 1136 auspicato
762 1055 1006 1140 inauguratoque
1027 1058 1180 1120 corsditorn
1202 1055 1368 1119 labemus.-

301 1140 402 1203 nnllus
421 1141 503 1203 locus
518 1142 551 1203 in
565 1162 603 1203 ea
618 1161 679 1202 nan
693 1140 872 1224 religionum
887 1143 1081 1226 Deorumqne
1101 1153 1145 1206 est
1161 1144 1293 1224 plenus:
1314 1163 1369 1230 ses-¹

301 1226 425 1310 officiis
438 1225 628 1290 sollemnibus
642 1247 703 1289 non
724 1229 790 1290 dies
811 1229 909 1312 magis
929 1231 1016 1305 stati,
1041 1250 1129 1313 qnam
1151 1230 1314 1305 locassent,
1332 1230 1366 1291 in

301 1312 507 1397 qnibnsfiont.
540 1313 621 1377 ,Has
635 1335 735 1377 omnes
755 1314 850 1390 Deos,
869 1313 1008 1396 publicas
1025 1317 1232 1400 privatosque,
1255 1315 1366 1388 Quiri-

300 1408 355 1476 tes,
371 1400 522 1463 deserturi
543 1401 640 1464 estis?
669 1398 696 1438 ⁹²
710 1397 808 1474 Quam
818 1421 884 1481 par
897 1402 1150 1486 uestmmfactnm
1166 1413 1219 1478 est,
1235 1403 1320 1486 quod
1333 1403 1368 1464 iss

301 1485 457 1550 obsidione
471 1506 569 1568 nuper
590 1488 624 1548 in
644 1486 766 1569 egregia
785 1487 973 1550 adolescente
990 1488 1023 1553 C.
1040 1487 1225 1564 Fabianam
1246 1489 1368 1552 minare

301 1571 429 1636 bostium
444 1573 660 1646 admiratione,
671 1593 761 1655 quom
770 1582 882 1650 oestro,
893 1584 1078 1656 conspectum
1092 1585 1136 1640 est
1141 1609 1153 1646 ‚-
1177 1597 1268 1659 qnnm
1283 1576 1368 1638 inter

303 1658 428 1721 Gallica
450 1659 513 1722 tela
533 1659 688 1742 degressus
701 1681 739 1720 ec
753 1680 824 1721 arce
837 1661 978 1723 sollemne
992 1660 1101 1724 Fabiae
1110 1665 1213 1746 gentis
1233 1664 1268 1725 in
1291 1661 1367 1724 colle

304 1743 468 1822 Quirinali
477 1743 581 1807 obiit?
616 1743 668 1807 rin
679 1745 843 1827 gentilicia
857 1767 947 1809 sacro
958 1768 996 1809 ne
1007 1749 1040 1810 in
1051 1747 1257 1833 belloqnidem
1269 1749 1367 1812 inter·

300 1833 392 1907 mitti,
404 1829 531 1913 publica
544 1852 633 1893 sacra
645 1839 674 1893 et
685 1831 841 1895 Romanos
855 1833 936 1896 Deos
946 1835 1037 1896 etiam
1051 1835 1084 1896 in
1091 1855 1169 1916 pace
1180 1836 1282 1898 deseri
1291 1835 1366 1916 pla·

299 1923 369 1981 cet?
385 1927 415 1980 et
420 1916 783 2004 pontffieesflominesqne
792 1921 1029 2002 neglegentiores
1037 1920 1226 2002 prsblicornm
1238 1922 1366 2005 religio·

300 2025 370 2067 nnn
384 2025 456 2079 esse,
473 2024 564 2086 quarn
580 2004 726 2084 privatus
748 2005 782 2065 in
800 2006 938 2072 sollemni
948 2008 1050 2090 gentis
1058 2007 1192 2090 fierit?
1215 2009 1369 2071 Forsitan

300 2091 414 2174 aliquis
428 2091 522 2165 dicat,
538 2100 593 2152 onst
612 2089 697 2152 Veiis
710 2112 748 2152 ea
762 2091 974 2176 nosfactnras,
989 2103 1045 2155 ant
1058 2095 1115 2156 buc
1131 2095 1203 2156 inde
1221 2095 1367 2158 missuros

299 2179 469 2242 sacerdotes
490 2185 617 2256 nostras,
633 2176 684 2259 qni
693 2177 846 2260 fociant:
869 2199 993 2261 quornm
1015 2189 1152 2242 mnarum
1164 2179 1248 2262 ficri
1270 2180 1368 2244 seinis

300 2265 476 2328 ceremoniis
490 2271 601 2344 potest.
625 2273 655 2324 et
669 2284 708 2325 ne
722 2265 824 2325 omnia
835 2266 1006 2346 generatim
1020 2287 1109 2329 sacro
1123 2286 1282 2350 amnesque
1290 2288 1367 2348 per-

301 2371 436 2414 censeam
451 2352 554 2422 Dcos,·
579 2351 613 2412 in
628 2347 750 2416 ⁹³«lastis
764 2351 852 2432 epula
867 2371 936 2413 num
948 2351 1036 2427 alibi,
1050 2373 1138 2435 qnam
1151 2355 1183 2416 in
1195 2353 1366 2434 Capitolio,

300 2435 327 2476 ⁰⁴
328 2438 480 2520 pulvinar
487 2437 602 2518 suscipi
606 2441 731 2518 potest?
755 2436 840 2509 Quid
848 2439 1017 2501 deeetesnis
1032 2439 1127 2502 Vester
1135 2438 1257 2523 ignibus
1267 2437 1367 2522 ⁹⁵sig·

301 2545 407 2608 naqne,
424 2525 505 2608 quod
526 2523 651 2604 imperii
665 2524 783 2606 pignus
801 2524 939 2586 custodia
962 2521 1026 2606 ejrn
1046 2527 1152 2606 templi
1173 2534 1306 2601 tenetur,
1320 2527 1367 2588 lo·

301 2607 407 2694 quar?
429 2611 505 2694 quid
518 2611 555 2671 de
568 2607 718 2672 ancilibus
733 2610 848 2684 nestris,
865 2609 959 2673 Mars
976 2608 1125 2686 Gradive,
1141 2609 1268 2694 96ίιιᾳιιιε
1285 2611 1369 2688 Qni-

302 2698 498 2778 rinepoter?
521 2695 585 2758 leaec
595 2695 698 2756 omnia
708 2695 740 2756 in
747 2695 884 2779 pruffm
892 2698 992 2760 deseri
999 2699 1104 2778 placet
1113 2719 1214 2773 sacro,
1227 2699 1367 2782 esquelio

302 2781 381 2856 serbi,
397 2783 534 2865 quedam
558 2783 723 2843 vetustiora
741 2783 862 2864 origine
876 2781 987 2846 urbis?
1013 2785 1055 2846 Et
1070 2784 1176 2860 videte,
1193 2787 1270 2867 qnid
1285 2787 1370 2849 inter

301 2888 357 2931 nos
370 2889 407 2930 ac
421 2866 549 2949 majores
564 2868 696 2928 intersit.
719 2867 770 2928 illi
782 2887 872 2930 sacra
894 2871 1031 2951 qsseeclam
1045 2867 1071 2912 ⁹⁷
1080 2872 1113 2932 in
1128 2881 1228 2933 monte
1242 2872 1371 2935 Albano

301 2953 516 3036 Laviniaque·
531 2950 616 3015 nobis
627 2951 783 3036 facienda
803 2954 1008 3018 tradiderunt.
1052 2957 1104 3019 An
1116 2979 1154 3019 es
1166 2958 1298 3020 lsostinrn
1312 2979 1367 3021 ur·

496 3145 511 3176 ⁵
520 3158 548 3190 ea
559 3145 631 3194 Gran.
645 3147 714 3195 crev.
930 3151 942 3178 ¹
954 3147 1084 3211 &uinaque
1096 3151 1166 3197 cres.

333 3333 364 3386 92
383 3335 458 3392 Quam
476 3349 524 3399 por
544 3341 645 3384 nestrum
659 3337 813 3399 factumest,
841 3337 906 3382 dum
923 3335 1010 3383 ancilis
1027 3349 1074 3381 non
1087 3334 1175 3380 Martis
1192 3339 1291 3380 tantum
1304 3333 1365 3379 Gre-

301 3401 371 3466 quot]
391 3401 489 3462 supple.
510 3403 532 3448 si
548 3401 622 3458 tecto,
639 3401 704 3462 qaod.
738 3399 813 3447 'Nisi
846 3400 906 3457 divi,
926 3401 968 3447 ssd
987 3401 1060 3446 etism
1080 3397 1275 3457 Quirini-petris
1296 3411 1367 3444 sacra

300 3468 355 3528 quis
366 3467 427 3514 ioris
443 3467 528 3513 maliis
548 3464 813 3528 Quaesparvestrasu-
846 3465 891 3511 boa
911 3465 964 3512 ioco
988 3464 1085 3511 haberi:
1111 3460 1182 3524 cnjus
1203 3461 1237 3508 rei
1261 3463 1367 3509 tonsus

299 3535 363 3577 etnm
372 3531 491 3590 est,quod.
846 3529 1089 3576 sliudtestimonium
1101 3527 1289 3588 egrereperias.
1316 3525 1367 3572 Sed
1398 3565 1404 3576 .

332 3595 365 3643 93
380 3596 449 3642 danis
459 3595 535 3660 mulo]
552 3594 727 3644 viennense.
743 3596 774 3642 sd
791 3609 812 3642 c.
846 3593 961 3640 nimirum
982 3596 1048 3640 biars
1064 3601 1089 3638 et
1108 3592 1225 3645 Quirinus
1240 3593 1292 3638 duo
1306 3597 1367 3638 sunt

300 3659 340 3709 18.
351 3673 404 3720 sup-
845 3657 945 3704 nomina
963 3655 1072 3721 ejusdem
1093 3657 1142 3713 nei,
1161 3663 1189 3702 ut
1207 3655 1317 3703 diximus
1332 3655 1366 3702 sd

331 3725 386 3772 Μ’
396 3723 513 3771 Pnlninnr
531 3724 627 3788 suscipi]
645 3723 761 3770 Pulvinos
776 3730 813 3770 est
846 3722 866 3768 1.
879 3721 918 3769 20.
927 3737 1007 3783 supra.

272 3789 275 3796 ’
299 3790 375 3836 lectus
394 3789 466 3836 siicui
486 3791 531 3836 deo
549 3795 647 3835 stratus.
681 3789 729 3836 Hie
748 3789 813 3836 sumi
878 3787 908 3834 97
925 3789 957 3834 ln
987 3791 1063 3834 monte
1087 3785 1187 3844 Albano,
1215 3783 1363 3847 memnon]

299 3855 396 3902 videtur
405 3854 455 3914 'pso
471 3855 524 3915 ipse
540 3853 680 3900 celebritate
696 3854 814 3900 lectister·
844 3851 909 3898 Tum
930 3853 954 3898 in
975 3857 1058 3898 monte
1069 3851 1173 3904 Albano,
1185 3859 1241 3897 tum
1252 3848 1278 3894 in
1296 3863 1325 3895 eo
1335 3849 1364 3896 in

298 3919 343 3966 nii.
377 3919 462 3979 iisque
473 3919 587 3980 puluinar
601 3918 686 3976 suscipi
699 3917 764 3964 idem
776 3925 813 3964 est
844 3930 893 3977 qua
913 3915 1042 3963 Lavinium
1062 3916 1188 3962 conditum
1210 3921 1254 3961 esi·
1289 3913 1364 3961 Lari·
1391 3961 1399 3974 .

298 3983 501 4030 selectisternium
517 3981 617 4027 institui.
646 3981 683 4027 De
696 3983 812 4030 lectistes·
845 3982 914 4027 nium
934 3988 985 4027 erut
1012 3981 1037 4026 in
1065 3981 1125 4026 soils
1146 3981 1252 4041 quodem
1272 3981 1363 4036 dium,

300 4047 340 4092 nio
350 4047 398 4092 vid.
411 4050 461 4092 nai.
473 4046 511 4093 48.
520 4047 550 4093 ed
561 4060 582 4092 e.
596 4045 634 4092 13.
645 4057 725 4106 supra.
845 4051 906 4091 teste
919 4045 1019 4107 Dionys.
1031 4045 1047 4090 l.
1060 4045 1081 4093 l.
1115 4043 1163 4090 Hie
1173 4059 1231 4105 ergo
1247 4045 1300 4104 ipse
1312 4042 1364 4090 aal-

331 4111 363 4158 95
378 4111 507 4174 Sigssoqsse]
536 4111 654 4168 Psilsdio,
682 4111 746 4171 quod
781 4112 811 4158 ub
843 4109 874 4155 lis
891 4111 979 4156 dicitur
995 4112 1041 4156 hoc
1058 4110 1112 4156 loeo
1125 4121 1190 4155 mons
1206 4107 1363 4164 bovinant

298 4174 374 4222 AEnes
390 4175 415 4220 in
434 4175 530 4220 Itsiinm
547 4175 674 4222 advectum
687 4189 748 4233 esse,
760 4177 813 4222 vul-
845 4175 909 4235 apud
922 4174 1053 4234 Virgilium
1066 4174 1158 4221 Laoism
1176 4173 1264 4219 littora.
1298 4169 1363 4217 Vui-

297 4240 362 4300 guis
372 4239 454 4300 opinio
464 4245 508 4284 est.
519 4239 574 4286 Vid.
586 4239 660 4287 Dian.
675 4239 731 4286 libb.
751 4241 770 4288 l.
788 4247 814 4286 st
844 4239 895 4298 goti
906 4239 995 4286 hubent
1012 4240 1053 4286 hie
1069 4237 1220 4297 Laviniaque.
1253 4237 1363 4284 Muisvi·

298 4303 332 4350 ll·
344 4311 369 4352 et
381 4303 447 4350 Piut.
458 4304 483 4350 in
496 4305 565 4350 cnm.
845 4317 900 4350 snus
912 4317 941 4350 ex
950 4305 1093 4351 auctoritate
1104 4308 1207 4363 quatuor
1219 4309 1360 4348 nostrorum

329 4369 361 4416 bi
379 4367 459 4428 l'nqne
472 4365 569 4422 Quirine
580 4363 661 4432 poto]
676 4368 811 4416 observen-
844 4369 912 4416 codd.
