3034 4916
329 141 387 211 576
725 139 838 202 ΤῙΤῙ
866 141 1002 204 LlVll

169 319 304 372 :toruo
327 303 707 394 urguendo-cadenteain
747 303 1309 394 ‘oendoqueeffuaosoompuleread
1323 325 1388 370 caa-

169 387 304 436 ΜΝ·
327 403 389 457 tra.
428 393 494 473 lbi,
522 393 702 459 interventu
804 393 838 458 lii
873 393 1116 482 cohortiumque
1142 391 1388 470 ”Sabellarum

328 479 499 565 paullisper
512 479 674 545 recruduit
692 501 810 568 pugna.
831 480 869 545 iis
882 501 1009 569 quoque
1023 503 1098 545 mox
1112 479 1197 557 sosia,
1208 481 1278 565 jam
1293 501 1313 544 a
1327 479 1403 543 vic··

327 565 450 634 toribus
475 578 577 632 castra
601 566 885 655 obpugnabantur:
912 580 953 643 et.
980 589 1077 654 quum
1105 566 1296 631 Volumnius
1322 566 1390 650 ipse

325 665 430 736 portae
455 653 544 740 signa
569 652 717 730 inferret:
740 653 874 740 Appius,
891 653 1058 718 Bellonam
1076 653 1236 718 victricem
1260 651 1389 717 idemti-

326 737 400 804 dem
428 740 601 817 celebraus,
630 739 816 804 accenderet
844 739 979 806 militum
1008 739 1142 818 animos,
1172 757 1229 824 per
1257 737 1389 816 vallum,

326 845 385 908 per
416 824 513 890 fossas
545 826 744 912 inruperunt.
797 825 910 891 Castra
941 839 1036 912 capta
1065 825 1271 912 direptaque:
1306 845 1390 911 pra:-

326 909 369 974 da
400 911 511 999 ingena
546 923 639 998 parta
666 925 697 978 et
731 910 822 977 militi
858 933 1008 978 concessa
1041 924 1097 977 eat
1132 925 1254 998 septem
1290 909 1389 975 millia

325 1017 364 1092 ac
377 998 522 1064 trecenti
551 999 688 1066 boatium
713 999 819 1077 occisi,
844 997 911 1065 duo
938 998 1039 1065 millia
1062 1009 1095 1063 et
1120 1010 1245 1064 centum
1274 998 1386 1086 viginti

326 1105 364 1148 ca
387 1085 423 1150 ti.

364 1103 447 1237 lix.
469 1171 560 1238 Dum
593 1173 688 1238 ambo
719 1172 863 1238 consules
892 1171 1059 1258 omnisque
1091 1172 1236 1257 Romana
1270 1170 1320 1234 vis
1354 1172 1386 1236 iu

324 1255 495 1324 Etruscum
511 1257 629 1324 bellum
646 1259 748 1346 magia
768 1260 910 1337 inclinat,
924 1259 958 1322 in
976 1259 1107 1322 Samnio
1121 1259 1194 1322 novi
1215 1257 1385 1335 exercitus,

191 1347 199 1374 ”
323 1345 427 1409 exorti
442 1343 483 1410 ad
497 1345 739 1432 depopulandos
761 1345 886 1432 imperii
904 1345 1040 1410 Romani
1057 1345 1144 1422 lines,
1159 1365 1217 1430 per
1233 1343 1387 1409 Vescinos

323 1429 357 1494 in
373 1431 582 1517 Campaniam
599 1431 832 1519 Falernumque
845 1451 958 1519 agrum
975 1431 1213 1511 transcendunt,
1228 1431 1386 1518 ingentes·

161 1527 312 1638 iVnogppnrolua
323 1539 387 1618 que
400 1518 526 1603 praedas
537 1517 666 1622 faciunt:
681 1519 915 1622 Uolumnium,
927 1518 1049 1620 magnis
1063 1516 1228 1583 itineribus
1243 1519 1276 1580 in
1296 1519 1387 1620 §qur-

161 1657 308 1706 “fflrffit
324 1605 628 1773 mtttd‘tltt:
639 1609 725 1756 itt
735 1603 1386 1776 {autrimentorum

346 1799 445 1864 usque
466 1777 621 1862 Campani
642 1777 711 1864 agri
730 1776 771 1841 ad
791 1776 927 1842 tuendos
945 1777 1046 1842 socios
1066 1777 1231 1844 convertit.
1279 1775 1329 1842 Ut
1352 1777 1385 1841 in

324 1863 481 1928 Calenum
495 1883 606 1951 agrum
622 1866 718 1940 venit,
734 1876 767 1928 et
782 1863 850 1948 ipse
864 1865 965 1928 cernit
978 1863 1117 1930 recentia
1130 1862 1228 1927 cladis
1241 1863 1384 1951 vestigia,

322 1964 355 2014 et
372 1949 481 2013 Caleni
497 1962 638 2026 narrant,
654 1959 777 2014 tannim
787 1949 854 2035 jam
869 1948 989 2034 praeda:
1009 1949 1113 2016 hostes
1129 1947 1265 2026 trahere,
1283 1961 1320 2014 ut
1334 1950 1385 2014 vix

313 2033 482 2130 'explicare
495 2055 610 2124 agmen
624 2038 780 2120 possiam:
796 2035 902 2122 itaque
910 2037 979 2122 jam
993 2035 1157 2122 propalam
1172 2035 1271 2102 duces
1286 2035 1384 2123 loqui,

322 2121 485 2206 extemplo
506 2122 647 2188 eundum
670 2128 701 2188 in
719 2123 883 2188 Samnium
900 2143 987 2199 esse:
1010 2135 1055 2200 ut,
1071 2121 1181 2188 relicta
1194 2121 1239 2186 lbi
1262 2123 1384 2206 praeda,

322 2208 356 2272 in
370 2207 603 2294 expeditionem
624 2208 767 2291 redeant,
782 2227 841 2274 nec
855 2221 918 2272 tam
934 2223 1101 2274 oneratum
1123 2229 1238 2293 agmen
1253 2209 1385 2273 dimica·

321 2295 402 2360 tioni
417 2295 626 2361 committant.
651 2295 709 2374 Ea,
721 2315 911 2381 quamquam
928 2295 1042 2361 similia
1056 2294 1138 2360 raris
1152 2307 1257 2376 erant,
1267 2297 1383 2360 certius

322 2381 643 2468 tameu'exploraoda
663 2394 762 2463 ratus,
777 2381 909 2483 dimittit
922 2381 1053 2468 equites,
1069 2381 1123 2468 qui
1146 2402 1245 2470 vagos
1259 2381 1385 2466 praeda·

321 2481 406 2534 tore:
429 2468 464 2533 iu
488 2491 584 2557 agros
612 2466 755 2554 palantes
783 2468 963 2554 excipiant:
986 2490 1026 2533 ea
1053 2467 1168 2554 quibus
1194 2471 1225 2532 in
1250 2467 1385 2533 nirendo

320 2554 496 2643 cognoscit,
512 2555 554 2622 ad
569 2553 761 2620 Vulturnum
777 2554 896 2620 flumen
910 2555 1019 2620 sedere
1031 2553 1176 2633 hostem:
1201 2490 1277 2619 inde
1291 2555 1385 2620 tertia

160 2643 284 2722 obponi:
320 2641 430 2730 vigilia
443 2655 623 2706 moturum:
640 2641 700 2707 iter
712 2641 746 2705 in
764 2640 931 2707 Samnium
945 2663 1021 2706 esse.
1047 2641 1107 2706 llis
1121 2641 1195 2706 satia
1209 2639 1384 2727 exploratis

160 2708 305 2832 {fflffm
322 2726 491 2815 profectua,
506 2740 596 2794 tanto
616 2726 783 2792 intervallo
804 2727 846 2792 ab
869 2727 1012 2792 hostibus
1032 2727 1184 2807 consedit,
1200 2738 1237 2792 ut
1252 2749 1313 2792 nec
1327 2725 1383 2792 ad·

160 2837 310 2900 empnam.
322 2829 433 2880 ventus
454 2836 530 2880 suus
550 2813 787 2902 propinquitate
807 2815 906 2879 nimia
926 2815 1014 2879 nosci
1036 2827 1150 2900 posset,
1166 2827 1198 2879 et
1218 2813 1385 2903 egredien-

320 2917 384 2966 tem
400 2901 541 2966 ecaatris
556 2901 679 2966 hostem
694 2900 898 2985 obprimeret.
942 2902 1118 2988 Aliquanto
1134 2913 1208 2966 aute
1221 2899 1327 2966 lucem
1343 2902 1382 2966 ad

320 2977 597 3064 castra'acceasit3
617 3009 795 3139 gnarosque
817 2985 913 3051 Osca
938 2985 1066 3075 linguae,
1083 2986 1286 3072 exploratum
1305 2987 1383 3074 quid

319 3088 446 3162 agatur,
472 3073 580 3140 mittit.
643 3073 807 3160 ntermixti
833 3071 977 3138 hostibus
1003 3073 1103 3162 (quod
1131 3073 1223 3139 facile
1251 3087 1320 3139 erat
1349 3074 1383 3137 in

319 3172 478 3226 nocturna
514 3159 737 3246 trepidatione)
766 3173 973 3245 cognoscunt,
1006 3159 1218 3247 infrequentia
1252 3160 1383 3226 armatis

320 3249 413 3335 signa
432 3269 567 3336 egressa,
590 3245 732 3332 praedam
753 3247 935 3334 praedaeque
959 3245 1102 3312 custodes
1125 3247 1223 3326 exire,
1241 3247 1383 3336 ignobile

319 3357 446 3423 agmen,
462 3348 495 3400 et
509 3356 565 3398 sua
580 3355 738 3420 quemque
759 3332 951 3411 molientem,
966 3333 993 3378 ⁷⁷
1004 3331 1092 3400 nullo
1108 3333 1190 3398 inter
1210 3331 1290 3398 alios
1305 3355 1382 3398 con·

319 3443 423 3499 seusu,
439 3443 497 3486 uec
512 3420 586 3486 satia
600 3433 688 3484 certo
705 3419 852 3504 imperio.
896 3418 1039 3504 Tempu:
1060 3418 1269 3507 adgrediendi
1284 3423 1382 3506 aptis-

319 3507 437 3572 simum
453 3507 552 3572 visum
567 3518 631 3570 est:
654 3518 686 3570 et
699 3509 767 3591 jorn
790 3506 847 3571 lux
863 3505 1041 3591 adpetebat.
1062 3506 1170 3593 itaque
1183 3505 1276 3593 signa
1289 3529 1382 3571 cana-

318 3617 353 3660 re
363 3593 475 3682 jussit:
573 3613 675 3679 enque
690 3592 828 3656 hostium
847 3592 1042 3680 adgreditur.
1088 3593 1255 3670 Samnites,
1270 3593 1382 3680 praeda

317 3679 462 3768 inpediti,
478 3680 509 3744 in
540 3691 689 3766 equentes
713 3678 837 3754 armati,
856 3699 930 3764 pars
953 3678 1068 3744 addere
1089 3678 1239 3768 gadum,
1254 3701 1291 3744 ac
1311 3701 1380 3764 prae

318 3790 352 3833 se
425 3789 460 3832 re
474 3767 625 3851 praedam,
640 3786 714 3849 pars
730 3777 825 3845 stare,
839 3765 952 3830 incerti
966 3779 1074 3830 utrum
1095 3765 1258 3852 progredi,
1274 3787 1315 3830 au
1332 3787 1382 3832 re·

318 3875 358 3943 gr
400 3857 408 3920 i
431 3855 464 3920 in
487 3866 591 3919 castra
605 3853 703 3917 tutius
726 3850 817 3930 foret,
834 3852 916 3917 inter
937 3851 1180 3918 cunctationem¹
1193 3851 1382 3938 obprimun-

641 4023 777 4088 rcrplicari
786 4039 809 4075 a.
816 4026 891 4088 parm
902 4025 979 4073 Gran.
990 4025 1058 4073 crea.

352 4200 566 4268 ld'Sahaliarum]
578 4203 773 4250 Samniticarum.
866 4207 918 4248 aut.
950 4199 1097 4262 optaramus
1111 4200 1172 4248 lario
1180 4211 1213 4256 ae,
1224 4197 1263 4246 rel
1275 4195 1380 4257 interip-

335 4267 384 4344 ,77
401 4265 477 4314 Nullo
490 4267 551 4312 lates
566 4267 624 4314 aiio:
638 4267 758 4344 marram]
776 4267 834 4314 Nou
865 4281 908 4315 roa.

319 4332 430 4380 ardemus
445 4333 567 4392 quomodo
585 4333 638 4380 haec
655 4331 758 4393 intellig:
775 4345 834 4393 que·
