3032 4924
470 197 565 256 cla.
584 197 621 256 v.
646 197 749 258 cnr.
768 197 839 258 xn.
1129 205 1187 260 sos
1235 177 1271 204 ·’

124 367 156 421 ct
174 349 327 420 conuiuii
341 356 467 441 sraeede
488 361 692 440 patriciorum
719 369 828 424 oetam
871 357 952 422 “Ab
974 358 1023 422 bis
1047 367 1077 420 et
1099 359 1189 440 prius
1197 379 1333 430 ηοω

124 445 230 506 datum
255 443 352 506 locum
372 443 545 510 Veientibus
559 449 602 509 od
615 447 803 510 incendenda
825 465 931 528 operm
951 443 1024 507 belli
1044 445 1335 508 nemausum·
1424 441 1428 456 '

121 550 252 600 cuiusm-
276 539 308 592 et
323 550 403 592 nune
420 531 577 614 proditum
598 533 772 612 exercitum,
789 533 909 595 nodita
924 530 1055 594 Faliscis
1075 529 1186 594 Roma·

124 636 165 678 na
187 623 307 678 eastra.
356 615 468 680 Omnia
478 619 569 698 fieri,
592 629 627 682 ut
648 629 837 682 consenescat
860 618 903 680 ad
924 616 1011 681 Veios
1023 615 1189 700 juventius

123 723 178 764 nec
191 703 231 764 de
246 703 346 780 apris,
363 724 417 764 nee
435 705 473 766 de
492 705 566 768 aliis
586 705 744 768 commodis
756 704 859 787 plebis
870 704 964 786 serre
985 706 1029 766 od
1044 704 1191 786 populum

122 787 254 865 tribuni,
264 785 292 825 ³⁶
288 787 534 872 frequentiaque
551 791 671 854 urbana
692 791 849 854 celebrare·
865 791 1008 865 actiones,
1025 799 1056 854 et
1069 791 1191 854 resiste·¹

122 894 155 936 re
175 875 408 955 conspirationi
423 877 628 957 patriciorum
648 878 780 959 possint.
801 875 828 919 ³⁷
837 876 1056 960 Prajudieiurn
1067 874 1139 959 jam
1154 877 1192 940 de

123 961 186 1024 reis
200 969 232 1022 et
254 961 296 1022 ab
317 969 435 1038 unctu,
452 970 481 1024 et
495 961 679 1046 ob¹populo
692 963 842 1042 Romano,
858 962 938 1026 etab
953 964 1086 1044 ipsoram
1100 963 1191 1026 colle·
1272 1029 1275 1038 λ
1310 1013 1311 1016 ,

118 1047 171 1130 gis
187 1045 319 1130 factem
347 1067 419 1112 esse.
441 1069 512 1110 non
540 1059 571 1112 et
594 1051 849 1114 senatusconsulto
870 1069 919 1112 eos
939 1047 1016 1111 “ab
1036 1047 1191 1129 republica

121 1142 254 1196 remotos
275 1154 347 1206 esse,
371 1142 401 1196 ct
420 1144 589 1199 renuentes
609 1135 755 1198 abdicare
772 1157 804 1198 se
822 1137 1013 1218 magistratu,
1029 1135 1192 1198 dictatoris

122 1227 203 1281 rnetu
230 1219 272 1282 ob
298 1221 423 1302 collegis
447 1223 590 1284 coircitos
605 1243 682 1286 esser
714 1231 744 1284 et
762 1221 909 1303 populum
936 1221 1106 1284 Manum
1130 1222 1190 1284 tri-

122 1303 217 1368 bunos
243 1327 371 1380 creasse,
389 1308 443 1388 qui
456 1328 516 1370 non
540 1307 644 1371 Idibus
658 1306 874 1372 Decembribus
895 1307 947 1370 die
966 1308 1115 1385 sollemni,
1137 1308 1192 1368 sed

121 1393 275 1472 retempto
300 1391 453 1456 Kalendis
476 1393 651 1457 Octobribus
679 1395 889 1478 magistratum
912 1395 1092 1474 acciperent,
1115 1393 1190 1476 quia

120 1487 204 1540 stare
230 1478 350 1540 diutius
371 1478 550 1560 respublica,
571 1480 619 1543 bis
643 1479 833 1544 monentibus
858 1481 890 1542 in
913 1479 1104 1564 magistratu,
1128 1499 1189 1542 non

116 1574 237 1644 ponet.
275 1564 328 1626 ‘Et
352 1573 453 1628 tomen
479 1587 539 1646 eos,
564 1575 611 1630 tot
622 1563 755 1647 judiciis
777 1566 927 1648 confossos
943 1567 1189 1648 promanans·

121 1669 188 1732 que,
209 1651 322 1714 vestire
345 1653 389 1716 aa
407 1653 519 1732 populi
529 1651 701 1734 judicium·
726 1662 755 1714 et
780 1651 966 1727 criminare,
982 1650 1138 1736 destructos
1158 1673 1190 1715 se

121 1757 194 1816 esso,
207 1737 350 1819 satisque
366 1758 526 1818 poersarmn
548 1739 674 1813 dedisse,
695 1740 776 1822 quod
793 1737 907 1802 duobus
930 1737 1078 1802 merisibits
1099 1738 1191 1802 citius

118 1822 339 1906 privatifacti
352 1825 432 1886 sint:
455 1845 550 1907 neqste
564 1826 745 1908 intelligere,
768 1826 897 1888 nocendi
916 1824 977 1888 sibi
996 1825 1112 1888 diutius
1126 1833 1190 1888 tum

118 1918 307 1990 potestatem
336 1919 470 1991 ereptam
499 1932 570 1988 esse,
600 1931 661 1974 non
690 1932 815 1994 poenam
845 1913 1039 1995 inrogatam
1077 1911 1191 1994 quippe

121 2005 152 2057 et
179 1995 308 2078 collegis
335 1995 513 2079 abrogatum
542 1998 709 2080 imperium,
737 1999 792 2080 qui
815 2007 896 2061 certe
929 1998 1011 2061 nibil
1045 1998 1191 2080 deliquis-

121 2092 208 2152 sent.
247 2081 327 2144 Illos
354 2091 524 2164 repeterent
552 2086 669 2148 animos
696 2083 840 2159 Quirites,
867 2105 940 2167 quos
961 2085 1077 2146 recenti
1103 2083 1191 2146 clade

123 2176 254 2250 occepta
283 2167 466 2241 babuisscnt,
497 2189 585 2252 quum
602 2168 690 2253 fugo
719 2171 881 2251 trepidum,
903 2168 1057 2251 ³⁹plenum
1086 2169 1190 2232 ulne-

123 2275 188 2317 nem
222 2275 263 2316 oc
285 2275 405 2336 pauore
436 2255 615 2320 incidentem
629 2257 732 2336 portis
764 2257 925 2318 sancitum
959 2255 1104 2333 uiderint,
1128 2275 1189 2316 non

113 2340 284 2422 sortunorn
298 2351 354 2404 ant
368 2362 542 2424 quemquam
565 2343 710 2418 Deorum,
731 2343 785 2404 sed
804 2342 857 2405 bos
879 2342 966 2404 duces
991 2349 1188 2404 consortem.

124 2427 192 2490 Pro
206 2436 293 2490 certo
303 2449 334 2491 se
347 2427 467 2502 babere,
480 2428 625 2492 neminem
637 2429 670 2490 in
681 2428 822 2490 concione
834 2436 926 2501 stare,
936 2427 990 2510 qui
999 2427 1053 2488 illo
1064 2426 1115 2488 die
1129 2445 1190 2488 non
1236 2479 1239 2488 .

123 2525 232 2600 caput,
249 2515 377 2591 domurn,
389 2513 598 2598 fortunasque
612 2514 653 2578 L.
668 2513 808 2597 Virginii
826 2534 863 2575 oe
878 2513 937 2576 Μ’.
952 2512 1055 2596 Sergii
1075 2513 1116 2574 sit
1138 2533 1190 2574 ee·

123 2612 262 2666 noctiis
276 2603 505 2684 detestatusque.
550 2600 685 2664 Minime
694 2601 863 2674 conuenire,
876 2597 981 2681 quibus
996 2599 1094 2661 iratos
1107 2598 1189 2681 quis·

123 2711 182 2773 que
198 2691 284 2752 Deos
292 2697 437 2769 precatus
450 2689 501 2762 sit,
511 2689 545 2750 in
561 2687 601 2750 iis
610 2709 666 2750 sna
675 2696 837 2768 potestate,
850 2707 938 2768 quum
953 2686 1045 2748 liceat
1059 2692 1089 2746 et
1100 2705 1190 2767 opor·

125 2785 202 2852 teat,
218 2796 282 2839 non
297 2775 355 2837 uti.
392 2773 561 2857 Numquam
577 2773 662 2837 Deos
675 2773 755 2856 ipsos
768 2773 926 2836 admouere
939 2770 1112 2835 nocentibus
1126 2792 1190 2836 ma-

124 2885 190 2926 nus.
206 2863 287 2926 satis
301 2883 371 2934 esse,
386 2861 415 2923 si
428 2861 583 2923 occasione
592 2861 756 2924 ulciscendi
768 2860 855 2922 lasos
868 2867 996 2922 arment.

169 2947 256 3012 XII.
281 2946 346 3011 His
361 2944 557 3009 orationibus
576 2945 707 3010 incitata
722 2944 811 3028 plebs
825 2943 851 2981 ⁴⁰
859 2943 949 3008 denis
965 2942 1103 3008 millibus
1119 2945 1324 3012 oerisnamnsu.

126 3034 235 3120 gravis
262 3055 331 3098 reos
351 3030 551 3110 condemnat,
567 3031 780 3118 nequidquam
806 3031 917 3118 Sergio
941 3029 1080 3096 Martem
1102 3053 1189 3114 com·¹

127 3141 257 3186 munem
282 3117 355 3182 belli
376 3116 599 3203 fortunamque
627 3130 803 3196 accusante,
820 3115 967 3240 Viqqinio
991 3117 1189 3202 deprecante,

127 3229 166 3272 ue
179 3205 339 3270 infelicior
361 3203 459 3280 dorni,
475 3227 569 3290 quain
595 3205 726 3281 militiae,
741 3217 831 3268 esset.
911 3203 950 3268 ln
966 3201 1024 3266 hos
1040 3224 1130 3268 versa
1144 3203 1190 3268 ira

127 3293 251 3378 popuii,
277 3291 485 3376 cooptationis
512 3289 724 3368 tribunorum,
747 3289 929 3376 fraudisque
953 3303 1062 3353 cotnra
1088 3288 1190 3376 legem

562 3429 598 3472 ⁸a
608 3429 682 3474 Gron.
692 3427 761 3474 Crev.

159 3585 192 3630 36
208 3584 248 3632 Ab
276 3581 325 3644 bis}
362 3579 478 3626 Patriciis.
523 3577 643 3625 Nondum
708 3575 805 3622 88'Ab
816 3575 930 3635 republica
939 3571 1046 3633 rcnwws]
1063 3571 1102 3616 Ab
1112 3572 1191 3618 admi·

128 3649 190 3696 enirn
213 3647 307 3698 tribuni
330 3646 437 3692 miiitum
459 3649 528 3690 erant
548 3643 644 3704 Sergius
677 3643 819 3688 nistratione
835 3639 972 3700 reipublicsc
987 3641 1100 3688 remotos.
1112 3649 1190 3695 quum

129 3723 152 3760 ct
163 3713 300 3776 Virginius,
317 3723 395 3770 quum
414 3721 486 3768 opera
504 3721 519 3754 s
535 3707 659 3754 Veienti·¹
673 3704 736 3768 jussi
748 3705 839 3752 tuerint
850 3705 959 3750 abdcere
971 3715 996 3746 se
1007 3701 1158 3760 magistratu.

129 3779 360 3826 butiuccnmunt.
468 3825 471 3832 Ι
709 3771 741 3817 39
758 3769 858 3816 Plenum
888 3768 1008 3814 cultrorum
1039 3777 1065 3808 nc
1090 3763 1190 3828 poturo]

159 3845 191 3892 36
208 3841 352 3902 Frequentia
363 3869 369 3884 .
382 3869 389 3884 .
401 3870 408 3883 .
420 3837 523 3887 arbona
534 3837 645 3883 othmare
678 3835 759 3894 Magis
770 3835 883 3894 placeret,
891 3831 992 3892 perna.

128 3907 237 3970 munes]
256 3903 403 3963 Frequentia
419 3904 517 3950 urbenae
533 3901 645 3948 multitu·
710 3897 742 3944 to
758 3899 834 3944 Denta
854 3897 952 3944 millibus
971 3897 1025 3942 aris
1040 3891 1135 3955 granu]
1162 3893 1191 3940 id
1206 3916 1225 3958 3

129 3972 190 4018 dinis
212 3973 288 4018 robur
310 3977 335 4015 et
353 3967 497 4028 dignitatum
518 3967 645 4013 conciliare
678 3963 828 4024 cst,argenti
843 3962 931 4008 marcis
948 3959 1192 4006 Parisiens.15.cum

128 4037 264 4084 monibus
279 4033 419 4081 tribunitiis.
678 4028 755 4076 unciis
767 4027 791 4074 5.

159 4099 261 4150 3⁷⁸Pr
284 4099 290 4112 ⁴
322 4099 396 4144 Mum
409 4099 464 4160 jam
479 4095 507 4142 dc
522 4097 644 4144 reis..-
710 4091 802 4139 wls
818 4087 859 4134 lios
874 4103 939 4136 uersa
957 4090 995 4135 iro
1008 4086 1103 4151 populi]
1121 4085 1192 4134 ena·

123 4165 213 4226 sartum
230 4178 278 4212 cccc
313 4163 370 4210 Jum
388 4157 570 4222 prejudicatum
592 4173 644 4207 esso
677 4157 822 4204 irascebatur
832 4155 935 4214 populus
953 4153 1057 4200 tribunis
1068 4153 1126 4198 suis
1159 4151 1194 4198 Ae

129 4243 223 4281 samum
243 4227 472 4285 armamentum,
488 4232 645 4286 antequama
678 4231 731 4268 tum
756 4222 791 4266 ira
819 4219 843 4263 in
871 4217 981 4278 Sergium
1005 4217 1192 4277 Virginiumque

131 4295 231 4342 tnbuuis
249 4293 302 4340 dies
320 4291 356 4338 eis
370 4291 499 4346 diceretur,
517 4292 645 4338 damnatos
678 4299 746 4332 versa
768 4281 856 4330 delevit
877 4295 908 4328 ex
933 4282 1021 4328 animis
1049 4281 1193 4327 memoriam

127 4353 177 4416 jaan
188 4373 241 4407 csse
252 4359 284 4404 ab
295 4363 381 4404 senatu
392 4355 438 4402 tce.
674 4347 836 4411 ¹cooptationis
848 4347 1007 4392 tribunorum.
