2978 4918
314 196 369 250 ibt
655 227 659 238 ·
692 185 973 250 r1rru1v11

150 366 282 416 uem
312 353 414 420 tiones
429 352 539 418 linium
556 353 678 417 missus.
722 351 813 417 Nihss
836 354 998 418 remissum
1023 351 1064 418 ab
1087 351 1150 420 ulla
1168 363 1259 438 parte
1281 367 1368 416 curat

148 434 180 484 Α
191 431 217 480 ⁰⁸
229 431 299 485 ⁴⁶²·-
312 453 368 508 aut
381 440 507 505 laboris.
522 439 551 504 vi
577 439 637 504 'lia
655 440 691 502 in
715 441 804 516 urbe,
820 440 969 504 stationes
983 453 1057 504 aute
1073 455 1189 524 portas,
1204 437 1377 523 praesidia·-

311 551 374 614 que
385 528 418 591 in
429 525 528 590 muris
542 461 705 611 ‹iisposim
720 536 764 606 et,
779 525 864 611 quod
880 547 1005 590 necesse
1019 538 1087 591 erat
1100 527 1131 590 in
1149 538 1238 591 tauto
1250 523 1367 589 turnul-

309 628 355 690 tu,
377 613 535 699 justitium
552 633 609 696 per
622 611 744 697 aliquot
758 611 825 677 dies
840 624 1007 676 servatum.
1052 613 1183 677 Interim
1209 610 1368 676 incastus

293 757 296 764 .
312 700 427 766 Furius
446 698 567 774 consul,
590 719 688 785 quum
712 697 817 782 primo
831 700 956 784 quietus
971 699 1169 763 obsidionem
1190 719 1302 783 passus
1320 717 1368 760 es-

310 798 368 863 set,
383 784 416 848 in
433 785 595 849 incautum
612 782 734 848 hostem
749 783 774 822 ¹⁵
784 783 960 849 decumana
973 801 1067 870 porta
1081 783 1196 868 erupit,
1210 796 1252 860 et,
1269 805 1386 868 quum·

310 871 456 958 persequi
471 883 586 955 posset,
602 884 688 935 metu
703 871 841 934 substitit
852 878 875 948 Ι,
898 891 1027 955 nequa,
1046 893 1086 935 ex
1101 883 1193 956 parte
1207 868 1318 945 altera,
1335 871 1369 934 in

310 963 414 1022 castra
444 957 490 1021 via
521 957 620 1022 lieret.
665 955 797 1021 Furium
820 956 959 1044 legatum
984 955 1095 1042 (frater
1120 956 1202 1020 idem
1228 954 1368 1022 consulis

310 1046 393 1126 erat)
408 1042 534 1130 longius
547 1042 662 1108 extulit
675 1063 804 1106 cursus:
827 1064 885 1107 nec
901 1065 973 1106 suos
996 1043 1049 1107 ille
1070 1043 1245 1119 redeuntes,
1262 1063 1368 1126 perse·

310 1129 429 1218 quendi
450 1129 565 1207 studio,
589 1151 693 1214 neque
706 1129 845 1196 hostium
868 1129 909 1192 ab
930 1141 1020 1216 tergo
1036 1129 1196 1193 incursum
1217 1127 1308 1192 vidit.
1322 1129 1369 1197 ita

311 1215 468 1294 exclusus,
484 1215 593 1281 multis
607 1237 691 1300 smpe
706 1215 820 1290 frustra
835 1215 1000 1280 conatibus
1021 1215 1131 1300 captis,
1155 1228 1191 1279 ut
1204 1215 1287 1280 viam
1307 1214 1368 1279 sibi

311 1304 351 1368 ad
364 1317 467 1368 castra
481 1302 607 1380 faceret,
623 1301 737 1366 acriter
751 1301 905 1366 dimicans
920 1299 1043 1365 cecidit.
1089 1301 1132 1366 Et
1146 1301 1269 1378 consul,
1285 1322 1370 1365 nun·

310 1389 361 1454 cio
383 1388 588 1454 circumventi
609 1386 715 1452 fratris
737 1407 907 1452 conversus
931 1387 971 1451 ad
993 1407 1146 1474 pugnam,
1168 1387 1244 1452 dum
1268 1409 1302 1451 se
1323 1400 1370 1451 te-

310 1479 398 1540 mere
412 1475 522 1562 magis,
539 1495 633 1560 quarn
649 1474 725 1538 satis
738 1487 840 1551 caute,
856 1475 888 1538 in
905 1472 1041 1538 mediam
1061 1473 1297 1539 dimicationem
1320 1474 1371 1536 in-

310 1560 380 1638 sert,
396 1560 527 1626 vulnere
542 1571 684 1644 accepto,
707 1581 793 1646 oegre
814 1563 854 1624 ab
875 1559 1152 1624 circumstantibus
1176 1575 1314 1646 ereptus,
1338 1573 1371 1624 et

311 1668 444 1712 auorum
458 1645 751 1722 animosturbavit,
764 1657 796 1710 et
810 1645 977 1710 ferociores
998 1645 1103 1711 hostes
1125 1644 1209 1710 iecit.
1226 1648 1292 1732 qui,
1307 1667 1371 1710 cae·

311 1732 462 1820 delegati
476 1745 509 1797 et
531 1730 667 1796 consulis
683 1731 811 1796 vulnere
825 1732 958 1808 accensi,
983 1731 1007 1770 ¹⁶
1018 1731 1105 1796 nulla
1118 1732 1233 1796 deinde
1249 1733 1279 1796 ri
1302 1755 1372 1796 sus-

311 1819 407 1883 tineri
429 1831 575 1903 potuere,
597 1818 715 1903 quum*
736 1817 890 1903 compulsi
913 1819 947 1881 in
973 1832 1075 1882 castra
1102 1819 1240 1882 Romani
1262 1841 1372 1884 rursus

312 1903 545 1982 obsiderentur,
570 1925 627 1968 nec
648 1925 713 1988 spe,
730 1919 789 1968 nec
811 1905 928 1968 uiribus
943 1925 1043 1990 pares.
1058 1906 1253 1989 venissetque
1268 1906 1301 1970 in
1316 1927 1371 1990 pe·

151 1989 582 2056 lli-Qubriculumsumma
594 2011 711 2066 rernm,
722 1990 757 2053 ni
768 1989 810 2056 T.
822 1989 992 2067 Quinctius
1001 1991 1175 2078 peregrinis
1186 1991 1287 2075 copiis
1298 2012 1372 2057 cum

151 2055 298 2168 {egum
312 2077 432 2144 Latino
456 2077 664 2226 Heruiooqpe
688 2076 830 2141 exercitu
854 2076 1056 2141 subvenisset.
1102 2075 1143 2153 Is,
1170 2078 1310 2143 intentos
1338 2079 1373 2142 iu

312 2177 416 2232 castra
432 2162 579 2229 Romana
641 2185 720 2247 qnos
734 2163 894 2249 legatique
904 2177 1001 2248 caput
1014 2162 1160 2228 ferociter
1174 2175 1373 2230 ostentantes

313 2252 355 2318 ab
370 2263 461 2337 tergo
474 2249 615 2328 adortus,
639 2249 732 2314 simul
754 2248 795 2313 ad
817 2249 944 2337 signum
967 2272 986 2313 a
1008 2271 1042 2315 se
1063 2249 1174 2334 procul
1194 2249 1316 2314 editum
1332 2273 1375 2315 ex

313 2337 424 2402 castris
439 2336 606 2488 eruptione
626 2334 719 2413 lucta,
745 2357 892 2486 maffiam
908 2336 971 2399 viru
994 2335 1133 2400 hostium
1153 2335 1373 2403 circumvenit.

314 2424 428 2490 Minor
442 2445 488 2489 cae
512 2445 555 2500 es,
569 2421 645 2512 fuga
659 2421 786 2487 effusior
844 2445 979 2510 quorum
996 2422 1028 2485 in
1044 2444 1122 2507 agro
1135 2420 1195 2488 fuit
1211 2424 1373 2489 Romano.

313 2512 346 2576 in
368 2533 449 2598 quos
472 2510 602 2596 palatos,
625 2508 767 2594 praedam
789 2523 929 2597 agentes,
954 2507 1136 2574 Postumius
1150 2508 1270 2596 aliquot
1285 2509 1374 2586 locis,

313 2598 429 2684 quibus
442 2610 625 2684 opportuna
639 2597 821 2680 inposuerat
835 2594 993 2680 praesidia,
1008 2595 1151 2680 inpetum
1166 2594 1265 2661 dedit.
1281 2597 1305 2660 ii
1321 2619 1376 2661 va·

312 2684 357 2772 gi,
373 2683 526 2767 dissipato
541 2683 668 2767 agmine
681 2680 846 2768 fugientes,
867 2682 899 2744 in
915 2680 1104 2757 Quinctium
1118 2683 1283 2760 rictorem,
1300 2703 1375 2748 cum

313 2770 422 2834 saucio
436 2768 565 2832 consule
581 2779 798 2842 revertentem,
814 2765 964 2832 incidere.
1009 2765 1097 2832 Tum
1120 2768 1293 2834 consularis
1319 2791 1376 2834 ex·

312 2855 429 2920 arcitus
450 2853 578 2940 egregia
599 2873 709 2940 pugna
722 2851 859 2917 consulis
873 2853 998 2931 vulnus,
1021 2852 1117 2942 legati
1137 2869 1170 2920 et
1191 2853 1375 2922 cohortium

601 3026 615 3066 Ι
629 3021 730 3072 mann
741 3025 815 3074 Gron.
919 3023 932 3064 b
947 3027 1003 3088 quin
1016 3028 1084 3076 (ires.

348 3187 379 3235 15
394 3188 623 3253 flmmeum]
642 3191 827 3240 cananum·
859 3195 894 3241 sic
912 3193 983 3242 dicta
1002 3195 1068 3255 quod
1086 3195 1111 3241 in
1127 3195 1378 3254 eotoeoesseotubt

313 3253 483 3313 nsquadrata,
500 3259 529 3301 ut
548 3255 692 3314 plurimum,
709 3255 785 3312 sucre,
803 3264 827 3305 et
859 3259 990 3306 tendebant
1012 3259 1131 3320 principes
1152 3259 1258 3315 ordines,
1281 3261 1308 3308 id
1327 3264 1376 3320 etl,

313 3323 418 3378 quatuor
435 3318 541 3365 habuere
557 3325 645 3379 portas.
679 3319 777 3368 Harum
798 3335 828 3369 ea
859 3322 932 3383 primi
942 3323 1048 3380 ordlnes,
1066 3324 1146 3386 capita
1157 3329 1182 3370 et
1192 3323 1272 3383 apices
1284 3331 1377 3373 castro·

311 3393 369 3443 que
379 3383 533 3431 asumma
542 3389 594 3430 arat
610 3385 642 3432 ab
658 3385 737 3439 hoste,
750 3387 828 3434 Dess-
859 3399 924 3442 mm,
939 3393 999 3447 puta
1010 3390 1110 3442 tribum,
1126 3387 1243 3449 preteeti,
1253 3390 1378 3451 primique

312 3459 382 3492 mosa
396 3447 521 3494 dicebatur
541 3461 556 3495 s
576 3447 677 3496 decimis
689 3450 828 3498 cohortibus
859 3452 1037 3500 centurionum.
1072 3452 1133 3500 trec
1143 3453 1194 3500 l'ere
1205 3451 1313 3514 Lipsius.

312 3510 344 3562 (si
359 3512 481 3558 credimus
497 3509 589 3572 Lipsio,
608 3513 625 3558 l.
642 3511 676 3560 V.
693 3516 723 3560 da
739 3515 828 3563 militis
893 3515 923 3562 lu
940 3516 1018 3564 Nullo
1035 3515 1115 3566 deinde
1133 3517 1157 3564 ul
1176 3519 1288 3564 metim
1306 3523 1378 3579 pota·

312 3572 433 3634 Romans,
445 3572 509 3624 Dlal.
520 3577 555 3634 ὅ.)
569 3572 642 3638 juxta
660 3591 714 3625 eam
726 3581 827 3626 tenden-
859 3593 905 3634 erc,
923 3582 980 3642 quin
996 3582 1106 3644 compulsi
1125 3581 1150 3626 ln
1167 3584 1244 3628 metra
1258 3580 1377 3646 Rotnani}

311 3638 385 3690 tibus.
418 3639 726 3704 Unaquequaauimlegio
744 3645 770 3690 in
786 3646 827 3691 de·
860 3643 936 3692 Nulla
952 3647 978 3692 ri
994 3647 1104 3694 hostibus
1121 3646 1200 3693 resisti
1218 3648 1311 3705 potuit.
1334 3655 1380 3695 aut

312 3715 365 3750 cem
396 3706 506 3752 cohortes
532 3705 692 3755 dividebatur.
736 3707 826 3756 Primre
859 3710 981 3768 prohiberi
991 3712 1122 3772 quominus
1139 3711 1259 3772 compulsi
1279 3713 1305 3758 in
1326 3726 1380 3760 css·

312 3773 395 3815 sutem
409 3766 527 3831 cujusque
539 3771 640 3832 legionis
651 3769 827 3835 cobortesjux·
858 3775 1106 3824 trailomunlrursus
1119 3777 1298 3824 obsiderentur.
1334 3779 1380 3826 ce-

311 3839 339 3879 ts
365 3833 511 3894 Pratqrium
529 3835 679 3894 tendebant,
705 3837 772 3896 quod
800 3837 826 3884 in
860 3843 939 3886 terum
958 3839 998 3886 bic
1017 3842 1091 3901 nugo
1111 3841 1201 3900 iegitur
1222 3853 1296 3900 quarn
1316 3855 1379 3888 mnr-

311 3897 538 3946 lbontccaatronrm
556 3899 619 3946 ruit:
636 3907 723 3948 cetera
740 3902 827 3948 deinde
854 3903 927 3963 pulsi.
968 3904 1016 3950 Sed
1036 3903 1063 3951 ei
1083 3907 1139 3964 quia
1162 3905 1260 3952 firmant
1283 3905 1378 3966 aliquot

312 3973 343 4008 es
354 3962 438 4009 ordine
451 3977 528 4024 usque
546 3965 577 4010 sd
594 3963 701 4012 Maras
719 3967 827 4013 eudem·
859 3968 942 4028 scripti
953 3969 1144 4024 eoronorian'ss,
1161 3981 1225 4016 unua
1242 3972 1377 4020 eno-trist

312 4039 362 4084 que
377 4032 520 4086 postremas,
531 4041 587 4088 quar
603 4029 630 4074 in
641 4035 765 4090 postrema
775 4043 828 4077 cas·
859 4037 884 4078 et
898 4029 952 4094 jam
965 4033 1074 4080 clericus
1091 4035 1117 4079 in
1128 4041 1223 4080 textum
1235 4035 1377 4082 admiserat.

312 4094 495 4148 unumpate.
513 4093 622 4152 adeoque
641 4107 715 4156 prope
731 4101 827 4155 portam
860 4096 1004 4143 sorbonicus
1025 4099 1101 4145 oodex
1123 4099 1252 4146 lectionem
1279 4101 1379 4160 expedi·

313 4151 473 4202 Deam
512 4157 663 4206 locabantur.
717 4159 827 4220 ildiqure
860 4161 980 4208 tissimum
1000 4162 1080 4218 offert,
1101 4177 1156 4225 que
1173 4163 1275 4209 fortasse
1290 4161 1378 4212 multis'

303 4222 449 4266 censorum
459 4225 536 4279 portae
546 4220 615 4268 fuera
625 4220 753 4282 Proetcriu,
771 4237 827 4284 qura
859 4225 980 4285 placebit.
993 4231 1110 4287 φοίνιαι.
1145 4226 1265 4287 (impulsi
1282 4229 1310 4275 ln
1329 4242 1379 4276 ras·

315 4279 432 4334 Pretorio
453 4285 572 4343 proxima,
589 4290 615 4332 et
635 4299 704 4334 veras
724 4289 751 4334 in
773 4289 828 4334 bos·
859 4287 1010 4338 tru'ilonrrnl
1020 4303 1102 4340 rursus
1112 4291 1250 4338 eludentur.

315 4349 381 4392 tems
405 4348 433 4394 in
457 4347 572 4395 lateribus
594 4349 740 4412 Panopeus
761 4353 826 4408 duas,
878 4385 881 4392 ·
