3032 4924
403 221 497 280 LIB.
519 219 573 278 Vl.
602 220 706 281 CAP.
730 216 882 280 xxxta.
1119 225 1180 284 trs

108 395 189 462 rent,
208 401 274 448 uon
290 381 449 447 hebebant
463 381 584 446 tribuni
598 379 711 467 plebis.
739 377 903 445 Tribunos
918 379 1014 445 etism
1028 381 1179 447 militares
1187 405 1257 456 tte.
1267 407 1324 456 ars.

110 471 261 557 patricios
287 491 408 547 omnes,
432 481 543 534 coacta
567 468 747 554 principum
771 468 896 550 opibus,
918 466 1004 548 fecit,
1021 467 1062 532 L.
1075 467 1324 549 AEmiadldlu‘ll}r

111 559 201 635 lium,
220 556 259 622 P.
276 552 440 621 Valerium
484 567 620 631 nattum,
645 555 683 620 C.
699 555 877 631 Veturium,
900 555 969 620 Ser.
987 537 1326 651 Sulpiciumss‘fflss’

112 645 151 711 L.
166 657 199 709 et
220 643 258 707 C.
275 643 446 721 Quinctios
462 578 680 720 Sincinnatos.
725 641 841 705 Iisdem
865 640 979 727 opibus
1000 635 1241 720 obtinuere,'1u'n
1318 631 1327 651 ⁸

112 743 147 795 ut
172 729 325 794 adversus
352 730 481 796 Latinos
496 728 700 815 Volscosque,
716 728 770 815 qui
797 728 973 814 conjunctis
999 727 1179 830 legionibus

111 821 150 882 ab
166 819 328 883 Satricum
343 829 452 880 castre
467 814 634 892 habebant,
650 814 741 880 nullo
762 814 945 899 inpediente
958 816 1109 880 omuibus
1125 817 1178 901 ju·

111 903 256 968 nioribus
271 917 468 967 sacramento
483 903 678 980 adactis,tres
692 902 852 966 exercitus
862 901 1055 968 scriberent:
1078 923 1179 966 unum

110 991 150 1054 ad
170 987 356 1077 praesidium
374 989 478 1065 urbis;
502 989 648 1068 alterum,
664 988 729 1074 qui,
745 990 769 1052 si
786 988 839 1074 qui
863 987 938 1051 alibi
961 1002 1066 1053 motus
1079 989 1179 1054 exsti-

112 1077 210 1152 tisset,
226 1077 266 1140 sd
290 1073 396 1139 subita
417 1075 490 1140 belli
512 1075 595 1140 mitti
616 1089 742 1160 posset;
765 1075 894 1138 tertium
917 1073 1012 1164 longe
1026 1076 1178 1140 validissi-

110 1183 201 1226 mum
218 1161 255 1227 P.
273 1161 419 1226 Valerius
441 1177 472 1226 et
488 1162 526 1225 L.
542 1161 692 1226 AEmilius
712 1161 753 1225 ad
770 1160 927 1227 Satricum
954 1167 1098 1225 duxere:
1124 1161 1179 1226 ubi

110 1271 212 1336 quum
229 1249 330 1312 aciem
350 1249 535 1313 instructam
552 1249 689 1313 bostium
712 1247 784 1312 loco
798 1267 891 1335 oequo
907 1248 1108 1323 invenissent,
1124 1269 1178 1314 ex·

111 1336 233 1420 templo
254 1347 451 1422 pugnatums
476 1346 516 1411 et,
538 1351 574 1400 ut
595 1333 738 1398 nondum
762 1335 836 1398 satis
860 1334 977 1399 claram
998 1335 1177 1413 victoriam,
1187 1358 1306 1406 Voueter

112 1424 158 1486 sic
172 1431 335 1509 prosperae
350 1421 417 1505 spei
439 1441 580 1506 pugnam
601 1420 704 1484 imber
725 1421 906 1510 ingentibus
931 1420 1077 1506 procellis
1092 1420 1267 1486 litsusletini
1275 1423 1342 1471 nst.»

112 1507 251 1573 diremit.
298 1507 432 1572 Postero
453 1509 503 1571 die
525 1509 643 1572 iterate·
657 1527 786 1593 pugna:
810 1518 843 1571 et
864 1507 904 1570 ali
929 1508 1058 1572 uamdiu
1085 1526 1178 1594 aequa

111 1595 230 1659 virtute
244 1593 434 1680 fortunaque
448 1595 571 1658 Latinae
591 1593 729 1658 maxime
743 1592 894 1680 legiones,
907 1529 1008 1681 longa
1028 1595 1179 1660 sacietate

110 1681 258 1746 militiam
276 1681 456 1746 Romanam
471 1679 604 1758 edoctae,
620 1680 790 1744 restabant
813 1701 909 1768 eques
926 1680 1076 1746 inmissus
1090 1681 1178 1745 ordi-

114 1789 168 1832 nes
194 1767 350 1843 turbavit;
374 1765 509 1832 turbatis
535 1768 625 1856 signe
649 1766 792 1851 peditum
819 1765 936 1831 inlate:
960 1781 1179 1854 quantumque
1361 1836 1364 1842 ,

114 1855 260 1919 Romana
282 1875 314 1917 se
337 1854 460 1918 invexit
484 1854 576 1930 acics,
592 1866 714 1918 tantum
739 1854 844 1918 hostes
868 1851 971 1938 gradu
993 1853 1124 1919 demoti.
1146 1867 1179 1919 et
1272 1915 1274 1918 .

115 1953 150 2005 at
174 1940 271 2006 semel
296 1940 461 2004 inclinarit
487 1961 607 2028 pugna,
628 1940 696 2026 jam
722 1939 930 2004 intolerabilis
957 1939 1106 2005 Romans
1131 1942 1179 2006 vis

111 2039 189 2092 erat.
237 2027 311 2092 Fusi
335 2026 442 2091 hostes
464 2049 562 2114 quum
587 2027 757 2102 Satricum,
774 2025 859 2113 quod
887 2025 953 2091 duo
977 2027 1078 2091 millia
1102 2028 1180 2093 inde

112 2112 232 2189 aberat,
248 2133 312 2176 non
334 2125 447 2190 castra,
462 2126 619 2198 peterent,
636 2112 678 2178 ab
691 2113 833 2198 equitatu
854 2113 990 2178 maxime
1004 2114 1088 2178 cassi.
1111 2137 1179 2180 οιιιι·

112 2211 161 2264 tra
175 2212 270 2288 capta
284 2199 482 2284 direptaque.
527 2201 581 2264 Ab
603 2200 727 2265 Satrico
748 2211 853 2278 nocte,
869 2221 941 2284 quoe
963 2199 1082 2282 proelio
1103 2221 1179 2284 pro-

113 2286 203 2350 xima
216 2285 287 2360 fuit,
303 2283 388 2388 fuge
404 2285 499 2350 simili
514 2285 641 2375 agmine
654 2299 768 2370 petunt
781 2285 933 2348 Antium:
950 2297 982 2348 et
995 2307 1093 2370 quum
1110 2286 1178 2351 Ro-
1228 2333 1239 2350 .

113 2393 227 2437 manus
248 2385 407 2437 exercitus
430 2393 531 2458 prope
552 2372 628 2436 vesti
653 2371 690 2434 iis
712 2383 908 2458 sequeretur,
924 2370 995 2454 plus
1017 2381 1121 2436 tamen
1139 2372 1179 2437 ti·

112 2480 194 2536 mor,
211 2480 306 2544 quam
330 2458 388 2536 ira,
404 2459 572 2524 celeritatis
593 2393 716 2523 babuit.
762 2457 856 2522 Prius
877 2459 984 2542 itaque
997 2457 1116 2522 moenis
1131 2459 1179 2523 in-

113 2558 241 2610 travere
250 2543 367 2622 hostes,
382 2567 479 2645 quam
496 2546 662 2618 Romanrn
676 2556 815 2608 extrema
830 2543 965 2631 agminis
979 2563 1110 2627 carpere
1124 2559 1179 2610 aut

113 2632 232 2695 morari
253 2645 368 2716 posset.
391 2633 466 2696 mdc
480 2631 602 2718 aliquot
616 2631 682 2698 dics
697 2629 848 2695 sanando
863 2651 941 2717 agro
955 2627 1103 2707 abeunti,
1119 2653 1179 2696 neo

115 2717 271 2782 Romanis
285 2718 361 2781 setis
383 2718 543 2783 instructis
563 2717 717 2804 adparatu
738 2716 853 2782 bellico
867 2715 906 2782 ad
931 2716 1052 2782 moeuis
1065 2717 1179 2806 adgre-

114 2803 242 2880 dienda,
258 2825 317 2866 nec
333 2803 393 2868 illis
407 2804 449 2869 ad
463 2804 662 2870 sumundum
681 2825 796 2890 pugnae
811 2823 931 2868 casum.

157 2889 336 2954 XXXllI.
360 2889 481 2956 Seditio
496 2905 563 2956 tum
580 2891 662 2958 inter
678 2892 824 2956 Antiates
839 2889 1034 2977 Latinosque
1048 2903 1177 2968 coortam

114 2989 213 3063 quum
231 2977 387 3054 Antiates,
404 2978 478 3043 victi
500 2976 591 3042 malis
609 2979 795 3063 subactique
815 2976 910 3053 bello,
926 2977 959 3040 iu
999 2999 1040 3042 uo
1059 2989 1091 3042 et
1113 2980 1179 3043 uati

114 3075 216 3140 eram,
233 3075 266 3127 et
287 3079 527 3141 consenuerant,
544 3059 738 3130 deditionem
760 3073 957 3148 spectarent;
1012 3065 1117 3129 atinos
1139 3087 1178 3130 ex
1202 3097 1206 3104 ·

114 3149 236 3214 diutina
258 3167 337 3234 pace
351 3168 434 3214 nova
448 3150 583 3216 deiectio
598 3151 776 3216 recentibus
790 3149 895 3215 adbuc
909 3151 1023 3216 animis
1043 3149 1179 3216 ferocio-

114 3255 163 3300 res
178 3235 221 3300 ad
241 3236 508 3320 perseverandum
523 3237 556 3301 iu
579 3236 663 3302 bello
677 3235 804 3302 faceret.
826 3236 899 3301 finis
913 3238 1093 3302 certaminis
1108 3237 1177 3314 suit,

113 3335 284 3408 postquam
299 3323 442 3409 utrisque
456 3323 613 3408 adparuit,
629 3322 708 3388 nihil
729 3345 786 3408 per
800 3321 916 3387 alteros
930 3339 1023 3400 stare,
1040 3347 1104 3412 quo
1118 3326 1178 3388 mi·

115 3431 174 3472 nus
190 3411 318 3493 incepta
332 3423 605 3510 persequerentur.
652 3409 760 3474 Latini
777 3405 908 3493 profecti
924 3431 944 3473 a
958 3411 1109 3474 societate
1121 3432 1178 3495 pa-

113 3495 168 3571 cis,
192 3509 230 3559 ut
251 3495 414 3571 rebantur,
436 3497 612 3560 rnbouestae
633 3518 700 3562 sese
724 3493 974 3562 vindicaverunt.
1020 3497 1177 3575 Antiates,

111 3581 325 3646 incommodis
340 3581 467 3646 arbitris
484 3581 667 3647 salutarium
684 3579 886 3646 consiliorum
908 3582 1049 3658 remotis,
1066 3581 1179 3647 urbem

112 3669 272 3756 agrosque
288 3666 443 3732 Romanis
465 3665 596 3733 dedunt.
641 3666 694 3732 Ira
712 3680 744 3732 et
765 3667 868 3732 rabies
889 3667 1087 3745 Latinorum,
1103 3669 1178 3754 quia

113 3775 172 3818 nec
197 3752 362 3818 Romanos
384 3753 468 3818 bello
490 3753 617 3831 laedere,
640 3776 698 3820 nec
712 3753 845 3818 Volscos
867 3753 899 3816 in
923 3753 1018 3818 armis
1043 3755 1178 3818 retinere

113 3851 296 3922 potuerant,
312 3861 351 3903 eo
365 3841 478 3926 erupit,
493 3854 530 3904 ut
545 3839 700 3905 Satricum
717 3840 840 3917 urbem,
855 3861 929 3926 quse
943 3840 1176 3926 receptaculum

114 3926 253 4010 primum
270 3925 315 3990 eis
329 3925 470 4002 adversae
488 3949 531 4012 pu
555 3926 731 4000 nseiuerat,
748 3926 815 4012 igni
836 3940 1094 3991 concremarent:
1120 3947 1178 3990 nec

112 4011 200 4076 aliud
215 4025 334 4076 tectum
349 4013 416 4098 ejus
431 3949 585 4098 superlirit
599 4013 695 4090 urbis,
709 4018 821 4100 (quum
843 4011 926 4076 faces
948 4010 1066 4095 pariter
1081 4013 1177 4078 sacris

114 4097 320 4185 pmfanieque
333 4099 510 4185 injicerent)
525 4121 620 4186 quarn
637 4099 747 4163 matris
763 4097 902 4163 Matutae
914 4097 1079 4184 templum.
1122 4099 1178 4164 ln·

114 4183 153 4248 de
167 4207 223 4249 eos
243 4207 303 4250 noc
325 4205 382 4250 sua
404 4185 526 4273 religio,
542 4208 601 4250 nec
616 4183 806 4251 verecundia
819 4183 927 4250 Deum
948 4185 1086 4250 arcuisse
1100 4185 1177 4250 diei·

114 4281 176 4348 tur,
193 4269 249 4337 sed
266 4291 328 4338 vox
351 4269 520 4349 horrenda,
536 4271 622 4336 edita
635 4273 755 4357 templo
769 4292 850 4335 oum
861 4270 1003 4336 tristibus
1022 4270 1126 4350 minis,
1141 4271 1177 4336 ui

115 4355 266 4424 nefandos
281 4358 371 4444 ignes
385 4357 499 4442 procul
512 4357 654 4424 delubris
669 4359 868 4424 amavissent.
913 4356 1062 4424 Incensos
1074 4379 1112 4423 es
1126 4381 1177 4423 ra·
