2986 4930
316 153 353 220 16
703 153 817 214 ΤΙΤΙ
845 153 1001 218 LlVll.

315 315 434 406 pleoet:
457 319 526 386 ⁰⁰et
541 319 591 386 ita
611 319 757 386 habuisse
772 319 937 402 Etruscos,
952 321 1105 471 quodtex
1125 319 1377 410 duodecim·po-'

315 407 398 492 pulis
412 407 631 472 communiter·
641 422 748 472 creato
763 429 846 496 rege,
862 408 1005 495 siuguos
1018 407 1133 497 singuli
1155 409 1267 496 populi
1283 410 1377 476 licto·

151 507 298 556 irruentu-
317 515 366 559 res
391 493 548 558 dederint.
593 493 762 563 Crescebat
783 495 910 559 interint
935 495 1019 571 urbs,
1043 495 1294 562 munitionibusk
1313 495 1377 563 alis

149 580 200 634 ¹3⁶²r
316 594 411 728 atque
436 579 498 646 aliu
522 580 702 666 adpetendo
725 579 805 657 loce,
830 603 929 666 qaum
954 584 1103 666 inspem
1130 583 1231 670 magis
1258 582 1376 651 laturae

313 664 536 744 mutitudinis,
566 689 662 751 quum
691 665 772 732 ⁶¹ud
800 667 844 745 id,
875 661 961 754 quod
993 683 1074 732 tum.
1096 669 1260 735 huminum
1293 683 1374 752 erat,

312 751 338 790 ⁸¹
351 753 521 818 munirent.
543 753 680 830 Deinde,
695 775 736 818 ne
751 775 831 818 vene
849 755 936 819 urbis
956 753 1143 855 magnitudo
1157 755 1249 835 esset,
1263 755 1375 842 adjici-

311 837 404 906 endae
428 838 641 908 multitudinis
663 861 782 916 cauma,
806 855 910 904 vetere
935 841 1067 906 canalio
1092 841 1296 907 condentium
1322 866 1375 908 ur-

311 924 376 1002 bes,
393 926 463 1012 qui,'
474 925 641 992 obscuram
657 939 751 1014 utque
765 925 916 992 humilem
933 927 1110 992 conciendo
1124 927 1164 992 ed
1183 951 1216 992 se
1230 928 1376 994 multitu·-

311 1011 428 1088 dinem,
443 1025 551 1079 nutam
571 1037 589 1076 e
609 1025 693 1080 terra
713 1013 772 1078 sibi
795 1017 917 1098 prolem
939 1014 1244 1095 ementiebantur,⁸⁸
1255 1016 1372 1096 locum,

311 1099 366 1182 qui
399 1120 489 1166 nunu
522 1113 628 1184 septus
661 1099 923 1166 descendentibus
959 1101 1043 1164 inter
1076 1101 1157 1166 duos
1189 1093 1277 1166 lucos
1312 1117 1372 1184 est,

145 1183 252 1260 asylum
310 1183 484 1270 &Asylum
509 1209 525 1250 a
550 1185 621 1250 erit.
641 1208 680 1250 eo
700 1207 740 1250 ex
761 1185 903 1251 finitimis
924 1186 1051 1272 populis
1071 1189 1165 1252 turbe
1186 1188 1291 1255 omnis
1305 1187 1376 1254 sine

148 1255 233 1309 ’Μ’
310 1269 501 1348 discrimine,
528 1207 609 1336 liber
636 1295 678 1340 un
706 1295 814 1338 servus
842 1287 932 1350 esset,
958 1273 1051 1338 eride
1080 1295 1233 1338 nurerum
1264 1296 1373 1346 rerum

310 1357 466 1444 perfugit:
489 1357 586 1448 idque
606 1359 746 1443 primum
761 1359 800 1424 ad
822 1373 959 1444 caeptam
983 1359 1234 1446 magnitudinem
1250 1359 1374 1426 roboris

309 1443 378 1515 fuit.
424 1443 536 1522 Quum
557 1445 624 1530 jam
645 1445 759 1510 virium
781 1445 867 1527 heud
890 1445 1068 1532 poeniteret,
1092 1445 1292 1512 “consilium
1316 1447 1374 1512 de-

142 1537 264 1614 }th
308 1530 383 1596 inde
396 1531 516 1596 viribus
530 1544 631 1616 peret.
653 1545 781 1597 eentum
797 1546 883 1597 creet
899 1546 1077 1598 senatores:
1101 1535 1166 1598 sive
1180 1533 1253 1620 quie
1268 1535 1296 1599 is
1311 1555 1373 1599 nu-

145 1605 260 1650 mmum·
309 1639 415 1685 merus
437 1617 616 1692 reticerem
640 1619 705 1684 siae
718 1618 794 1705 quie
815 1617 875 1684 soli
898 1632 1024 1683 centum
1039 1631 1140 1698 erant,
1156 1619 1248 1706 ⁶⁶qui
1271 1622 1374 1686 creari

143 1707 263 1754 ΝΜ
311 1703 423 1772 Patres
437 1719 572 1789 possent.
619 1704 729 1770 Patres
743 1718 828 1770 certe
842 1704 883 1770 ab
900 1705 1032 1783 honore,
1049 1706 1237 1793 patriciique
1255 1729 1373 1798 proge-

144 1772 248 1818 ΜΗ·
269 1853 280 1884 ⁸
309 1791 378 1856 aies
392 1813 503 1856 eorum
518 1790 675 1876 adpellari.

353 1877 418 1942 rx,
440 1877 512 1942 um
529 1899 578 1942 ra
594 1878 738 1944 Romana
759 1867 928 1952 arsami
941 1842 1056 1956 virus,
1074 1879 1254 1945 urcuauea
1272 1867 1391 1946 anre:

309 1985 433 2029 merum
458 1965 618 2032 civitatum
645 1963 731 2030 bello
758 1988 817 2050 per
845 1979 945 2044 essem
966 1967 1032 2044 sed,
1055 1967 1228 2052 ⁶⁷peuuriu
1257 1967 1372 2034 mulie-
1426 1969 1430 1978 '

309 2071 391 2128 rum,
408 2051 546 2115 hominis
560 2063 685 2116 aetatem
700 2053 853 2118 duratura
872 2052 1060 2140 magnitudo
1073 2065 1153 2118 erut.
1167 2055 1285 2140 quippe
1299 2056 1372 2139 qui-

140 2141 279 2223 domuum
309 2136 369 2204 bus
398 2159 457 2202 nec
485 2137 573 2204 domi
605 2159 676 2221 spes
708 2139 819 2223 prolis,
852 2161 910 2204 nec
939 2161 1011 2204 cunr
1035 2140 1179 2205 finitimis
1212 2141 1373 2206 connubia

141 2209 293 2320 ffiffi‘*
308 2237 421 2291 essent.
467 2221 553 2288 Tum
580 2247 619 2289 ex
646 2225 777 2290 consilio
800 2225 933 2292 Petrum
959 2226 1115 2292 Romulus
1139 2226 1260 2316 legatos
1285 2227 1375 2292 circu¹

306 2308 425 2376 vicinos
454 2325 564 2398 gentes
593 2312 687 2389 misit,
715 2312 770 2398 qui
796 2314 977 2380 societatem
1002 2311 1260 2401 connubiumque
1285 2336 1369 2380 novo

512 2444 608 2510 karum
617 2448 666 2494 alie
676 2463 697 2496 a.
709 2463 732 2496 a.
741 2463 762 2496 a.
774 2451 823 2496 laea
833 2435 933 2512 inspersi
942 2457 988 2500 ete.
1000 2453 1073 2500 Gaea.
1087 2453 1157 2499 Crev.

339 2563 371 2611 60
387 2563 422 2610 Et
439 2566 473 2611 ito
489 2563 593 2611 imbuisse
617 2562 738 2627 [iterarent]
761 2563 821 2612 Vid.
854 2566 1013 2613 omissuvoee
1023 2564 1322 2619 dueatuuettatertneas.

306 2625 380 2677 Dion.
390 2631 407 2676 l.
420 2629 471 2676 111.
886 2629 919 2676 64
926 2629 940 2656 ¹
950 2627 1062 2690 Aratum]
1073 2627 1130 2674 Vox
1141 2629 1226 2674 Graece
1236 2635 1283 2686 ert,
1294 2631 1358 2694 signi

310 2699 315 2707 ‘
338 2692 368 2739 61
386 2691 429 2740 Aat
442 2691 468 2739 id
484 2693 543 2754 qaod
560 2698 610 2740 uene
628 2693 747 2740 dominum
759 2691 822 2755 erat]
856 2693 930 2740 licens
947 2693 1029 2740 lucum
1044 2694 1071 2740 iu
1085 2706 1134 2752 quo
1145 2694 1268 2742 neminem
1280 2693 1371 2742 violare

305 2757 355 2812 Qut
365 2771 415 2804 unu
428 2771 486 2806 cum
499 2758 603 2814 Romulo
620 2759 704 2805 urbem
721 2757 823 2804 condere
856 2759 942 2805 liceat:
959 2771 974 2802 a
983 2757 1101 2816 particula
1111 2775 1127 2802 ι
1138 2771 1194 2817 quae
1201 2758 1312 2818 privandi
1318 2761 1372 2806 vim

305 2828 436 2882 coeperant.
448 2836 496 2869 non
513 2823 682 2884 pluteorum,
693 2821 714 2866 ei
727 2821 818 2880 Diony·
851 2825 933 2878 hebet,
946 2827 971 2868 et
983 2823 1055 2868 verbo
1065 2816 1151 2875 eate‘e,
1162 2821 1241 2881 rpolio.
1253 2821 1317 2868 ledo.

256 2899 259 2906 ¹
305 2885 342 2932 eia
361 2887 491 2942 credimur,
511 2887 582 2940 1.,11.
599 2901 673 2946 quem
694 2893 731 2932 ter
752 2884 820 2932 mille
885 2887 917 2934 66
936 2885 1099 2934 Curtilium..
1111 2885 1199 2932 uiribus
1210 2883 1293 2952 parat]
1305 2887 1369 2934 Cou-

305 2951 407 3010 pediteu
424 2957 449 2998 et
467 2952 591 3012 pauciores
609 2951 722 2996 trecentis
733 2949 820 3009 equiti·
853 2951 935 3000 silium
947 2949 1058 3010 regendis
1069 2951 1160 2998 viribus
1170 2951 1245 2999 addit.

305 3015 358 3061 bus.
392 3013 431 3062 Ad
448 3029 502 3063 eam
522 3017 668 3076 paucitatem
685 3015 740 3060 illos
755 3013 821 3059 rede·
886 3013 917 3064 66
936 3013 1073 3070 Qui‘ereari
1089 3013 1174 3062 Patres
1180 3011 1284 3076 poemat]
1302 3017 1369 3064 Mul-

304 3085 373 3140 gerat
395 3087 524 3128 cruentum
552 3081 615 3126 inter
638 3079 772 3124 Romulum
794 3091 822 3124 ec
854 3088 908 3128 tum
930 3080 1020 3126 arridet
1047 3077 1139 3140 sigonii
1160 3075 1307 3142 conjectura,
1329 3083 1371 3142 qai

305 3141 532 3206 Remumobregni
548 3144 687 3204 cupidinem
702 3141 822 3202 praelium.
855 3147 913 3192 ciere
938 3147 1018 3204 patro
1041 3148 1141 3204 paueat.
1185 3141 1279 3190 Firmat
1305 3147 1371 3192 hauc

304 3207 408 3262 Quando
429 3217 511 3256 autem
540 3207 659 3255 Romulus
684 3207 787 3253 excessit
808 3221 822 3252 e
854 3208 1049 3256 emendationem
1067 3209 1135 3256 lucue
1154 3223 1184 3255 ex
1200 3209 1368 3257 orationeDe-

304 3273 375 3330 vivis,
387 3275 498 3335 peditum
509 3271 607 3332 reliquit
619 3285 662 3317 sex
678 3277 702 3316 et
719 3272 821 3332 quadra·
854 3275 894 3332 cii,
913 3273 977 3322 infra
992 3274 1007 3318 l.
1024 3271 1059 3319 X.
1076 3287 1097 3321 e.
1114 3273 1137 3320 8.
1155 3273 1274 3320 Patriciae
1288 3275 1368 3334 pamm

303 3338 373 3400 girata
381 3339 468 3396 millia,
480 3345 505 3384 et
516 3337 583 3384 mille
595 3336 671 3382 ferme
682 3335 782 3396 equitet.
852 3353 899 3386 ease
912 3337 998 3400 saetae,
1021 3339 1062 3398 qai
1075 3341 1171 3400 patrem
1192 3339 1251 3384 ciere
1269 3343 1371 3399 possent.

337 3403 369 3450 62
385 3401 524 3466 Muairent]
545 3401 611 3448 'l'utn
631 3405 657 3446 et
677 3401 819 3446 habitationi
852 3403 886 3450 itt
896 3415 953 3449 vero
969 3401 1009 3450 hie
1026 3403 1066 3452 vix
1087 3411 1188 3464 possunt
1199 3415 1214 3448 u
1225 3401 1293 3450 Livia
1304 3403 1369 3450 indi·

303 3467 432 3516 commoda
449 3467 579 3513 efficerent.
614 3465 707 3512 Eodem
724 3473 823 3525 quoque·
852 3469 901 3516 euri
918 3475 1040 3514 senatores
1050 3469 1152 3516 Patrem
1169 3467 1368 3526 nomine‚quurn

303 3545 376 3581 sensu
395 3530 552 3594 intelligenda
571 3537 608 3577 est
626 3538 757 3590 suprtvox
768 3544 820 3576 ma·
852 3535 961 3580 nondum
979 3533 1068 3580 dixerit
1085 3545 1140 3579 eam
1161 3532 1209 3580 ill‘u
1227 3533 1369 3592 appellatio·

302 3595 436 3644 nitioaidru.
851 3611 908 3644 nem
919 3597 1094 3644 fuissedatum.

302 3702 306 3713 .
335 3661 368 3710 68
384 3661 472 3708 Mutat
488 3659 528 3720 qui
546 3673 608 3706 nune
626 3659 817 3724 septua1Locum
883 3663 914 3711 67
931 3661 1037 3708 Penuria
1057 3653 1194 3724 mulierum]
1216 3659 1253 3706 Ob
1283 3663 1368 3720 pauci.

303 3727 346 3787 qui
364 3739 429 3773 nunc
451 3732 519 3784 septo
540 3726 637 3772 clausus
654 3727 758 3772 armauit
776 3726 817 3773 de·
851 3733 927 3774 tatem
953 3727 1093 3780 mulierum,
1121 3739 1168 3772 nou
1200 3725 1366 3776 omnimodam

215 3847 217 3855 Α
302 3791 474 3838 scendeattuus
492 3801 523 3841 ex
541 3789 658 3850 Capitolio
680 3791 744 3838 cirea
762 3803 818 3836 eum
850 3792 966 3852 inopium.
999 3789 1086 3850 Neque
1097 3791 1162 3836 enim
1175 3789 1225 3838 fieri
1237 3791 1327 3851 potuit,
1338 3797 1369 3840 ut

301 3857 469 3915 partemque
484 3859 585 3900 vocetur
598 3855 659 3900 iuter
675 3854 731 3902 duaa
748 3855 816 3902 lacae
850 3857 918 3904 nullu
936 3856 962 3901 in
980 3859 1048 3901 tanto
1066 3855 1172 3902 vimrum
1191 3867 1293 3901 numero
1310 3871 1366 3904 rnu-

303 3918 430 3966 Heeenim
449 3929 520 3965 voees
538 3919 599 3964 inter
616 3919 672 3965 duae
687 3919 817 3966 lacessunt
850 3921 975 3967 liereeset.
1009 3919 1090 3981 Atque
1111 3921 1157 3966 hac
1179 3920 1279 3979 quidem
1295 3919 1320 3968 iu
1339 3937 1366 3970 re

301 3985 348 4030 loci
358 3995 457 4036 nomen,
468 3983 620 4044 quiquidem
631 3983 694 4031 hunc
711 3984 816 4045 appelle
849 3987 968 4032 habemus
984 3985 1160 4032 consentientes
1177 3985 1277 4046 Dionys.
1296 3985 1311 4030 l.
1330 3987 1369 4035 11.

301 4049 393 4095 tionem
406 4047 469 4095 Lirii
481 4061 534 4094 sevo
544 4049 679 4096 etiamnum
687 4050 816 4104 retinebat,
849 4056 874 4096 et
886 4047 950 4097 Plut.
962 4049 988 4095 iu
998 4049 1069 4095 Rom.
1086 4048 1172 4108 Itaque
1190 4050 1232 4098 ubi
1248 4050 1313 4096 infru
1324 4049 1366 4097 Li·

319 4114 414 4160 uumrie
436 4113 497 4160 nulli
522 4107 574 4175 jam
602 4113 636 4160 lbi
657 4121 737 4162 essent
759 4113 817 4162 luci.
851 4114 903 4160 vius
925 4115 959 4160 eit
983 4113 1099 4160 Romanis
1127 4127 1175 4160 uun
1204 4115 1278 4161 ruisse
1298 4115 1366 4162 domi

328 4178 360 4223 id.
372 4178 519 4226 Dionill·
532 4177 614 4225 Cicero
625 4177 672 4226 tv.
684 4180 780 4226 sunu.
793 4177 816 4224 S·
849 4191 918 4240 spem
933 4177 1019 4240 prolis,
1040 4177 1225 4238 intelligendum
1248 4184 1284 4248 pst
1303 4181 1365 4241 seffl-

301 4239 440 4303 Aeeequiiur
455 4243 517 4290 ieter
534 4241 596 4290 lueet
612 4242 728 4292 hominem
743 4241 814 4289 nsua
846 4241 1058 4289 uenustttemm
1075 4241 1231 4290 multitudinis
1246 4243 1278 4292 ttd
1292 4249 1366 4292 tutu·

302 4305 336 4354 Et
360 4309 460 4370 quidem
488 4309 527 4356 hic
559 4307 703 4358 Sorboaieua
730 4308 816 4364 codex,
848 4307 983 4354 damurbt's
994 4307 1196 4367 magnitudinem.
