2986 4930
426 258 832 337 mancunium.
975 335 977 340 ,
1124 283 1160 336 n

94 449 268 508 aetnam
283 465 309 507 a
322 444 503 507 certamine
515 443 655 513 animus,·
679 449 709 504 et
722 439 865 516 lortibm,
880 440 1093 506 circumueniri
1099 463 1131 506 se
1141 463 1162 506 a

94 538 157 614 tergo
172 533 280 610 ratis,
299 539 416 594 terror
441 529 567 613 ccfltga
582 527 770 612 injiceretur.
816 525 880 590 Nec
904 549 941 590 eo
955 527 1056 612 culpa,
1072 549 1162 614 quam

95 637 178 700 agua,
196 619 352 682 omnium
368 615 559 682 Albanorum
570 623 615 678 est
624 648 636 686 ,-
652 615 753 677 duran
767 613 862 676 secuti
874 623 960 678 sunt:
976 624 1009 678 ut
1018 623 1048 679 et
1059 635 1119 693 nos,
1135 615 1165 681 si

97 724 202 788 quoego
217 705 304 768 inde
320 723 436 788 agmen
447 702 602 765 declinare
611 697 945 784 noluissemfiecissetis.
979 699 1097 766 Mettus
1110 703 1163 767 ille

99 799 131 853 nt
142 791 249 854 ductor
267 790 406 854 itineris
420 785 517 872 bajus,
538 784 657 850 Mettus
672 787 750 849 idem
765 785 852 870 nujm
872 789 1066 852 machinator
1079 789 1163 870 belli,

104 875 202 942 Meua
214 876 370 960 soederis
389 875 528 938 Romam
549 872 724 956 Albanique
745 883 863 956 ruptor.
907 875 1028 940 Audeat
1053 877 1164 940 deinde

105 965 170 1026 talia
190 965 291 1038 alius,
310 963 379 1026 nisi
393 963 429 1024 in
450 962 528 1023 lunc
549 960 670 1043 insigne
673 957 745 1041 jam
760 959 962 1025 documentum
986 963 1165 1028 mortalibus

106 1051 211 1114 lebera
258 1049 287 1087 ¹¹
299 1045 517 1112 Centuriones
532 1045 644 1109 armati
660 1043 824 1109 Mettumk
843 1047 1089 1113 circumsistunt.
1105 1071 1164 1114 rex

109 1149 208 1214 neura,
224 1149 263 1200 ut
278 1156 378 1198 orsus
392 1143 470 1208 erut,
486 1132 616 1219 peragit.
662 1133 753 1206 Quod
769 1131 885 1210 bonum,
896 1133 1050 1216 firmum,
1060 1135 1164 1220 felia·

110 1224 207 1306 merit
229 1223 354 1306 populo
375 1221 517 1284 Romano
531 1241 568 1282 ac
589 1219 676 1298 mibi,
698 1217 847 1302 uobisque,
864 1219 980 1284 Albani
987 1255 1000 1295 ,·
1017 1225 1165 1306 populum

39 1319 40 1323 ’
111 1331 212 1373 omnem
237 1309 397 1372 Alburnum
423 1305 552 1370 Romam
575 1307 735 1370 traducere
763 1307 797 1367 iu
823 1307 926 1370 animo
950 1317 1018 1382 est‚·
1054 1310 1164 1374 civita·

111 1405 159 1458 tem
184 1397 263 1459 dare
282 1393 395 1478 plebi,·
417 1394 570 1475 primores
592 1392 626 1454 in
645 1400 751 1474 patres
775 1393 874 1476 legere
881 1427 893 1466 ,·
932 1415 1023 1457 unam
1052 1395 1164 1473 urban,

110 1503 193 1545 unam
226 1479 446 1564 rempublicam
461 1477 581 1562 secere.
641 1479 685 1541 Ut
709 1499 747 1540 ea
771 1499 831 1541 uno
855 1483 1006 1564 quondm
1036 1482 1070 1544 in
1092 1485 1167 1546 duos

34 1620 35 1630 ,
244 1569 349 1632 divisa
364 1564 488 1630 Albana
502 1586 551 1629 res
564 1572 617 1641 est,
633 1565 677 1628 sie
691 1585 771 1628 nuria
784 1565 818 1628 in
837 1587 928 1630 uuum
949 1569 1067 1633 redeat.
1112 1567 1165 1633 Ad

30 1656 34 1798 ί
130 1677 175 1719 rec
187 1653 318 1719 Albana
340 1651 450 1736 pubes,
466 1649 594 1714 inermis
618 1649 804 1715 obarmatis
827 1666 926 1738 septa,
944 1652 977 1716 in
1003 1653 1097 1722 variis
1112 1678 1167 1720 vo-

29 1808 30 1821 *
108 1739 293 1819 luntatibus,
308 1736 470 1802 communi
495 1748 601 1800 tamen
620 1747 707 1800 metu
729 1749 871 1824 cogente,
887 1738 1045 1806 silentium
1071 1755 1166 1807 tenet.

28 1844 29 1852 ¹
109 1825 193 1891 Tum
201 1825 339 1892 Tullus:
355 1823 457 1888 Mette
467 1824 593 1911 Fitffeti,
604 1822 716 1908 inquit,
731 1825 759 1888 si
770 1825 835 1906 ipse
845 1827 960 1891 discere
968 1831 1168 1912 possesfidem

108 1914 278 1999 acsadera
292 1933 425 1987 seruare,
441 1911 510 1974 vivo
524 1909 584 1973 tibi
596 1931 633 1972 ea
647 1911 814 1992 disciplina
827 1931 849 1974 a
863 1933 908 1975 me
924 1914 1067 1978 adbibita
1082 1925 1167 1982 esset.
1286 1979 1290 1986 .

110 1999 199 2064 Nunc
212 2001 359 2084 qrmuiam
383 2008 467 2061 tuum
481 1995 654 2060 insanabile
675 1997 829 2079 ingenium
851 2009 904 2076 est,
920 2009 1003 2064 atta
1024 2011 1076 2064 tuo
1097 2024 1168 2086 sup-

102 2087 201 2168 plicio
215 2089 290 2150 doce
302 2086 465 2148 humanum
476 2103 571 2166 genus
584 2103 621 2145 eo
636 2091 742 2146 sancta
753 2085 883 2160 credere,
894 2107 961 2170 qua
975 2109 995 2149 a
1010 2097 1040 2151 te
1050 2089 1169 2152 violato

106 2183 186 2237 runt.
239 2172 283 2236 Ut
296 2172 394 2255 igitur
401 2170 513 2252 patella
526 2171 600 2231 aute
613 2169 746 2232 animum
761 2171 844 2233 inter
857 2171 1037 2237 Fidenatem
1054 2173 1168 2238 Romo-

106 2279 238 2344 namque
246 2279 309 2322 rem
318 2256 484 2342 ancipitem
489 2255 621 2338 gesst'sti,
631 2254 748 2339 itajam
758 2261 985 2340 eapmpassim
994 2261 1170 2326 distrahen-

105 2347 179 2410 dum
192 2344 293 2410 dabir.
339 2340 478 2416 Exinde,
498 2341 524 2380 ¹²
534 2341 658 2405 duabus
672 2341 808 2405 admotis
821 2343 934 2428 quadri
959 2345 993 2422 is,
1009 2345 1043 2408 in
1058 2368 1170 2411 currus

104 2453 219 2497 earnm
243 2429 415 2504 distentum
431 2427 543 2514 inligat
567 2425 716 2492 Mettum.
739 2426 854 2491 deinde
875 2428 908 2492 in
930 2368 1087 2494 ‹iiversum
1111 2431 1171 2508 iter

104 2519 182 2606 equi
195 2517 357 2594 concitati,
373 2515 518 2592 lacerum
528 2515 559 2577 in
583 2527 717 2599 utroque
731 2534 826 2577 curru
842 2535 967 2600 corpus,
984 2538 1048 2602 quo
1070 2516 1171 2581 inhae-

103 2617 214 2670 seram
228 2603 364 2668 vinculis
380 2599 532 2677 membra,
548 2612 720 2685 portantes.
761 2601 910 2664 Avertere
924 2623 1033 2666 omnes
1048 2624 1067 2665 a
1083 2615 1172 2668 tanta

104 2690 252 2756 toediute
265 2687 437 2774 spectaculi
449 2686 568 2750 oculos.
592 2686 736 2751 Primum
748 2685 957 2775 ultimumque
966 2688 1045 2754 illud
1059 2687 1171 2777 18ευρ-

104 2777 240 2863 pliciam
255 2775 342 2863 apud
361 2777 524 2839 Romanos
538 2773 678 2858 exempli
691 2795 806 2860 purum
821 2775 966 2840 memoris
981 2775 1087 2865 legum
1109 2775 1171 2842 hu·

105 2885 278 2930 manarum
293 2861 362 2926 suit.
386 2861 421 2924 in
444 2859 513 2924 aliis
527 2858 656 2947 gloriari
677 2859 760 2937 licet,
777 2860 857 2926 nulli
870 2865 1013 2950 gentium
1029 2863 1172 2930 mitiores

202 2971 262 3014 isse
297 2971 397 3014 oenae

104 2951 295 3102 plappxlxp
319 3037 407 3100 inter
431 3031 502 3096 haec
525 3035 586 3096 'nm
602 3033 756 3118 praemissi
770 3031 901 3100 Albani'
924 3049 1016 3103 erunt
1080 3039 1303 3118 uites,u.c.s⁷.

107 3124 167 3208 qni
192 3120 434 3188 multitudinem
459 3055 661 3184 traducerent
685 3119 833 3186 Romam.
878 3123 1036 3212 Legiones
1079 3119 1318 3198 eadee-⁰4⁶&

107 3211 216 3275 damae
245 3207 288 3272 nd
312 3203 504 3272 diruendum
526 3205 648 3270 urbem.
692 3205 777 3282 Quae
795 3208 850 3272 ubi
868 3210 1026 3276 intravere
1052 3225 1171 3298 portas,
1180 3185 1244 3233 ὼ
1253 3186 1320 3232 ‘¹⁸²⁰‘

110 3315 179 3361 non
193 3295 324 3382 quidem
340 3292 401 3356 init
414 3289 569 3356 tumultus
583 3291 649 3370 iile,
672 3313 731 3356 nec
754 3315 860 3378 pavor,
884 3297 984 3382 qualis
1006 3311 1173 3384 capturum

111 3403 181 3448 erse
204 3381 334 3446 urbium
360 3378 451 3454 colet,
478 3400 586 3464 quum,
613 3377 747 3444 effractis
776 3383 886 3464 portis,
910 3384 1055 3450 stratisve
1076 3386 1174 3451 ariete

111 3469 222 3544 muris,
239 3481 295 3532 aut
308 3488 384 3530 nrce
397 3465 429 3528 vi
453 3479 556 3548 capta,
571 3462 692 3528 clamor
715 3463 836 3530 hostilis
850 3483 883 3532 et
904 3491 1013 3536 cursus
1036 3493 1095 3557 per
1121 3494 1174 3536 ur-

112 3553 186 3619 bem
201 3568 398 3618 armatorum
421 3550 531 3616 omnin
548 3550 633 3616 ferro
646 3551 836 3638 flammaque
848 3555 963 3634 miscet
972 3553 985 3620 ι’
1003 3559 1057 3623 sed
1080 3557 1174 3624 silen-

113 3641 192 3707 tium
208 3641 299 3706 triste
322 3661 361 3704 ac
386 3637 484 3706 tacita
507 3637 658 3702 moestitia
682 3638 853 3706 itndefixit
875 3644 1018 3708 omnium
1040 3645 1172 3723 animos,

114 3741 162 3808 nt,
175 3749 243 3814 pra
272 3737 360 3791 metu
374 3723 466 3788 obliti
484 3724 559 3809 quid
586 3723 809 3811 relinquerent,
825 3729 903 3816 quid
925 3730 1174 3806 serumserum,

249 3843 384 3894 nucitum
395 3843 443 3891 del.
455 3843 530 3890 Gran
725 3841 732 3880 ¹
743 3845 826 3895 Album
837 3849 854 3898 l.
865 3849 951 3898 Albani
962 3853 1037 3900 Gran.

148 3941 176 3990 11
195 3943 347 3990 emmona
357 3939 448 3988 amuli
458 3937 572 3986 Mettium
583 3941 631 3988 clr-
663 3941 787 3990 hincinde
798 3945 873 4006 equit.
908 3949 1176 4010 Hicequos,nonrur-
1290 3977 1296 3992 ·

116 4007 263 4072 mantnt]
281 4005 533 4053 Reduximuarocem
544 4003 630 4052 Mart·
663 4020 706 4052 nu
726 4009 829 4070 inaniat
849 4019 949 4072 apparet
966 4027 996 4060 ex
1012 4017 1123 4076 eoquod
1138 4030 1176 4064 re·

117 4073 263 4134 mancia
273 4071 374 4131 nuperis
382 4067 530 4114 editionibuu
539 4069 633 4116 incuria
663 4074 756 4131 quitur,
764 4075 789 4119 ln
801 4087 884 4122 currui
894 4090 981 4127 aarum.
1153 4084 1154 4092 ¹

116 4145 239 4194 apuam
258 4135 351 4182 onum
368 4139 439 4186 crntr
456 4131 631 4179 redeuntia
699 4137 729 4184 18
745 4137 1087 4208 Supplicium-...eranplil
1114 4145 1176 4206 Sup-

115 4196 372 4262 &mmmm
390 4196 629 4244 utaamtnntss.
663 4200 763 4260 pilelnm
789 4203 814 4247 in
838 4217 887 4264 quo
912 4207 1010 4255 daretur
1035 4211 1176 4270 exemplum

114 4265 222 4314 unffi„
236 4269 382 4326 oempuere
393 4265 498 4308 tentatur
507 4259 561 4310 lae.
571 4261 631 4309 Gro-
663 4265 800 4312 ueerbitntis
810 4269 841 4314 nb
857 4269 1015 4320 humanitatis
1030 4274 1122 4336 legibus
1134 4276 1176 4322 ab·

113 4325 598 4388 mammequinqncenostrit.
664 4329 772 4378 hortem.

144 4394 173 4446 lt
188 4397 305 4446 Μαι.
318 4423 327 4442 ·
338 4387 483 4454 quartam
503 4389 631 4444 Quacum·
