3008 4908
405 244 498 330 nin:
519 253 571 312 rv.
598 255 700 314 cst».
722 252 839 316 xxtx.
1098 263 1158 330 ese

86 413 275 504 cumegenti
291 437 326 481 se
340 417 381 482 sd
396 415 537 483 dbsonos
551 417 705 484 clamores
718 441 756 485 ec
770 419 895 486 subitos
904 420 1057 487 tumultus
1071 419 1155 487 hosti
1167 433 1196 506 σῇ.
1210 449 1237 498 n
1250 449 1306 498 324

86 501 231 590 undique
252 503 414 588 objecerat
428 505 576 570 rictorem
598 506 736 592 peditem
757 507 967 594 equitemque.
1012 507 1197 573 Circum-A·
1211 515 1239 562 0·
1252 514 1308 564 ⁴²8·

87 591 174 654 venti
186 591 290 679 igitur
301 591 369 675 jem
384 591 416 654 in
433 592 538 656 medio
553 592 593 656 od
606 613 707 658 unum
722 615 831 658 omnes
846 616 960 680 poenus
977 593 1159 661 rebellionis

87 673 263 756 dedissent,
279 680 314 740 ni
330 677 457 742 Ventius
474 677 609 742 Messius
628 701 667 744 ex
683 677 815 756 Volscis,
830 680 967 746 nobilior
989 681 1037 746 vir
1057 679 1159 762 fectis,

89 783 186 848 qoem
198 785 340 914 honere,
355 763 425 913 gem
448 764 590 832 ”orbem
611 764 771 830 volventes
792 789 865 830 suos
885 767 1053 852 increpans
1075 768 1184 834 ciere⁴

91 871 180 926 voce,
238 853 267 914 ic
283 871 355 934 prce
374 853 460 930 ituri,
474 851 587 938 inquit,
603 873 654 916 vos
668 853 881 918 telisleostium
904 856 1160 940 estisindefensi,

93 937 216 1001 inulti?
252 939 340 1014 Quid
353 938 452 1022 igitur
465 959 552 1002 ormo
566 937 711 1004 habetis?
734 949 790 1004 out
804 941 881 1024 quid
892 941 975 1004 rdtro
988 941 1096 1005 bellum
1112 943 1161 1006 in·

92 1025 227 1096 tulistis‚·
252 1024 287 1087 in
301 1025 366 1088 otio
379 1025 562 1102 tumultuosi,
580 1027 612 1089 in
627 1025 704 1090 bello
718 1029 849 1110 segnes?
885 1023 972 1102 Quid
984 1027 1035 1092 bie
1048 1029 1161 1092 nonti-

92 1109 145 1174 bn
157 1112 228 1195 spei
241 1115 313 1174 est?
336 1133 378 1174 on
389 1111 490 1176 Deum
504 1113 637 1198 aliquem
647 1121 852 1196 protectoriam
867 1133 927 1190 uos,
943 1123 1162 1200 neptunumque

92 1197 164 1260 bne
173 1199 323 1280 pretatis?
345 1199 444 1262 Ferro
454 1197 664 1282 oiosoeiendo
679 1208 732 1262 est.
778 1197 860 1275 Hac,
877 1218 938 1284 que
953 1222 999 1264 me
1006 1221 1162 1284 progres-

93 1303 155 1347 surn
165 1285 321 1360 videritis,
337 1285 434 1368 agite,
449 1286 504 1370 qui
516 1286 617 1350 vissei
629 1285 739 1361 demon
749 1295 905 1367 parentes,
921 1284 1070 1372 conpages,
1085 1285 1160 1350 libe·

93 1389 142 1434 ros
162 1371 248 1450 estis,
272 1372 315 1434 ite
336 1389 456 1435 nemen.
501 1371 573 1436 Non
600 1391 710 1448 murus,
737 1391 791 1434 nec
813 1373 944 1446 uallum·
968 1375 1022 1436 sed
1045 1375 1162 1438 emoti

93 1459 227 1521 motis
250 1457 382 1522 obstant.
405 1460 517 1522 intime
534 1477 639 1540 poree,
663 1458 850 1536 necessitate,
873 1479 942 1543 que
962 1459 1098 1523 initimum
1124 1479 1162 1522 oe

94 1545 258 1608 meimrnn
282 1545 374 1608 telum
397 1555 450 1620 est,
470 1545 640 1626 superiores
665 1545 747 1608 estis.
795 1542 878 1608 Heec
903 1543 1044 1610 locutum
1072 1565 1161 1610 exse-

94 1641 311 1728 quentemque
324 1629 410 1695 dicte
424 1629 546 1694 redinte
569 1642 639 1694 reto
660 1628 798 1693 clamore
813 1629 923 1710 secuti,
938 1629 1017 1696 dent
1038 1633 1161 1716 inpres-

95 1735 228 1792 sionem,
245 1735 310 1804 qna
325 1713 506 1780 Postumius
520 1651 621 1780 Aibus
643 1713 788 1782 cohortes
809 1716 984 1802 objecerat:
1007 1728 1038 1783 et
1053 1739 1162 1784 move·
1180 1767 1182 1776 ,

95 1813 170 1868 runt
183 1805 350 1881 victorem,
367 1804 468 1867 donec
482 1801 627 1877 dictator,
643 1801 756 1886 pedem
776 1803 843 1890 jem
864 1801 1071 1869 referentibus
1087 1805 1159 1883 suis,

95 1887 241 1956 sdvenits
264 1911 365 1978 eoque
382 1909 478 1953 omne
498 1889 647 1973 proelium
663 1907 785 1953 versum
801 1901 857 1954 est.
904 1889 971 1957 Uni
989 1891 1058 1955 viro
1074 1891 1163 1956 M'es-

96 1979 142 2038 sio
155 1973 436 2042 fortunehostinm
449 1977 604 2040 innititur.
627 1973 725 2043 muita
737 1975 832 2040 utrim
858 1976 1049 2055 neminem,
1063 1977 1164 2043 mults
1264 2049 1268 2066 ἱ

96 2064 208 2146 possim
226 2065 330 2128 coedes
344 2075 401 2126 est.
444 2061 513 2126 Jsm
530 2083 570 2126 ne
584 2061 680 2126 duces
702 2062 829 2148 quidem
879 2065 986 2128 omani
1006 2064 1164 2129 incruenti

96 2165 253 2251 pugnent.
310 2148 405 2214 Unus
428 2147 619 2226 Postumius,
647 2149 727 2212 ictus
752 2169 840 2225 sexo,
863 2149 1021 2234 perfracto
1047 2150 1162 2236 cupite,

97 2257 161 2300 ecte
175 2237 322 2302 excessit.
344 2257 410 2299 non
432 2234 618 2300 dictatorem
640 2232 791 2299 humerus
811 2234 1003 2314 vulneratus,
1020 2255 1084 2299 non
1101 2235 1163 2300 Fe-

98 2321 184 2386 biusn
206 2343 310 2408 prope
331 2320 471 2387 adfixum
490 2343 572 2408 equo
594 2319 705 2397 femur,
722 2339 787 2384 non
802 2319 968 2386 brachium
984 2321 1164 2386 abscisumt

98 2409 260 2474 consulem
273 2431 311 2474 ex
327 2421 391 2472 tom
408 2407 537 2492 ancipiti
553 2407 668 2491 proelio
680 2407 849 2471 submovit.

139 2495 275 2560 XXIX.
299 2493 452 2560 Messium
475 2495 679 2579 inpetusper
700 2505 814 2557 stratos
835 2491 923 2556 cede
943 2491 1064 2558 hostem
1087 2513 1162 2558 cum

97 2581 193 2669 globo
208 2581 452 2647 fortissimorum
474 2581 626 2668 juvenum
649 2578 764 2644 extulit
784 2581 822 2644 ad
845 2590 948 2644 cestre
962 2580 1163 2661 Volscorum,

6 2722 7 2741 ,
139 2689 169 2734 se
194 2670 342 2733 nondum
366 2678 460 2755 cepte
480 2679 582 2733 erent.
611 2667 722 2731 eodem
748 2665 852 2730 omnis
874 2667 956 2730 scies
980 2667 1161 2731 inclinetur.

5 2789 6 2796 κ
99 2687 231 2836 ansul,
257 2754 371 2820 effusos
396 2775 496 2842 usque
523 2753 564 2818 ud
593 2752 710 2818 vellum
738 2766 932 2839 persecutus,
963 2753 1030 2838 ipss
1057 2765 1255 2824 cestrucuns

6 2577 8 2611 i

98 2841 281 2994 veliunfflple
308 2839 510 2928 adgreditur:
544 2839 655 2905 eodem
685 2853 716 2904 et
741 2839 879 2904 dictator
907 2839 968 2904 slis
994 2853 1084 2928 purte
1108 2862 1162 2905 co-
1171 2840 1317 2888 Volscorum

100 2929 166 3012 pies
273 2937 354 2994 ovet.
382 2949 447 2994 non
473 2927 601 3014 segnior
625 2927 824 3012 obpugnatio
852 2939 908 3003 est,
933 2948 1028 3013 quem
1053 2911 1248 3028 pugnem

100 3013 210 3082 iuuet.
257 3011 429 3080 Consulem
458 3013 583 3100 signum
612 3035 739 3100 quoqne
766 3014 852 3077 intre
876 3011 993 3078 veliunt
1022 3013 1165 3100 injecisse

99 3100 213 3180 ierunt,
229 3125 295 3190 quo
309 3099 424 3168 milites
440 3101 542 3166 scrius
563 3099 722 3174 subirent;
745 3098 979 3187 repetendoque
993 3100 1017 3164 si
1064 3122 1085 3165 o
1098 3100 1165 3186 pri-

100 3209 182 3254 mam
203 3188 432 3274 inpressionem
448 3185 573 3252 iactent.
618 3183 663 3252 Et
675 3183 821 3262 dictetur,
836 3199 971 3272 proruto
984 3209 1022 3254 vs
1047 3211 1077 3264 o,
1095 3187 1164 3273 jum

100 3275 131 3340 in
144 3287 251 3342 cestre
271 3273 418 3361 proelinm
441 3273 601 3339 intulerat.
645 3270 730 3336 Tum
746 3272 839 3358 abjici
858 3272 975 3357 possim
992 3287 1110 3350 armet,
1128 3291 1166 3348 sc

99 3361 170 3429 dedi
196 3361 305 3428 hostes
330 3361 442 3446 coepti.
470 3359 643 3446 castrisque
664 3369 697 3423 ct
717 3358 769 3423 bis
787 3379 822 3422 ce
847 3359 896 3437 tis,
917 3358 1033 3437 hostes,
1048 3369 1167 3445 prester

13 3527 15 3540 ⁴
99 3461 274 3529 senatores,
288 3443 591 3528 omnesvenutnduti
605 3457 690 3510 eunt.
734 3379 859 3512 Prode
873 3466 948 3530 pets
961 3468 1019 3512 sue
1116 3467 1166 3510 os·

100 3537 244 3602 centibus
260 3535 386 3600 latinis
404 3546 500 3620 utque
517 3529 668 3597 Hernicis
688 3530 829 3609 reddite;
852 3545 974 3617 purtem
995 3531 1054 3596 sub
1100 3540 1167 3596 estu

100 3623 235 3689 dictator
247 3618 409 3687 vendidit:
427 3619 667 3707 propositoque
681 3615 811 3682 oonsule
825 3619 944 3694 cestris.
961 3618 1039 3703 ipse,
1055 3616 1167 3682 trium·

99 3709 199 3794 pbens
211 3711 354 3776 invectim
366 3705 486 3784 urbem,
498 3705 656 3772 dictatura
669 3703 883 3773 senbdicevit.
1016 3703 1314 3772 indicte-emuntur

101 3809 179 3863 turre
193 3797 318 3863 mtem
338 3794 521 3860 memorium
543 3791 674 3872 fecium,
690 3791 744 3878 qui
759 3789 860 3855 filium
877 3790 918 3855 eb
963 3835 971 3854 .
989 3789 1164 3870 Postumio,
1172 3802 1204 3836 ⁸¹¹
1217 3789 1295 3836 strum

103 3883 196 3972 quod,
212 3883 383 3950 mione
402 3880 484 3946 bene
505 3877 669 3970 pugnandi
692 3889 812 3964 captus,
827 3877 947 3964 injussu
962 3853 1314 3966 udeoesoeffimpa.

230 4035 463 4090 emersuros.
474 4033 544 4084 cres.
771 4033 958 4094 tormopoeeim
968 4031 1036 4079 End.

133 4171 280 4226 42¹0ar
295 4167 423 4232 noim]
441 4167 470 4216 in
490 4169 573 4216 orbem
593 4178 620 4212 se
651 4163 716 4209 ecrit.
749 4161 866 4234 mponun
884 4163 1010 4223 proprium
1031 4161 1078 4208 hnc
1096 4160 1122 4206 in
1142 4173 1168 4206 re

107 4243 285 4304 mulehusen,
294 4239 331 4286 its
351 4240 379 4282 ut
394 4234 530 4298 perieulum
548 4231 620 4288 toret,
653 4228 755 4304 rubum
766 4241 796 4274 ex
807 4233 947 4302 copJecturs
964 4225 1097 4274 &modum
1113 4236 1170 4300 pro:

108 4317 135 4352 ne
152 4293 312 4356 &meruti
330 4301 363 4349 sb
379 4299 491 4346 hostibus
504 4297 529 4344 in
540 4295 621 4346 medio
653 4292 727 4338 benur
738 4291 887 4338 Gronovius:
911 4297 936 4338 et
951 4292 1049 4338 firment
1068 4289 1169 4336 Henmir

109 4369 218 4419 sisinnus
226 4379 315 4417 omncs
324 4366 483 4426 wimbis
654 4357 725 4404 codd.

137 4435 168 4483 48
182 4435 310 4484 mess
324 4427 448 4494 presidio]
465 4427 530 4477 Olim
541 4423 623 4472 disses·
692 4503 709 4549 Β
724 4495 745 4551 2
