3008 4908
355 225 413 294 294
748 217 858 281 TITI
888 219 1024 281 LIVII

195 395 226 508 q:
237 395 264 508 g:
275 395 331 445 uot-
357 383 497 450 dubitari
509 395 620 448 certum
631 385 735 449 babeo.
751 397 781 450 et
794 371 883 470 quum
897 390 995 464 lator,
1010 387 1131 453 tandem
1142 371 1342 469 longierroris
1352 407 1397 448 oo*

276 461 332 511 ⁴⁰⁰·
349 469 633 556 'bisfimemfactum
643 493 713 547 esse,
729 482 803 552 tum,
814 475 895 557 quod
901 474 1038 538 secundis
1046 473 1233 555 potissimum
1244 474 1345 534 uestris
1354 493 1398 534 re·

238 575 244 583 ·
277 609 278 614 ,
357 560 410 622 bus
424 559 475 622 bic
494 579 582 622 error
595 567 639 622 est
660 557 802 636 ablata,
820 569 849 622 et
867 559 963 636 vobis,
985 569 1014 622 et
1030 568 1161 642 propter
1175 557 1399 638 oosreipubiicee

353 645 507 730 grotzdor.
551 644 603 706 Au
614 653 658 707 est
668 647 905 728 quisquam,'qui
915 645 1040 720 dubitet,
1057 645 1149 708 nullis
1159 642 1281 728 injuriis
1291 645 1397 712 vestris,

356 731 386 795 si
399 751 466 814 quea
475 729 568 815 form
581 732 750 814 aliquando
758 732 903 813 fuerunt,
920 753 1058 814 umquam
1073 751 1166 814 aque,
1182 751 1270 812 quam
1290 749 1401 792 munere

357 818 489 880 Patron
504 817 537 880 in
547 816 673 898 plebem,
690 828 777 900 quum
793 837 857 880 aera
870 817 1074 880 militantibus
1084 819 1247 880 constituta
1260 824 1335 890 sum,
1347 816 1400 875 tri·
1431 825 1434 832 ’

357 903 450 966 bunos
468 901 566 984 plebis
587 901 722 987 obsensas
743 925 780 964 ac
796 905 962 967 concitatos
975 908 1062 967 esse?
1085 905 1161 986 quid
1174 903 1243 965 illos
1257 901 1341 962 aliud
1353 909 1402 961 out

357 999 419 1052 tecm
433 989 567 1052 timuiise
580 989 716 1063 creditis,
732 999 787 1051 out
806 990 896 1052 bodie
909 989 1033 1052 turbare
1047 991 1131 1064 uelle,
1147 990 1210 1051 nisi
1223 987 1400 1049 concordiam

357 1077 607 1157 ordinum,quom
616 1074 1405 1156 dissoluendamaeirnetribuniciaepotestatisrentur

357 1166 441 1225 esse?
453 1162 515 1237 Sic,
527 1161 655 1234 berarde,
665 1169 816 1244 tamquam
826 1161 959 1244 artqiees
968 1161 1099 1244 inprobi,
1109 1183 1183 1243 opus
1192 1166 1344 1243 quarunt.-
1356 1158 1404 1239 qui

357 1257 387 1311 et
400 1269 515 1330 semper
529 1249 608 1331 regri
621 1249 743 1330 aliquid
753 1268 813 1310 esse
825 1249 858 1310 in
868 1247 1023 1330 republica
1039 1249 1151 1323 uolunt,
1168 1256 1202 1309 ut
1212 1247 1263 1320 sit,
1280 1241 1404 1325 aiicujus

356 1337 542 1396 curationem
557 1356 577 1394 a
592 1331 674 1396 nobis
689 1333 902 1396 adhibeantur.
952 1333 1059 1397 Utrum
1077 1335 1156 1396 enim
1180 1332 1353 1415 defenditis,
1367 1349 1403 1389 on

357 1421 537 1504 inpugnatis
559 1419 703 1500 plebem?
726 1429 825 1481 utrum
851 1419 1049 1482 militantium
1072 1420 1249 1483 aduersarii
1272 1418 1349 1491 estis,
1369 1435 1406 1475 an

356 1527 490 1569 caussam
512 1503 633 1588 agitis?
656 1505 730 1567 Nisi
739 1505 830 1586 sorte
851 1506 905 1566 boc
919 1507 1032 1580 dicitis,
1052 1504 1216 1588 Quidquid
1233 1505 1343 1568 Patres
1350 1501 1403 1585 so·

355 1593 449 1666 citent,
460 1593 617 1673 displicet,-
630 1592 780 1653 siveiliud
788 1611 850 1672 pro
859 1589 956 1672 plebe,
966 1594 1029 1654 sive
1038 1601 1144 1654 contra
1153 1590 1274 1673 plebem
1283 1599 1335 1652 est.
1356 1589 1404 1660 Et,

355 1679 597 1760 quemadmodum
612 1680 705 1739 servis
716 1678 779 1739 suis
789 1687 892 1740 uetant
902 1678 1018 1739 domiui
1028 1679 1194 1760 quidquam
1205 1679 1255 1740 rei
1265 1697 1328 1738 ciem
1339 1675 1408 1736 alie·

356 1765 405 1826 nis
429 1761 599 1825 bominibus
620 1785 690 1840 esse,
709 1765 891 1845 pariterque
916 1764 948 1824 in
972 1765 1011 1825 iis
1039 1763 1182 1845 benqicio
1208 1785 1247 1826 oc
1271 1761 1407 1843 molqicio

355 1847 505 1912 abstineri
518 1867 633 1931 ecquam
648 1858 783 1911 censent.-
798 1851 842 1911 sic
853 1869 903 1912 uos
914 1849 1098 1912 interdicitis
1113 1849 1264 1912 Patribus
1278 1867 1408 1910 commer-

355 1935 403 1997 cio
415 1933 516 2016 plebis
522 1967 532 2006 ,·
558 1955 595 1996 ne
609 1955 663 1997 nos
676 1935 817 1997 comitate
831 1955 867 1996 ac
882 1936 1086 2015 munuficentia
1103 1945 1211 1998 nostra
1223 1951 1409 2017 prouocemus

351 2020 477 2102 plebem,
505 2041 559 2082 nec
583 2020 669 2101 plebs
697 2020 782 2094 nobis
811 2022 893 2083 dicto
917 2022 1046 2084 audiens
1070 2030 1163 2104 atque
1193 2021 1336 2084 obediens
1362 2019 1407 2081 sit.

359 2105 484 2174 Quanto
496 2108 627 2180 tandem,
643 2109 672 2169 si
682 2107 844 2189 quidquam
857 2107 890 2168 in
902 2107 994 2181 vobis,
1011 2129 1070 2168 non
1086 2109 1153 2170 dico
1169 2109 1284 2182 ciuilis,
1300 2107 1352 2170 sed
1360 2105 1409 2165 bu-

354 2195 440 2256 moni
454 2193 656 2275 esset,faoere
667 2213 717 2255 uos
731 2193 836 2276 magis,
852 2201 891 2267 et,
908 2203 1051 2276 quaestum
1067 2196 1100 2255 in
1112 2194 1197 2257 oobis
1212 2203 1300 2268 esset,
1316 2190 1410 2254 indul-

350 2299 426 2364 gere
443 2281 548 2361 potius
569 2280 707 2341 comitati
722 2279 851 2340 Patruus
867 2287 958 2361 atque
972 2279 1111 2362 obsequio
1125 2281 1233 2362 plebis
1254 2279 1409 2362 oportuit?

355 2385 424 2454 quae
454 2367 482 2430 si
509 2375 660 2447 perpetua
692 2365 854 2426 concordio
890 2367 943 2439 sit,
973 2367 1040 2447 quis
1076 2386 1135 2427 uon
1172 2368 1327 2448 spondere
1359 2381 1409 2424 au·

354 2455 405 2528 sit,
431 2455 590 2515 marimum
619 2453 674 2513 boc
703 2451 860 2533 imperium
889 2452 970 2514 inter
985 2453 1140 2534 finitimos
1165 2453 1256 2515 breui
1270 2452 1410 2536 ficturum

356 2545 444 2603 esse?

398 2625 457 2688 IV.
475 2627 575 2710 Atque
589 2648 652 2710 ego,
670 2647 757 2708 quam
772 2627 827 2688 boc
841 2627 997 2688 consilium
1007 2627 1191 2708 colleganum
1205 2647 1348 2700 meorum,
1360 2641 1413 2706 quo

353 2711 501 2774 obducere
516 2713 629 2794 effecto
652 2734 685 2774 re
700 2734 719 2773 a
742 2711 822 2774 Veiis
836 2714 998 2774 exercitum
1012 2714 1181 2784 noluemcut,
1200 2733 1265 2774 uon
1280 2713 1356 2776 utile
1368 2729 1411 2772 so·

353 2799 424 2874 mm,
440 2799 598 2861 sedetiam
614 2799 811 2860 necessarium
823 2799 941 2878 fuerit,
952 2807 1061 2879 postea
1076 2799 1263 2861 disseram:
1289 2817 1368 2860 nunc
1381 2795 1414 2856 ele

353 2883 423 2964 ipsa
444 2886 618 2945 conditione
639 2884 739 2944 elicere
761 2884 958 2946 militantium
978 2883 1062 2946 libet.
1109 2883 1214 2958 Quam
1235 2885 1412 2956 orationem,

353 2989 414 3030 non
437 2971 523 3050 opud
545 2989 595 3042 uos
619 2969 721 3042 solum,
738 2971 791 3032 sed
810 2971 901 3030 etiam
927 2971 960 3031 in
983 2971 1101 3044 castris,
1120 2973 1148 3032 si
1168 2971 1337 3045 habeatur,
1353 2971 1413 3051 ipso

352 3057 486 3117 exercitu
500 3056 696 3134 disceptante,
714 3075 830 3138 ecquam
852 3055 990 3118 arbitror
1003 3057 1103 3118 uideri
1123 3077 1225 3138 posse.
1249 3061 1284 3120 in
1309 3077 1369 3138 qua
1388 3053 1415 3115 si

352 3141 429 3202 mibi
441 3142 504 3222 ipsi
516 3141 606 3215 nibil,
623 3143 703 3222 quod
716 3143 854 3217 dicerem,
871 3142 904 3203 in
919 3150 1044 3204 mentem
1058 3145 1163 3205 uenire
1171 3154 1294 3224 posset,
1310 3144 1414 3204 adoer-

350 3225 500 3290 sariorum
512 3237 592 3289 certe
605 3227 796 3290 orationibus
808 3237 963 3290 contemtus
976 3249 1075 3290 essem.
1120 3228 1298 3312 Negabant
1312 3247 1413 3310 nuper,

351 3313 456 3374 dando
471 3335 532 3376 esse
542 3333 606 3376 cero
622 3313 777 3390 militibus,
794 3316 867 3397 quia
878 3333 1037 3396 numquam
1049 3315 1124 3376 data
1136 3313 1248 3378 esseni.
1266 3315 1413 3399 ⁸quouam

350 3399 437 3461 modo
452 3401 548 3482 igitur
562 3419 641 3461 necne
652 3401 815 3481 indignari
823 3409 961 3481 possunt,
973 3399 1079 3482 quibus
1089 3401 1217 3482 aliquid
1228 3405 1305 3466 noui
1319 3399 1416 3482 adjec-

349 3494 410 3548 tum
426 3487 571 3548 commodi
583 3487 634 3560 sit,
650 3487 694 3548 eis
707 3485 838 3548 laborem
853 3486 944 3549 etiam
959 3505 1065 3548 uomitu
1073 3507 1136 3568 pro
1144 3489 1303 3568 portione
1317 3485 1415 3570 injun-

345 3573 410 3654 gi?
435 3571 591 3655 Nusquam
613 3593 666 3633 nec
687 3593 781 3652 opero
803 3573 869 3636 siue
891 3573 1093 3647 emolumento,
1110 3593 1163 3634 nec
1183 3575 1415 3638 emolumentum

336 3657 444 3740 ferme
461 3661 525 3721 sine
545 3662 672 3739 inpenso
694 3668 856 3738 operaest.
879 3657 967 3720 labor
980 3659 1186 3740 voluptasque,
1205 3661 1417 3724 dissimillima

349 3755 473 3821 natura,
489 3746 631 3808 societate
645 3745 776 3826 quadam
789 3745 870 3807 inter
881 3765 912 3808 se
921 3745 1062 3806 naturali
1070 3743 1277 3826 scentjuncta.
1304 3745 1416 3809 Moles·

724 3884 866 3934 ‘edisseram
878 3886 952 3935 Gron.
964 3885 1031 3932 Creu.

379 4001 518 4058 BQuouam
538 4002 601 4048 modo
618 4001 704 4064 igitur]
729 4002 859 4048 Contendit
891 4004 1001 4062 gitubunt
1010 4003 1035 4048 in
1047 4001 1197 4048 emtionibus
1214 4005 1280 4050 auis.
1315 4004 1351 4049 At
1367 4003 1418 4048 huc

346 4069 440 4128 Appius
459 4081 489 4114 ex
508 4067 567 4127 ipsis
584 4069 735 4114 tribunorum
746 4068 859 4113 orationi·
892 4069 944 4128 ipsa
957 4068 992 4114 rei
1010 4065 1107 4112 novitas*
1114 4066 1175 4112 mihi
1192 4065 1276 4120 iuvet,
1285 4073 1312 4113 et
1321 4067 1379 4126 ipsis
1392 4067 1417 4109 in

346 4135 392 4184 bus
407 4131 432 4176 id
449 4133 493 4176 sibi
511 4133 616 4192 suggeri,
630 4132 694 4192 quod
711 4131 742 4176 sit
757 4127 859 4193 alicujus
892 4131 1006 4190 proesenti
1024 4143 1097 4178 causa
1115 4133 1273 4178 adversatur.
1308 4131 1335 4180 Si
1354 4129 1418 4176 enirn

346 4197 509 4242 adtuendam
530 4209 627 4242 causam
645 4207 714 4240 suum
735 4195 859 4240 momenti.
893 4196 948 4242 novi
965 4195 1056 4256 aliquid
1073 4191 1197 4256 adjectum
1215 4197 1349 4242 commodi
1358 4195 1421 4240 miii·

347 4261 414 4314 ideo,
433 4261 522 4319 inquit,
543 4261 662 4319 negabunt
673 4260 763 4305 tribuni
780 4261 860 4305 danda
892 4261 956 4305 tibus
971 4266 1018 4316 est,
1029 4262 1150 4320 quomodo
1166 4258 1300 4318 indignari
1318 4265 1419 4319 possunt

345 4337 397 4370 esse
422 4337 471 4370 ura
495 4325 623 4382 militibus,
650 4325 707 4384 quia
734 4336 859 4382 nunquam
892 4325 982 4370 tribuni
1000 4325 1091 4385 aliquid
1111 4323 1184 4371 etium
1204 4323 1238 4369 iis
1258 4326 1319 4372 novi
1332 4321 1419 4371 hbons

345 4389 401 4436 datu
413 4397 499 4435 essent.
532 4388 671 4436 Novitatem
683 4389 717 4434 rei
734 4395 787 4434 tum
804 4399 861 4434 err«
891 4391 1023 4436 accedere?
