2986 4930
326 150 364 207 ss
700 115 822 198 rim
850 137 985 197 u1v11

165 320 195 368 u.
207 320 236 368 o.
246 318 301 370 sto
324 305 466 390 Direptis
479 304 571 368 bonis
585 325 707 404 regum,
723 302 863 368 dnmuoti
877 301 1066 387 proditores,
1081 312 1282 386 summusque
1296 315 1377 378 sup-

164 387 196 437 A.
207 385 298 434 0⁵⁰⁷·
323 391 464 480 plicium‚
480 403 676 474 conspectius
690 411 739 464 eo,
755 388 840 472 quod
856 409 958 472 poenoe
983 387 1144 469 capiendis
1164 382 1377 450 ministerium

324 479 405 563 petri
430 475 471 540 de
494 475 600 539 liberis
622 474 803 538 consulatus
829 475 978 556 inposuit,
999 488 1041 552 et,
1057 474 1111 560 qui
1134 485 1291 556 spectator
1305 479 1379 532 erut

321 561 526 636 emovendos,
548 583 620 625 eum
647 563 749 645 ipsum
775 559 901 624 fortuna
916 573 1092 624 exactorem
1113 557 1259 642 supplicii
1273 553 1374 620 dedit.

327 648 460 716 Stabunt
474 647 602 734 deligsti
617 647 657 711 od
673 645 777 730 palum
794 644 980 710 nobilissimi
990 647 1131 730 juvenes.
1147 644 1235 720 seda
1249 641 1378 718 ceteris,

323 734 409 801 velut
431 735 471 798 ab
496 732 613 820 ignotis
637 733 802 814 capitibus,
829 730 966 796 consulis
995 733 1084 796 liberi
1113 731 1254 794 omnium
1283 728 1316 790 in
1341 747 1379 790 se

324 835 503 886 everterant
516 818 634 896 oculos,
657 819 921 902 ”miserebatque
945 840 1009 881 non
1030 839 1135 903 poenae
1156 817 1256 903 magis
1272 813 1377 878 bomi-

324 930 391 986 nes,
413 929 509 993 quom
523 905 656 984 sceleris,
673 927 737 990 quo
751 925 881 988 poensm
898 904 999 967 mcriti
1022 919 1143 980 esseut;
1167 902 1247 980 illos,
1263 921 1302 964 eo
1315 921 1377 986 po·

323 994 480 1059 tissimum
495 1014 579 1055 unno
595 991 727 1075 petriam
743 989 919 1068 liberatam,
938 1004 1054 1070 {ionem
1072 989 1281 1064 liberatorem,
1298 1005 1375 1050 oon·

324 1079 461 1146 soletum
484 1093 588 1143 ortum
614 1099 654 1141 ex
677 1076 773 1142 domo
798 1075 903 1152 Juniu,
929 1075 1048 1150 Patres,
1071 1074 1204 1158 plebem,
1221 1071 1379 1159 quidquid

325 1167 470 1237 Deorum
486 1163 712 1249 hominumque
729 1163 947 1226 Romanorum
962 1179 1053 1242 esset,
1068 1161 1230 1226 induxisse
1250 1160 1282 1222 in
1304 1157 1379 1222 sni·

324 1273 422 1330 mum,
442 1266 475 1315 ot
490 1249 627 1335 superbo
641 1249 802 1334 quondum
818 1249 895 1331 regi,
912 1259 979 1310 tum
1002 1247 1113 1311 infesto
1128 1246 1243 1321 exsuli,
1259 1244 1381 1326 prode-

163 1351 296 1399 nouem
324 1354 406 1404 rent.
450 1335 604 1401 Consules
618 1335 651 1398 in
667 1333 770 1398 sedem
787 1355 967 1419 processere
979 1355 1076 1408 suem,
1092 1334 1239 1421 missique
1248 1332 1382 1396 lictores

162 1417 362 1489 pu'¹¹¹⁸‘¹²¹²⁸·sd
388 1422 575 1488 sumendum
590 1419 778 1506 supplicium
802 1419 937 1484 nudatos
953 1420 1046 1505 virgis
1060 1421 1195 1497 caeduut,
1211 1417 1379 1504 securique

324 1511 459 1574 feriunt:
482 1529 581 1593 quum
603 1507 685 1570 inter
709 1527 805 1571 omne
828 1521 951 1588 tempus
976 1519 1073 1588 poter,
1097 1505 1271 1591 vultusque,
1286 1517 1319 1568 et
1341 1525 1385 1567 os

324 1597 390 1682 ejus
411 1592 592 1679 spectaculo
613 1607 703 1668 esset,
725 1591 915 1656 ²⁹eminente
934 1595 1043 1656 animo
1063 1593 1167 1676 patrio
1188 1593 1270 1655 iuter
1292 1589 1381 1674 pub·-

322 1682 394 1746 licoe
415 1701 520 1764 poeooe
547 1677 766 1742 ministerium.
821 1677 1001 1742 Secundum
1031 1698 1157 1761 poeuum
1179 1675 1380 1752 nocentium,

325 1781 359 1832 ut
374 1767 406 1830 in
422 1777 722 1848 utramquepartem
738 1763 881 1828 arcendis
894 1762 1064 1828 sceleribus
1077 1766 1255 1850 exemplum
1270 1761 1387 1828 nobile

323 1865 412 1929 esset,
429 1851 596 1935 proemium
620 1849 727 1929 indici,
741 1848 875 1936 pecunie
896 1873 934 1916 ex
956 1850 1079 1926 serario,
1097 1850 1224 1914 libertos
1246 1861 1278 1914 et
1299 1847 1385 1912 civi—

323 1953 379 2014 tos,
395 1937 480 2004 dota.
526 1935 586 2000 Ille
599 1936 737 2021 primum
752 1936 871 2000 dicitur
883 1935 910 1975 ³⁰
920 1935 1060 2000 vindicte
1074 1935 1230 2000 liberatus.
1246 1933 1381 2036 quidem

322 2025 347 2064 ³¹
359 2023 508 2088 vindictae
522 2044 649 2110 quoque
664 2043 778 2086 nomen
794 2038 929 2088 tractum
945 2020 986 2086 sb
1001 2021 1056 2086 illo
1075 2035 1205 2105 putent3
1229 2020 1385 2086 Vindicio

323 2113 382 2196 ipsi
408 2131 524 2174 nomen
547 2107 650 2173 fuisse.
701 2107 816 2172 ”Post
839 2109 926 2172 illum
951 2108 1163 2186 observatum,
1186 2122 1232 2184 ut,
1254 2107 1308 2194 qui
1332 2107 1381 2172 itu
1461 2132 1467 2142 ·

322 2197 447 2262 liberati
461 2209 574 2272 essent,
589 2195 623 2258 in
638 2195 798 2260 civitatem
811 2195 931 2278 accepti
946 2195 1138 2260 viderentur.

160 2288 316 2400 b‘l'eulffinsssp
370 2281 426 2348 Vl.
444 2280 519 2364 His,
538 2281 619 2346 sicut
632 2294 702 2346 soto
722 2292 821 2358 erent,
838 2280 1004 2359 nunciatis,
1019 2283 1163 2346 incensus
1182 2279 1386 2368 Torquinius

122 2491 125 2510 Ι
159 2417 259 2466 liuntur.

353 2552 541 2602 2⁸·me
558 2587 566 2601 .
581 2585 588 2600 .
606 2587 614 2600 .
630 2553 731 2616 resumi]
769 2555 833 2610 Quis
863 2569 960 2604 mum
981 2563 1039 2603 ente
1065 2563 1193 2616 praetorem
1220 2553 1331 2612 u'stebet,
1353 2559 1383 2600 et

320 2632 407 2678 nempe
426 2625 495 2666 tonte
524 2627 576 2664 erat
602 2620 668 2666 iliius
694 2620 789 2666 caestu
807 2627 833 2665 et
863 2621 932 2682 cispa
942 2633 1082 2680 percussum
1101 2619 1288 2678 circumagebat.
1303 2627 1381 2679 etque

319 2682 484 2739 ementis,ut‚
502 2683 708 2741 quemsdmodum
728 2683 833 2742 loquitur
864 2685 897 2730 ito
918 2685 1045 2730 emittebat
1075 2699 1156 2730 monn.
1195 2681 1260 2729 'l'um
1288 2690 1382 2742 praetor

318 2747 371 2806 ipse
392 2744 486 2802 Livius,
508 2746 571 2792 inire
594 2745 667 2792 Vlll.
697 2745 733 2792 ts.
761 2747 833 2806 raptis
865 2749 1061 2805 vindictsm‚i.e.
1074 2749 1166 2809 virgum
1177 2747 1250 2806 copiti
1267 2742 1381 2810 duodeni

319 2809 395 2869 nugis
423 2809 543 2861 mentibu.
572 2823 640 2869 onom
667 2810 831 2866 cmuceierotis,
865 2813 927 2858 cerri
947 2813 1093 2873 imponebot.
1126 2812 1180 2866 Qus
1199 2812 1287 2858 ddnde
1309 2812 1388 2858 lictor·

318 2872 402 2918 similis
413 2885 448 2917 res
457 2873 584 2918 videretur.
647 2917 656 2936 ‚
865 2883 991 2938 spretore
1007 2884 1104 2936 eccepto
1119 2881 1192 2937 caput
1210 2875 1274 2922 servi
1293 2889 1382 2937 ρει-ου-

351 2935 383 2982 29
399 2935 534 2998 Eminentc]
564 2935 753 2996 Erumpentibos
791 2952 833 2998 ps-
865 2941 949 2998 tiebat,
967 2941 1052 2988 faciem
1071 2942 1152 3002 polrus
1170 2947 1314 3000 tergumque
1327 2953 1385 2986 ver·

319 2999 382 3044 terni
397 2999 526 3046 ln-llberos
545 3001 646 3047 effecttrs
665 3002 760 3048 indiciis
770 3003 833 3049 inter
865 3006 969 3052 bembu-
1010 3005 1103 3060 Quibus
1120 3005 1190 3062 sctis,
1211 3011 1265 3049 torn
1288 3017 1383 3052 nornen

320 3064 388 3110 triste
410 3064 470 3110 iilud
493 3065 605 3124 supplicii
621 3067 652 3112 de
670 3065 705 3110 eis
722 3067 834 3126 eximudi
865 3071 927 3115 nervi
953 3070 978 3115 in
1006 3077 1060 3116 ecte
1080 3084 1095 3115 u
1122 3071 1200 3116 scribo
1222 3068 1385 3117 reserebetur.

320 3127 492 3186 ministerium,
521 3129 587 3188 quod
619 3129 666 3188 ipsi
696 3132 834 3178 consulatus
867 3133 929 3180 Huc
951 3135 999 3180 fere
1017 3135 1091 3181 hebet
1111 3133 1215 3180 iioslnus
1236 3132 1253 3180 i.
1275 3134 1297 3182 i.
1319 3133 1382 3180 Ant.

320 3192 466 3250 imponebat.
501 3191 548 3238 Hic
565 3195 685 3252 genuinus
704 3199 741 3240 est
760 3193 834 3256 hujus
866 3197 937 3244 Rom.
948 3211 970 3245 r.
987 3197 1025 3244 20.
1042 3211 1072 3245 ex
1088 3197 1172 3245 Boetio
1188 3197 1213 3242 in
1230 3196 1292 3257 'l'op
1312 3197 1386 3245 cice-

319 3255 365 3300 loci
377 3269 478 3312 sensus3
496 3257 538 3316 qui
549 3263 573 3302 et
584 3271 613 3303 ex
626 3265 712 3305 usturs
727 3260 834 3318 ducitur,
865 3263 940 3320 runis,
951 3263 1035 3310 isidor.
1046 3264 1063 3308 l.
1076 3263 1125 3330 Ιὶξ.
1138 3261 1238 3320 ollisque
1246 3263 1356 3308 collecto.

320 3325 345 3366 et
359 3322 473 3378 probatur
489 3321 637 3382 oppositione
649 3335 734 3370 vocum
745 3324 833 3383 patro,
897 3327 926 3374 31
950 3327 1061 3373 Vindicio
1076 3341 1157 3374 nomm
1174 3323 1383 3390 transmitto]

314 3383 419 3444 puutooe.
454 3385 479 3430 Si
494 3385 537 3444 qui
552 3387 658 3444 mertum
674 3387 779 3434 animum
795 3401 834 3434 ec·
855 3387 914 3436 'Vel
933 3392 1033 3438 fortusse
1054 3391 1199 3452 probabilius
1217 3403 1249 3438 ex
1266 3405 1296 3437 eo
1315 3393 1383 3451 quod

318 3448 413 3507 cipiunt
432 3462 476 3508 pro
491 3462 573 3496 smore
592 3451 616 3496 in
637 3451 748 3510 petrium.
769 3451 786 3496 ii
808 3461 833 3498 et
865 3455 907 3500 iliu
929 3456 995 3515 uirgo
1017 3456 1042 3501 in
1064 3455 1200 3504 uberunm
1222 3455 1383 3502 mmmmm

319 3511 463 3558 insolentem
489 3513 527 3558 bis
554 3515 652 3561 vocibus
679 3516 833 3575 significatio·
865 3533 955 3564 servus.
1253 3553 1258 3560 -

320 3589 377 3620 nem
395 3577 522 3646 obingunt.
540 3584 565 3624 et
583 3592 680 3626 omnem
701 3581 833 3639 pulcherri-
897 3582 929 3630 82
945 3583 1003 3630 Post
1020 3584 1086 3630 tuom
1102 3583 1255 3646 mmmmm}
1281 3583 1382 3631 &siue

320 3651 368 3685 mre
382 3640 454 3700 buJus
472 3642 659 3689 nnnnnaevim
676 3657 704 3690 sc
721 3651 833 3692 venusto·
865 3649 1080 3695 manumissionem
1108 3661 1150 3707 per
1177 3663 1277 3696 censum
1304 3649 1383 3694 iutro-

320 3709 370 3748 tem
400 3713 567 3765 corrumpunt.
618 3707 739 3761 Quorsum
767 3709 834 3758 enim
865 3713 973 3766 duxmot,
991 3727 1047 3773 quos
1066 3713 1143 3767 debet,
1162 3727 1239 3773 quum
1255 3713 1320 3759 servi
1336 3717 1384 3758 iro-

319 3767 432 3842 ettlneret
449 3771 583 3824 observare,
604 3771 629 3816 in
648 3785 677 3818 eo
698 3781 774 3833 petre,
790 3776 833 3834 qui
865 3789 921 3822 tuen
938 3777 1051 3823 dominus
1062 3777 1087 3821 ln
1104 3777 1198 3824 tubulos
1215 3790 1302 3824 cenem
1317 3777 1382 3824 reie-

318 3831 405 3878 irberos
427 3834 458 3878 ob
480 3833 607 3894 prodendos
629 3838 713 3896 petrice
734 3839 833 3886 consilis
864 3842 969 3887 rendsnu
980 3847 1088 3887 cumretr
1114 3855 1162 3900 quo
1180 3843 1244 3889 fecto
1260 3841 1334 3888 simun
1352 3843 1382 3888 ti·

319 3894 349 3940 ud
370 3897 516 3956 supplicium
539 3900 627 3958 trudet,
648 3914 756 3948 umorem
776 3915 833 3964 ergo
865 3904 982 3950 bemtem
1004 3911 1028 3950 et
1055 3904 1177 3952 civitatem
1204 3905 1386 3966 edipiscebotur

319 3959 559 4018 putrismeminese?
864 3967 939 4026 isqui
949 3969 1174 4018 manumittebstur.
1206 3968 1266 4017 Viri.
1277 3969 1381 4017 Dioni.

351 4021 384 4070 30
405 4023 509 4070 Vindicio
537 4025 656 4092 literato]
684 4029 732 4078 tite
755 4032 832 4078 moxi·
866 4031 914 4078 tv.
945 4033 1001 4078 Post
1013 4031 1154 4081 Vindicium
1171 4035 1326 4082 obserentem
1343 4042 1382 4081 eet

319 4101 360 4133 me
378 4086 484 4133 solennis
505 4102 558 4136 mos
579 4092 627 4136 suit
648 4105 729 4139 servos
746 4108 834 4144 menu-
867 4102 895 4142 ot
909 4109 957 4142 non
974 4097 992 4142 ii
1010 4097 1082 4144 modo
1099 4098 1141 4158 qui
1160 4113 1202 4160 per
1213 4111 1324 4157 censum,
1336 4099 1381 4146 sed

318 4151 440 4199 mittendi.
473 4152 519 4199 Per
539 4155 664 4202 consulem
684 4159 834 4216 primo,.de·
865 4161 923 4208 etii
941 4161 983 4221 qui
1000 4161 1105 4208 vindicte
1127 4163 1221 4211 liberati
1242 4169 1333 4220 mut,
1354 4165 1382 4212 lo

319 4216 376 4262 inde
399 4219 488 4264 secutis
512 4219 660 4278 temporibus
682 4233 724 4280 per
745 4229 834 4281 preto·
866 4223 989 4274 civitatem
1000 4225 1249 4288 acceptividsreutsu.

319 4293 372 4332 tem
386 4282 502 4335 urbrnum
519 4285 685 4344 peresebstur.
714 4284 834 4336 Dominus
