<?xml version="1.0" encoding="UTF-8"?>
<!DOCTYPE html PUBLIC "-//W3C//DTD XHTML 1.0 Transitional//EN"
    "http://www.w3.org/TR/xhtml1/DTD/xhtml1-transitional.dtd">
<html xmlns="http://www.w3.org/1999/xhtml" xml:lang="en" lang="en">
 <head>
  <title>
</title>
<meta http-equiv="Content-Type" content="text/html;charset=utf-8" />
  <meta name='ocr-system' content='tesseract 3.04.00' />
  <meta name='ocr-capabilities' content='ocr_page ocr_carea ocr_par ocr_line ocrx_word'/>
</head>
<body>
  <div class='ocr_page' id='page_1' title='image "./tliviipatavinih02crevgoog_0249.png"; bbox 0 0 3008 4908; ppageno 0'>
   <div class='ocr_carea' id='block_1_1' title="bbox 319 187 969 275">
    <p class='ocr_par' dir='ltr' id='par_1_1' title="bbox 319 187 969 275">
     <span class='ocr_line' id='line_1_1' title="bbox 319 187 969 275; baseline -0.003 -23"><span class='ocrx_word' id='word_1_1' title='bbox 319 196 378 275; x_wconf 72' lang='lat' dir='ltr'><strong>aas</strong></span> <span class='ocrx_word' id='word_1_2' title='bbox 569 232 572 240; x_wconf 79' lang='grc'>.</span> <span class='ocrx_word' id='word_1_3' title='bbox 684 187 801 254; x_wconf 83' lang='lat' dir='ltr'><strong>rrrr</strong></span> <span class='ocrx_word' id='word_1_4' title='bbox 829 189 969 255; x_wconf 82' lang='lat' dir='ltr'><strong>nrvrr</strong></span> 
     </span>
    </p>
   </div>
   <div class='ocr_carea' id='block_1_2' title="bbox 157 352 1386 1302">
    <p class='ocr_par' dir='ltr' id='par_1_2' title="bbox 159 352 1379 441">
     <span class='ocr_line' id='line_1_2' title="bbox 159 352 1379 441; baseline 0.003 -21"><span class='ocrx_word' id='word_1_5' title='bbox 159 373 290 424; x_wconf 71' lang='lat' dir='ltr'><strong>unsre.</strong></span> <span class='ocrx_word' id='word_1_6' title='bbox 321 377 442 440; x_wconf 78' lang='lat' dir='ltr'><strong>curum,</strong></span> <span class='ocrx_word' id='word_1_7' title='bbox 459 357 535 441; x_wconf 74' lang='lat' dir='ltr'><strong>jura</strong></span> <span class='ocrx_word' id='word_1_8' title='bbox 554 352 674 420; x_wconf 82' lang='lat' dir='ltr'><strong>infimis</strong></span> <span class='ocrx_word' id='word_1_9' title='bbox 696 355 889 440; x_wconf 77' lang='lat' dir='ltr'>summisque</span> <span class='ocrx_word' id='word_1_10' title='bbox 909 353 1116 435; x_wconf 85' lang='lat' dir='ltr'><strong>moderando,</strong></span> <span class='ocrx_word' id='word_1_11' title='bbox 1138 355 1186 422; x_wconf 73' lang='lat' dir='ltr'><strong>itu</strong></span> <span class='ocrx_word' id='word_1_12' title='bbox 1204 357 1319 439; x_wconf 85' lang='lat' dir='ltr'><strong>tenuit,</strong></span> <span class='ocrx_word' id='word_1_13' title='bbox 1344 367 1379 424; x_wconf 82' lang='lat' dir='ltr'><strong>ut</strong></span> 
     </span>
    </p>

    <p class='ocr_par' dir='ltr' id='par_1_3' title="bbox 157 434 1382 948">
     <span class='ocr_line' id='line_1_3' title="bbox 157 434 1379 526; baseline 0.007 -25"><span class='ocrx_word' id='word_1_14' title='bbox 157 434 291 501; x_wconf 59' lang='lat' dir='ltr'><strong>uento.</strong></span> <span class='ocrx_word' id='word_1_15' title='bbox 321 465 393 508; x_wconf 90' lang='lat' dir='ltr'><strong>eum</strong></span> <span class='ocrx_word' id='word_1_16' title='bbox 420 453 452 506; x_wconf 89' lang='lat' dir='ltr'><strong>et</strong></span> <span class='ocrx_word' id='word_1_17' title='bbox 479 439 588 506; x_wconf 80' lang='lat' dir='ltr'><strong>Patres</strong></span> <span class='ocrx_word' id='word_1_18' title='bbox 611 460 754 504; x_wconf 84' lang='lat' dir='ltr'><strong>severum</strong></span> <span class='ocrx_word' id='word_1_19' title='bbox 780 439 953 520; x_wconf 88' lang='lat' dir='ltr'><strong>consulem,</strong></span> <span class='ocrx_word' id='word_1_20' title='bbox 976 455 1008 506; x_wconf 86' lang='lat' dir='ltr'><strong>et</strong></span> <span class='ocrx_word' id='word_1_21' title='bbox 1035 441 1126 526; x_wconf 80' lang='lat' dir='ltr'><strong>plebs</strong></span> <span class='ocrx_word' id='word_1_22' title='bbox 1154 442 1228 508; x_wconf 85' lang='lat' dir='ltr'><strong>sctis</strong></span> <span class='ocrx_word' id='word_1_23' title='bbox 1253 465 1379 513; x_wconf 77' lang='lat' dir='ltr'><strong>comem</strong></span> 
     </span>
     <span class='ocr_line' id='line_1_4' title="bbox 322 525 1379 616; baseline -0.002 -20"><span class='ocrx_word' id='word_1_24' title='bbox 322 526 520 597; x_wconf 82' lang='lat' dir='ltr'>crediderint.</span> <span class='ocrx_word' id='word_1_25' title='bbox 565 525 609 590; x_wconf 90' lang='lat' dir='ltr'><strong>Et</strong></span> <span class='ocrx_word' id='word_1_26' title='bbox 620 527 765 590; x_wconf 81' lang='lat' dir='ltr'><strong>adversus</strong></span> <span class='ocrx_word' id='word_1_27' title='bbox 776 526 920 592; x_wconf 87' lang='lat' dir='ltr'><strong>tribunos</strong></span> <span class='ocrx_word' id='word_1_28' title='bbox 934 527 1154 594; x_wconf 73' lang='lat' dir='ltr'><strong>“auctoritate</strong></span> <span class='ocrx_word' id='word_1_29' title='bbox 1167 529 1270 614; x_wconf 79' lang='lat' dir='ltr'><strong>pluro,</strong></span> <span class='ocrx_word' id='word_1_30' title='bbox 1282 552 1379 616; x_wconf 89' lang='lat' dir='ltr'><strong>quarn</strong></span> 
     </span>
     <span class='ocr_line' id='line_1_5' title="bbox 322 611 1381 702; baseline -0.002 -22"><span class='ocrx_word' id='word_1_31' title='bbox 322 613 504 689; x_wconf 78' lang='lat' dir='ltr'>certamine,</span> <span class='ocrx_word' id='word_1_32' title='bbox 521 613 633 678; x_wconf 86' lang='lat' dir='ltr'><strong>tenuit.</strong></span> <span class='ocrx_word' id='word_1_33' title='bbox 655 611 793 698; x_wconf 91' lang='lat' dir='ltr'><strong>quinque</strong></span> <span class='ocrx_word' id='word_1_34' title='bbox 813 613 1005 694; x_wconf 84' lang='lat' dir='ltr'><strong>consulatus,</strong></span> <span class='ocrx_word' id='word_1_35' title='bbox 1027 616 1139 680; x_wconf 90' lang='lat' dir='ltr'><strong>eodem</strong></span> <span class='ocrx_word' id='word_1_36' title='bbox 1159 630 1267 680; x_wconf 88' lang='lat' dir='ltr'><strong>tenore</strong></span> <span class='ocrx_word' id='word_1_37' title='bbox 1289 615 1381 702; x_wconf 77' lang='lat' dir='ltr'><strong>gesti¹</strong></span> 
     </span>
     <span class='ocr_line' id='line_1_6' title="bbox 322 697 1382 786; baseline 0 -22"><span class='ocrx_word' id='word_1_38' title='bbox 322 702 448 784; x_wconf 83' lang='lat' dir='ltr'><strong>vitaque</strong></span> <span class='ocrx_word' id='word_1_39' title='bbox 463 699 565 762; x_wconf 86' lang='lat' dir='ltr'><strong>omnis</strong></span> <span class='ocrx_word' id='word_1_40' title='bbox 580 697 786 764; x_wconf 82' lang='lat' dir='ltr'><strong>consulariter</strong></span> <span class='ocrx_word' id='word_1_41' title='bbox 801 711 879 776; x_wconf 83' lang='lat' dir='ltr'><strong>scta,</strong></span> <span class='ocrx_word' id='word_1_42' title='bbox 896 699 1069 768; x_wconf 85' lang='lat' dir='ltr'><strong>verendum</strong></span> <span class='ocrx_word' id='word_1_43' title='bbox 1090 723 1172 786; x_wconf 87' lang='lat' dir='ltr'><strong>pene</strong></span> <span class='ocrx_word' id='word_1_44' title='bbox 1195 702 1298 786; x_wconf 89' lang='lat' dir='ltr'><strong>ipsum</strong></span> <span class='ocrx_word' id='word_1_45' title='bbox 1314 724 1382 765; x_wconf 90' lang='lat' dir='ltr'><strong>ma-</strong></span> 
     </span>
     <span class='ocr_line' id='line_1_7' title="bbox 323 781 1381 871; baseline 0.006 -20"><span class='ocrx_word' id='word_1_46' title='bbox 323 787 381 869; x_wconf 76' lang='lat' dir='ltr'><strong>gis,</strong></span> <span class='ocrx_word' id='word_1_47' title='bbox 404 799 499 871; x_wconf 85' lang='lat' dir='ltr'><strong>quarn</strong></span> <span class='ocrx_word' id='word_1_48' title='bbox 526 783 690 860; x_wconf 84' lang='lat' dir='ltr'><strong>honorem,</strong></span> <span class='ocrx_word' id='word_1_49' title='bbox 713 781 878 852; x_wconf 78' lang='lat' dir='ltr'><strong>iaciebant.</strong></span> <span class='ocrx_word' id='word_1_50' title='bbox 910 808 948 849; x_wconf 93' lang='lat' dir='ltr'><strong>eo</strong></span> <span class='ocrx_word' id='word_1_51' title='bbox 971 787 1171 852; x_wconf 86' lang='lat' dir='ltr'><strong>tribunorum</strong></span> <span class='ocrx_word' id='word_1_52' title='bbox 1195 787 1381 857; x_wconf 71' lang='lat' dir='ltr'><strong>militarium</strong></span> 
     </span>
     <span class='ocr_line' id='line_1_8' title="bbox 324 869 884 948; baseline -0.007 -10"><span class='ocrx_word' id='word_1_53' title='bbox 324 871 412 938; x_wconf 86' lang='lat' dir='ltr'><strong>nulla</strong></span> <span class='ocrx_word' id='word_1_54' title='bbox 427 872 545 948; x_wconf 75' lang='lat' dir='ltr'><strong>mentio</strong></span> <span class='ocrx_word' id='word_1_55' title='bbox 558 869 608 934; x_wconf 86' lang='lat' dir='ltr'><strong>his</strong></span> <span class='ocrx_word' id='word_1_56' title='bbox 622 870 802 936; x_wconf 89' lang='lat' dir='ltr'><strong>consulibus</strong></span> <span class='ocrx_word' id='word_1_57' title='bbox 817 870 884 936; x_wconf 86' lang='lat' dir='ltr'><strong>fuit.</strong></span> 
     </span>
    </p>

    <p class='ocr_par' dir='ltr' id='par_1_4' title="bbox 165 953 1384 1036">
     <span class='ocr_line' id='line_1_9' title="bbox 165 953 1384 1036; baseline 0.005 -18"><span class='ocrx_word' id='word_1_58' title='bbox 165 966 299 1018; x_wconf 66' lang='lat' dir='ltr'><strong>ucula.</strong></span> <span class='ocrx_word' id='word_1_59' title='bbox 371 957 434 1022; x_wconf 91' lang='lat' dir='ltr'><strong>XI.</strong></span> <span class='ocrx_word' id='word_1_60' title='bbox 470 955 624 1022; x_wconf 82' lang='lat' dir='ltr'><strong>Consules</strong></span> <span class='ocrx_word' id='word_1_61' title='bbox 653 968 761 1020; x_wconf 88' lang='lat' dir='ltr'><strong>creant</strong></span> <span class='ocrx_word' id='word_1_62' title='bbox 790 953 839 1022; x_wconf 92' lang='lat' dir='ltr'><strong>M.</strong></span> <span class='ocrx_word' id='word_1_63' title='bbox 866 956 999 1023; x_wconf 84' lang='lat' dir='ltr'><strong>Fabium</strong></span> <span class='ocrx_word' id='word_1_64' title='bbox 1029 957 1234 1036; x_wconf 80' lang='lat' dir='ltr'>Vibulanum,</span> <span class='ocrx_word' id='word_1_65' title='bbox 1266 957 1384 1024; x_wconf 88' lang='lat' dir='ltr'><strong>Postu·</strong></span> 
     </span>
    </p>

    <p class='ocr_par' dir='ltr' id='par_1_5' title="bbox 161 1031 1383 1145">
     <span class='ocr_line' id='line_1_10' title="bbox 161 1031 1383 1145; baseline 0.001 -36"><span class='ocrx_word' id='word_1_66' title='bbox 161 1031 300 1145; x_wconf 39' lang='lat' dir='ltr'><strong>sspcpnffiff·</strong></span> <span class='ocrx_word' id='word_1_67' title='bbox 325 1067 412 1110; x_wconf 80' lang='lat' dir='ltr'><strong>muni</strong></span> <span class='ocrx_word' id='word_1_68' title='bbox 430 1043 600 1120; x_wconf 82' lang='lat' dir='ltr'><strong>AEbutium</strong></span> <span class='ocrx_word' id='word_1_69' title='bbox 622 1035 834 1106; x_wconf 89' lang='lat' dir='ltr'><strong>Comicinem.</strong></span> <span class='ocrx_word' id='word_1_70' title='bbox 879 1042 995 1108; x_wconf 79' lang='lat' dir='ltr'><strong>Fabius</strong></span> <span class='ocrx_word' id='word_1_71' title='bbox 1010 1056 1041 1109; x_wconf 89' lang='lat' dir='ltr'><strong>et</strong></span> <span class='ocrx_word' id='word_1_72' title='bbox 1054 1045 1204 1112; x_wconf 86' lang='lat' dir='ltr'><strong>AEbutius</strong></span> <span class='ocrx_word' id='word_1_73' title='bbox 1226 1043 1383 1120; x_wconf 82' lang='lat' dir='ltr'><strong>consules,</strong></span> 
     </span>
    </p>

    <p class='ocr_par' dir='ltr' id='par_1_6' title="bbox 164 1127 1386 1218">
     <span class='ocr_line' id='line_1_11' title="bbox 164 1127 1386 1218; baseline 0.001 -23"><span class='ocrx_word' id='word_1_74' title='bbox 164 1130 228 1210; x_wconf 66' lang='lat' dir='ltr'><strong>ro’su</strong></span> <span class='ocrx_word' id='word_1_75' title='bbox 236 1128 309 1207; x_wconf 51' lang='lat' dir='ltr'><strong>aad.</strong></span> <span class='ocrx_word' id='word_1_76' title='bbox 324 1153 389 1218; x_wconf 92' lang='lat' dir='ltr'><strong>quo</strong></span> <span class='ocrx_word' id='word_1_77' title='bbox 400 1131 513 1216; x_wconf 84' lang='lat' dir='ltr'><strong>majori</strong></span> <span class='ocrx_word' id='word_1_78' title='bbox 527 1129 638 1216; x_wconf 76' lang='lat' dir='ltr'><strong>glorius</strong></span> <span class='ocrx_word' id='word_1_79' title='bbox 650 1150 766 1204; x_wconf 87' lang='lat' dir='ltr'><strong>rerum,</strong></span> <span class='ocrx_word' id='word_1_80' title='bbox 782 1127 868 1192; x_wconf 88' lang='lat' dir='ltr'><strong>dorni</strong></span> <span class='ocrx_word' id='word_1_81' title='bbox 880 1127 1018 1215; x_wconf 83' lang='lat' dir='ltr'><strong>forisque</strong></span> <span class='ocrx_word' id='word_1_82' title='bbox 1084 1149 1197 1209; x_wconf 77' lang='lat' dir='ltr'><strong>terum,</strong></span> <span class='ocrx_word' id='word_1_83' title='bbox 1213 1131 1386 1201; x_wconf 74' lang='lat' dir='ltr'><strong>succedere</strong></span> 
     </span>
    </p>

    <p class='ocr_par' dir='ltr' id='par_1_7' title="bbox 164 1215 1385 1302">
     <span class='ocr_line' id='line_1_12' title="bbox 164 1215 1385 1302; baseline -0.002 -19"><span class='ocrx_word' id='word_1_84' title='bbox 164 1227 276 1273; x_wconf 66' lang='lat' dir='ltr'><strong>uocas.</strong></span> <span class='ocrx_word' id='word_1_85' title='bbox 303 1221 358 1284; x_wconf 84' lang='lat' dir='ltr'><strong>&#39;se</strong></span> <span class='ocrx_word' id='word_1_86' title='bbox 383 1215 563 1294; x_wconf 79' lang='lat' dir='ltr'><strong>cernebant,</strong></span> <span class='ocrx_word' id='word_1_87' title='bbox 589 1215 740 1299; x_wconf 77' lang='lat' dir='ltr'><strong>(maxime</strong></span> <span class='ocrx_word' id='word_1_88' title='bbox 765 1225 870 1280; x_wconf 86' lang='lat' dir='ltr'><strong>nutem</strong></span> <span class='ocrx_word' id='word_1_89' title='bbox 895 1237 1035 1280; x_wconf 79' lang='lat' dir='ltr'><strong>memora</strong></span> <span class='ocrx_word' id='word_1_90' title='bbox 1059 1217 1130 1286; x_wconf 87' lang='lat' dir='ltr'><strong>ilem</strong></span> <span class='ocrx_word' id='word_1_91' title='bbox 1153 1237 1273 1285; x_wconf 81' lang='lat' dir='ltr'><strong>ennurn</strong></span> <span class='ocrx_word' id='word_1_92' title='bbox 1292 1217 1385 1302; x_wconf 26' lang='lat' dir='ltr'><strong>*apud</strong></span> 
     </span>
    </p>
   </div>
   <div class='ocr_carea' id='block_1_3' title="bbox 326 1301 1385 1390">
    <p class='ocr_par' dir='ltr' id='par_1_8' title="bbox 326 1301 1385 1390">
     <span class='ocr_line' id='line_1_13' title="bbox 326 1301 1385 1390; baseline 0 -23"><span class='ocrx_word' id='word_1_93' title='bbox 326 1302 477 1368; x_wconf 87' lang='lat' dir='ltr'><strong>finitimos</strong></span> <span class='ocrx_word' id='word_1_94' title='bbox 499 1303 600 1367; x_wconf 87' lang='lat' dir='ltr'><strong>socios</strong></span> <span class='ocrx_word' id='word_1_95' title='bbox 623 1302 789 1386; x_wconf 80' lang='lat' dir='ltr'><strong>hostesque</strong></span> <span class='ocrx_word' id='word_1_96' title='bbox 803 1323 880 1378; x_wconf 86' lang='lat' dir='ltr'><strong>esse,</strong></span> <span class='ocrx_word' id='word_1_97' title='bbox 895 1301 982 1388; x_wconf 91' lang='lat' dir='ltr'><strong>qnod</strong></span> <span class='ocrx_word' id='word_1_98' title='bbox 998 1303 1187 1370; x_wconf 76' lang='lat' dir='ltr'>Ardeatibus</span> <span class='ocrx_word' id='word_1_99' title='bbox 1201 1305 1234 1368; x_wconf 91' lang='lat' dir='ltr'><strong>in</strong></span> <span class='ocrx_word' id='word_1_100' title='bbox 1251 1325 1286 1368; x_wconf 89' lang='lat' dir='ltr'><strong>re</strong></span> <span class='ocrx_word' id='word_1_101' title='bbox 1301 1325 1385 1390; x_wconf 78' lang='lat' dir='ltr'><strong>prae·</strong></span> 
     </span>
    </p>
   </div>
   <div class='ocr_carea' id='block_1_4' title="bbox 326 1387 1499 1474">
    <p class='ocr_par' dir='ltr' id='par_1_9' title="bbox 326 1387 1499 1474">
     <span class='ocr_line' id='line_1_14' title="bbox 326 1387 1499 1474; baseline 0.002 -20"><span class='ocrx_word' id='word_1_102' title='bbox 326 1390 415 1474; x_wconf 86' lang='lat' dir='ltr'><strong>cipiri</strong></span> <span class='ocrx_word' id='word_1_103' title='bbox 436 1403 525 1459; x_wconf 81' lang='lat' dir='ltr'><strong>tanta</strong></span> <span class='ocrx_word' id='word_1_104' title='bbox 544 1387 625 1452; x_wconf 89' lang='lat' dir='ltr'><strong>foret</strong></span> <span class='ocrx_word' id='word_1_105' title='bbox 639 1409 716 1454; x_wconf 86' lang='lat' dir='ltr'><strong>cura</strong></span> <span class='ocrx_word' id='word_1_106' title='bbox 730 1387 931 1468; x_wconf 86' lang='lat' dir='ltr'><strong>subventum)</strong></span> <span class='ocrx_word' id='word_1_107' title='bbox 952 1411 991 1450; x_wconf 89' lang='lat' dir='ltr'><strong>eo</strong></span> <span class='ocrx_word' id='word_1_108' title='bbox 1007 1389 1176 1473; x_wconf 79' lang='lat' dir='ltr'><strong>inpensius,</strong></span> <span class='ocrx_word' id='word_1_109' title='bbox 1192 1405 1228 1456; x_wconf 93' lang='lat' dir='ltr'><strong>nt</strong></span> <span class='ocrx_word' id='word_1_110' title='bbox 1242 1389 1387 1456; x_wconf 85' lang='lat' dir='ltr'><strong>delerent</strong></span> <span class='ocrx_word' id='word_1_111' title='bbox 1498 1394 1499 1408; x_wconf 61' lang='lat'>¹</span> 
     </span>
    </p>
   </div>
   <div class='ocr_carea' id='block_1_5' title="bbox 165 1471 1398 3630">
    <p class='ocr_par' dir='ltr' id='par_1_10' title="bbox 165 1471 1391 3026">
     <span class='ocr_line' id='line_1_15' title="bbox 165 1471 1387 1564; baseline -0.011 -11"><span class='ocrx_word' id='word_1_112' title='bbox 165 1504 310 1552; x_wconf 69' lang='lat' dir='ltr'><strong>Ardeatibus</strong></span> <span class='ocrx_word' id='word_1_113' title='bbox 327 1498 457 1564; x_wconf 83' lang='lat' dir='ltr'><strong>prorsus</strong></span> <span class='ocrx_word' id='word_1_114' title='bbox 479 1497 520 1540; x_wconf 89' lang='lat' dir='ltr'><strong>ex</strong></span> <span class='ocrx_word' id='word_1_115' title='bbox 541 1475 655 1539; x_wconf 81' lang='lat' dir='ltr'><strong>animis</strong></span> <span class='ocrx_word' id='word_1_116' title='bbox 676 1472 841 1538; x_wconf 89' lang='lat' dir='ltr'><strong>hominum</strong></span> <span class='ocrx_word' id='word_1_117' title='bbox 863 1471 1024 1538; x_wconf 84' lang='lat' dir='ltr'><strong>infamium</strong></span> <span class='ocrx_word' id='word_1_118' title='bbox 1041 1476 1164 1561; x_wconf 91' lang='lat' dir='ltr'><strong>judicii,</strong></span> <span class='ocrx_word' id='word_1_119' title='bbox 1180 1489 1387 1542; x_wconf 79' lang='lat' dir='ltr'><strong>senatuscon-</strong></span> 
     </span>
     <span class='ocr_line' id='line_1_16' title="bbox 165 1560 1387 1647; baseline -0.004 -16"><span class='ocrx_word' id='word_1_120' title='bbox 165 1569 312 1647; x_wconf 55' lang='lat' dir='ltr'><strong>quaenu-</strong></span> <span class='ocrx_word' id='word_1_121' title='bbox 327 1561 444 1629; x_wconf 88' lang='lat' dir='ltr'><strong>sultum</strong></span> <span class='ocrx_word' id='word_1_122' title='bbox 466 1561 624 1636; x_wconf 76' lang='lat' dir='ltr'><strong>fecerunt3</strong></span> <span class='ocrx_word' id='word_1_123' title='bbox 647 1572 693 1636; x_wconf 89' lang='lat' dir='ltr'><strong>ut,</strong></span> <span class='ocrx_word' id='word_1_124' title='bbox 713 1560 865 1645; x_wconf 87' lang='lat' dir='ltr'><strong>quoniam</strong></span> <span class='ocrx_word' id='word_1_125' title='bbox 890 1561 998 1626; x_wconf 77' lang='lat' dir='ltr'><strong>civitas</strong></span> <span class='ocrx_word' id='word_1_126' title='bbox 1020 1563 1208 1627; x_wconf 81' lang='lat' dir='ltr'><strong>Ardeatium</strong></span> <span class='ocrx_word' id='word_1_127' title='bbox 1235 1563 1387 1626; x_wconf 86' lang='lat' dir='ltr'><strong>intestino</strong></span> 
     </span>
     <span class='ocr_line' id='line_1_17' title="bbox 165 1641 1387 1745; baseline 0 -31"><span class='ocrx_word' id='word_1_128' title='bbox 165 1641 320 1745; x_wconf 44' lang='lat' dir='ltr'><strong>2¹30ngss</strong></span> <span class='ocrx_word' id='word_1_129' title='bbox 328 1647 466 1714; x_wconf 91' lang='lat' dir='ltr'><strong>tumultu</strong></span> <span class='ocrx_word' id='word_1_130' title='bbox 490 1648 616 1712; x_wconf 79' lang='lat' dir='ltr'><strong>redacta</strong></span> <span class='ocrx_word' id='word_1_131' title='bbox 638 1645 678 1710; x_wconf 89' lang='lat' dir='ltr'><strong>ad</strong></span> <span class='ocrx_word' id='word_1_132' title='bbox 701 1665 818 1729; x_wconf 82' lang='lat' dir='ltr'><strong>paucos</strong></span> <span class='ocrx_word' id='word_1_133' title='bbox 840 1659 929 1722; x_wconf 88' lang='lat' dir='ltr'><strong>esset,</strong></span> <span class='ocrx_word' id='word_1_134' title='bbox 945 1646 1049 1712; x_wconf 90' lang='lat' dir='ltr'><strong>coloni</strong></span> <span class='ocrx_word' id='word_1_135' title='bbox 1067 1671 1106 1712; x_wconf 92' lang='lat' dir='ltr'><strong>eo</strong></span> <span class='ocrx_word' id='word_1_136' title='bbox 1119 1647 1260 1734; x_wconf 59' lang='lat' dir='ltr'><strong>presidii</strong></span> <span class='ocrx_word' id='word_1_137' title='bbox 1275 1669 1387 1714; x_wconf 76' lang='lat' dir='ltr'><strong>causes</strong></span> 
     </span>
     <span class='ocr_line' id='line_1_18' title="bbox 165 1729 1387 1822; baseline 0.004 -27"><span class='ocrx_word' id='word_1_138' title='bbox 165 1763 313 1822; x_wconf 72' lang='lat' dir='ltr'><strong>tanaceprus</strong></span> <span class='ocrx_word' id='word_1_139' title='bbox 328 1733 477 1803; x_wconf 76' lang='lat' dir='ltr'><strong>adversus</strong></span> <span class='ocrx_word' id='word_1_140' title='bbox 493 1731 627 1798; x_wconf 89' lang='lat' dir='ltr'><strong>Volscos</strong></span> <span class='ocrx_word' id='word_1_141' title='bbox 641 1731 861 1796; x_wconf 80' lang='lat' dir='ltr'><strong>scriberentur.</strong></span> <span class='ocrx_word' id='word_1_142' title='bbox 909 1729 982 1798; x_wconf 89' lang='lat' dir='ltr'><strong>Hoc</strong></span> <span class='ocrx_word' id='word_1_143' title='bbox 1002 1733 1109 1818; x_wconf 82' lang='lat' dir='ltr'><strong>palam</strong></span> <span class='ocrx_word' id='word_1_144' title='bbox 1126 1733 1258 1800; x_wconf 79' lang='lat' dir='ltr'><strong>relatum</strong></span> <span class='ocrx_word' id='word_1_145' title='bbox 1283 1734 1316 1798; x_wconf 90' lang='lat' dir='ltr'><strong>in</strong></span> <span class='ocrx_word' id='word_1_146' title='bbox 1341 1747 1387 1800; x_wconf 79' lang='lat' dir='ltr'><strong>ta-</strong></span> 
     </span>
     <span class='ocr_line' id='line_1_19' title="bbox 165 1816 1386 1918; baseline 0.002 -34"><span class='ocrx_word' id='word_1_147' title='bbox 165 1833 223 1874; x_wconf 72' lang='lat' dir='ltr'><strong>aar.</strong></span> <span class='ocrx_word' id='word_1_148' title='bbox 328 1819 427 1896; x_wconf 81' lang='lat' dir='ltr'><strong>bulas,</strong></span> <span class='ocrx_word' id='word_1_149' title='bbox 456 1834 489 1887; x_wconf 89' lang='lat' dir='ltr'><strong>ut</strong></span> <span class='ocrx_word' id='word_1_150' title='bbox 511 1818 637 1918; x_wconf 89' lang='lat' dir='ltr'><strong>plebem</strong></span> <span class='ocrx_word' id='word_1_151' title='bbox 667 1817 872 1904; x_wconf 87' lang='lat' dir='ltr'><strong>tribunosque</strong></span> <span class='ocrx_word' id='word_1_152' title='bbox 900 1816 1021 1884; x_wconf 82' lang='lat' dir='ltr'><strong>falleret</strong></span> <span class='ocrx_word' id='word_1_153' title='bbox 1044 1819 1156 1906; x_wconf 91' lang='lat' dir='ltr'><strong>judicii</strong></span> <span class='ocrx_word' id='word_1_154' title='bbox 1184 1820 1386 1886; x_wconf 83' lang='lat' dir='ltr'><strong>rescindendi</strong></span> 
     </span>
     <span class='ocr_line' id='line_1_20' title="bbox 328 1904 1387 1994; baseline 0 -22"><span class='ocrx_word' id='word_1_155' title='bbox 328 1906 496 1972; x_wconf 86' lang='lat' dir='ltr'><strong>consilium</strong></span> <span class='ocrx_word' id='word_1_156' title='bbox 516 1906 640 1969; x_wconf 90' lang='lat' dir='ltr'><strong>mitum.</strong></span> <span class='ocrx_word' id='word_1_157' title='bbox 686 1904 918 1969; x_wconf 76' lang='lat' dir='ltr'><strong>Consenserunt</strong></span> <span class='ocrx_word' id='word_1_158' title='bbox 939 1919 1054 1982; x_wconf 87' lang='lat' dir='ltr'><strong>autem,</strong></span> <span class='ocrx_word' id='word_1_159' title='bbox 1076 1919 1121 1983; x_wconf 81' lang='lat' dir='ltr'><strong>ut,</strong></span> <span class='ocrx_word' id='word_1_160' title='bbox 1144 1905 1246 1972; x_wconf 90' lang='lat' dir='ltr'><strong>multo</strong></span> <span class='ocrx_word' id='word_1_161' title='bbox 1269 1907 1387 1994; x_wconf 85' lang='lat' dir='ltr'><strong>majore</strong></span> 
     </span>
     <span class='ocr_line' id='line_1_21' title="bbox 327 1989 1384 2078; baseline 0.001 -23"><span class='ocrx_word' id='word_1_162' title='bbox 327 2008 418 2078; x_wconf 83' lang='lat' dir='ltr'><strong>purte</strong></span> <span class='ocrx_word' id='word_1_163' title='bbox 432 1989 661 2056; x_wconf 72' lang='lat' dir='ltr'><strong>“Rutulorum</strong></span> <span class='ocrx_word' id='word_1_164' title='bbox 677 1989 874 2064; x_wconf 86' lang='lat' dir='ltr'><strong>colonorum,</strong></span> <span class='ocrx_word' id='word_1_165' title='bbox 889 2012 984 2077; x_wconf 83' lang='lat' dir='ltr'><strong>quam</strong></span> <span class='ocrx_word' id='word_1_166' title='bbox 1009 1991 1240 2070; x_wconf 78' lang='lat' dir='ltr'><strong>Romanorum,</strong></span> <span class='ocrx_word' id='word_1_167' title='bbox 1256 1993 1384 2078; x_wconf 82' lang='lat' dir='ltr'><strong>scripte,</strong></span> 
     </span>
     <span class='ocr_line' id='line_1_22' title="bbox 327 2073 1388 2164; baseline 0.002 -22"><span class='ocrx_word' id='word_1_168' title='bbox 327 2101 386 2144; x_wconf 87' lang='lat' dir='ltr'><strong>nec</strong></span> <span class='ocrx_word' id='word_1_169' title='bbox 400 2100 476 2160; x_wconf 76' lang='lat' dir='ltr'><strong>nqer</strong></span> <span class='ocrx_word' id='word_1_170' title='bbox 496 2073 579 2141; x_wconf 90' lang='lat' dir='ltr'><strong>ullus</strong></span> <span class='ocrx_word' id='word_1_171' title='bbox 599 2074 802 2152; x_wconf 81' lang='lat' dir='ltr'><strong>divideretur,</strong></span> <span class='ocrx_word' id='word_1_172' title='bbox 829 2077 890 2140; x_wconf 93' lang='lat' dir='ltr'><strong>nisi</strong></span> <span class='ocrx_word' id='word_1_173' title='bbox 915 2076 949 2152; x_wconf 89' lang='lat' dir='ltr'><strong>is,</strong></span> <span class='ocrx_word' id='word_1_174' title='bbox 971 2077 1025 2162; x_wconf 94' lang='lat' dir='ltr'><strong>qui</strong></span> <span class='ocrx_word' id='word_1_175' title='bbox 1045 2079 1240 2164; x_wconf 86' lang='lat' dir='ltr'><strong>interceptus</strong></span> <span class='ocrx_word' id='word_1_176' title='bbox 1262 2078 1388 2164; x_wconf 89' lang='lat' dir='ltr'><strong>judicio</strong></span> 
     </span>
     <span class='ocr_line' id='line_1_23' title="bbox 327 2161 1386 2250; baseline -0.002 -20"><span class='ocrx_word' id='word_1_177' title='bbox 327 2163 437 2230; x_wconf 84' lang='lat' dir='ltr'><strong>infami</strong></span> <span class='ocrx_word' id='word_1_178' title='bbox 463 2176 547 2238; x_wconf 78' lang='lat' dir='ltr'><strong>erst3</strong></span> <span class='ocrx_word' id='word_1_179' title='bbox 571 2183 631 2226; x_wconf 93' lang='lat' dir='ltr'><strong>nec</strong></span> <span class='ocrx_word' id='word_1_180' title='bbox 656 2161 712 2226; x_wconf 92' lang='lat' dir='ltr'><strong>ulli</strong></span> <span class='ocrx_word' id='word_1_181' title='bbox 741 2163 829 2246; x_wconf 88' lang='lat' dir='ltr'><strong>prius</strong></span> <span class='ocrx_word' id='word_1_182' title='bbox 856 2162 1003 2226; x_wconf 85' lang='lat' dir='ltr'><strong>Romano</strong></span> <span class='ocrx_word' id='word_1_183' title='bbox 1029 2163 1084 2242; x_wconf 92' lang='lat' dir='ltr'><strong>ibi,</strong></span> <span class='ocrx_word' id='word_1_184' title='bbox 1114 2187 1210 2250; x_wconf 82' lang='lat' dir='ltr'><strong>quum</strong></span> <span class='ocrx_word' id='word_1_185' title='bbox 1239 2165 1386 2230; x_wconf 87' lang='lat' dir='ltr'><strong>omnibus</strong></span> 
     </span>
     <span class='ocr_line' id='line_1_24' title="bbox 330 2246 1387 2336; baseline 0 -20"><span class='ocrx_word' id='word_1_186' title='bbox 330 2249 458 2332; x_wconf 79' lang='lat' dir='ltr'><strong>Rutulis</strong></span> <span class='ocrx_word' id='word_1_187' title='bbox 483 2249 599 2313; x_wconf 87' lang='lat' dir='ltr'><strong>divisus</strong></span> <span class='ocrx_word' id='word_1_188' title='bbox 625 2261 715 2324; x_wconf 81' lang='lat' dir='ltr'><strong>esset,</strong></span> <span class='ocrx_word' id='word_1_189' title='bbox 745 2246 837 2333; x_wconf 82' lang='lat' dir='ltr'><strong>gleba</strong></span> <span class='ocrx_word' id='word_1_190' title='bbox 869 2247 933 2312; x_wconf 82' lang='lat' dir='ltr'><strong>ulls</strong></span> <span class='ocrx_word' id='word_1_191' title='bbox 964 2250 1033 2336; x_wconf 83' lang='lat' dir='ltr'><strong>agri</strong></span> <span class='ocrx_word' id='word_1_192' title='bbox 1058 2249 1287 2336; x_wconf 77' lang='lat' dir='ltr'><strong>adsignaretur.</strong></span> <span class='ocrx_word' id='word_1_193' title='bbox 1335 2252 1387 2317; x_wconf 89' lang='lat' dir='ltr'><strong>Sic</strong></span> 
     </span>
     <span class='ocr_line' id='line_1_25' title="bbox 327 2333 1386 2422; baseline 0.002 -22"><span class='ocrx_word' id='word_1_194' title='bbox 327 2359 403 2422; x_wconf 84' lang='lat' dir='ltr'><strong>nger</strong></span> <span class='ocrx_word' id='word_1_195' title='bbox 425 2336 467 2402; x_wconf 88' lang='lat' dir='ltr'><strong>ad</strong></span> <span class='ocrx_word' id='word_1_196' title='bbox 489 2335 643 2400; x_wconf 81' lang='lat' dir='ltr'><strong>Ardeates</strong></span> <span class='ocrx_word' id='word_1_197' title='bbox 660 2333 763 2399; x_wconf 88' lang='lat' dir='ltr'><strong>rediit.</strong></span> <span class='ocrx_word' id='word_1_198' title='bbox 808 2333 984 2398; x_wconf 86' lang='lat' dir='ltr'><strong>Triumviri</strong></span> <span class='ocrx_word' id='word_1_199' title='bbox 1007 2336 1046 2400; x_wconf 86' lang='lat' dir='ltr'><strong>ud</strong></span> <span class='ocrx_word' id='word_1_200' title='bbox 1069 2336 1228 2410; x_wconf 82' lang='lat' dir='ltr'><strong>colonium</strong></span> <span class='ocrx_word' id='word_1_201' title='bbox 1245 2336 1386 2402; x_wconf 78' lang='lat' dir='ltr'><strong>Ardeam</strong></span> 
     </span>
     <span class='ocr_line' id='line_1_26' title="bbox 285 2419 1387 2508; baseline -0.002 -18"><span class='ocrx_word' id='word_1_202' title='bbox 285 2431 294 2440; x_wconf 91' lang='lat'>&#39;</span> <span class='ocrx_word' id='word_1_203' title='bbox 327 2422 545 2490; x_wconf 84' lang='lat' dir='ltr'><strong>deducendam</strong></span> <span class='ocrx_word' id='word_1_204' title='bbox 562 2422 659 2486; x_wconf 81' lang='lat' dir='ltr'><strong>creati</strong></span> <span class='ocrx_word' id='word_1_205' title='bbox 676 2419 821 2508; x_wconf 76' lang='lat' dir='ltr'><strong>Agrippa</strong></span> <span class='ocrx_word' id='word_1_206' title='bbox 836 2419 1016 2498; x_wconf 81' lang='lat' dir='ltr'><strong>Menenius.</strong></span> <span class='ocrx_word' id='word_1_207' title='bbox 1033 2421 1074 2486; x_wconf 92' lang='lat' dir='ltr'><strong>T.</strong></span> <span class='ocrx_word' id='word_1_208' title='bbox 1091 2422 1224 2494; x_wconf 81' lang='lat' dir='ltr'><strong>Cloelius</strong></span> <span class='ocrx_word' id='word_1_209' title='bbox 1249 2423 1387 2501; x_wconf 82' lang='lat' dir='ltr'><strong>Siculus,</strong></span> 
     </span>
     <span class='ocr_line' id='line_1_27' title="bbox 235 2506 1388 2593; baseline -0.002 -17"><span class='ocrx_word' id='word_1_210' title='bbox 235 2535 239 2538; x_wconf 92' lang='lat'>·</span> <span class='ocrx_word' id='word_1_211' title='bbox 329 2507 378 2576; x_wconf 92' lang='lat' dir='ltr'><strong>M.</strong></span> <span class='ocrx_word' id='word_1_212' title='bbox 403 2509 552 2574; x_wconf 85' lang='lat' dir='ltr'><strong>AEbutius</strong></span> <span class='ocrx_word' id='word_1_213' title='bbox 575 2507 665 2572; x_wconf 85' lang='lat' dir='ltr'><strong>Elva.</strong></span> <span class='ocrx_word' id='word_1_214' title='bbox 688 2506 754 2593; x_wconf 91' lang='lat' dir='ltr'><strong>qui,</strong></span> <span class='ocrx_word' id='word_1_215' title='bbox 770 2529 827 2592; x_wconf 87' lang='lat' dir='ltr'><strong>per</strong></span> <span class='ocrx_word' id='word_1_216' title='bbox 851 2506 981 2572; x_wconf 87' lang='lat' dir='ltr'><strong>minime</strong></span> <span class='ocrx_word' id='word_1_217' title='bbox 1003 2507 1157 2592; x_wconf 80' lang='lat' dir='ltr'><strong>populare</strong></span> <span class='ocrx_word' id='word_1_218' title='bbox 1172 2509 1388 2576; x_wconf 83' lang='lat' dir='ltr'><strong>ministerium</strong></span> 
     </span>
     <span class='ocr_line' id='line_1_28' title="bbox 326 2593 1389 2696; baseline 0.002 -36"><span class='ocrx_word' id='word_1_219' title='bbox 326 2618 404 2696; x_wconf 79' lang='lat' dir='ltr'><strong>ugro</strong></span> <span class='ocrx_word' id='word_1_220' title='bbox 430 2593 627 2682; x_wconf 75' lang='lat' dir='ltr'><strong>adsignando</strong></span> <span class='ocrx_word' id='word_1_221' title='bbox 651 2593 752 2671; x_wconf 88' lang='lat' dir='ltr'><strong>sociis,</strong></span> <span class='ocrx_word' id='word_1_222' title='bbox 768 2615 862 2678; x_wconf 88' lang='lat' dir='ltr'><strong>quern</strong></span> <span class='ocrx_word' id='word_1_223' title='bbox 884 2593 1019 2677; x_wconf 85' lang='lat' dir='ltr'><strong>populus</strong></span> <span class='ocrx_word' id='word_1_224' title='bbox 1043 2595 1206 2660; x_wconf 81' lang='lat' dir='ltr'><strong>Romanus</strong></span> <span class='ocrx_word' id='word_1_225' title='bbox 1225 2617 1318 2660; x_wconf 87' lang='lat' dir='ltr'><strong>suurn</strong></span> <span class='ocrx_word' id='word_1_226' title='bbox 1336 2597 1389 2682; x_wconf 85' lang='lat' dir='ltr'><strong>ju·</strong></span> 
     </span>
     <span class='ocr_line' id='line_1_29' title="bbox 327 2677 1389 2768; baseline 0 -22"><span class='ocrx_word' id='word_1_227' title='bbox 327 2681 472 2758; x_wconf 86' lang='lat' dir='ltr'><strong>drcasset,</strong></span> <span class='ocrx_word' id='word_1_228' title='bbox 489 2703 586 2766; x_wconf 89' lang='lat' dir='ltr'><strong>quum</strong></span> <span class='ocrx_word' id='word_1_229' title='bbox 610 2677 734 2762; x_wconf 87' lang='lat' dir='ltr'><strong>plebem</strong></span> <span class='ocrx_word' id='word_1_230' title='bbox 754 2679 966 2756; x_wconf 83' lang='lat' dir='ltr'><strong>offendissent,</strong></span> <span class='ocrx_word' id='word_1_231' title='bbox 989 2702 1028 2744; x_wconf 94' lang='lat' dir='ltr'><strong>ne</strong></span> <span class='ocrx_word' id='word_1_232' title='bbox 1049 2681 1241 2765; x_wconf 86' lang='lat' dir='ltr'><strong>prirnoribus</strong></span> <span class='ocrx_word' id='word_1_233' title='bbox 1259 2682 1389 2768; x_wconf 86' lang='lat' dir='ltr'><strong>quidem</strong></span> 
     </span>
     <span class='ocr_line' id='line_1_30' title="bbox 330 2763 1391 2853; baseline 0.002 -21"><span class='ocrx_word' id='word_1_234' title='bbox 330 2767 462 2832; x_wconf 83' lang='lat' dir='ltr'><strong>Petrum</strong></span> <span class='ocrx_word' id='word_1_235' title='bbox 485 2767 559 2830; x_wconf 86' lang='lat' dir='ltr'><strong>satis</strong></span> <span class='ocrx_word' id='word_1_236' title='bbox 581 2764 714 2850; x_wconf 85' lang='lat' dir='ltr'><strong>accepti,</strong></span> <span class='ocrx_word' id='word_1_237' title='bbox 743 2763 830 2849; x_wconf 90' lang='lat' dir='ltr'><strong>quod</strong></span> <span class='ocrx_word' id='word_1_238' title='bbox 853 2763 931 2830; x_wconf 90' lang='lat' dir='ltr'><strong>nihil</strong></span> <span class='ocrx_word' id='word_1_239' title='bbox 951 2767 1062 2853; x_wconf 79' lang='lat' dir='ltr'><strong>gratiae</strong></span> <span class='ocrx_word' id='word_1_240' title='bbox 1085 2768 1174 2853; x_wconf 87' lang='lat' dir='ltr'><strong>cujus</strong></span> <span class='ocrx_word' id='word_1_241' title='bbox 1239 2791 1270 2833; x_wconf 86' lang='lat' dir='ltr'><strong>ur</strong></span> <span class='ocrx_word' id='word_1_242' title='bbox 1293 2769 1391 2834; x_wconf 85' lang='lat' dir='ltr'><strong>dedc-</strong></span> 
     </span>
     <span class='ocr_line' id='line_1_31' title="bbox 327 2849 1390 2937; baseline 0.006 -22"><span class='ocrx_word' id='word_1_243' title='bbox 327 2865 417 2928; x_wconf 81' lang='lat' dir='ltr'><strong>rant3</strong></span> <span class='ocrx_word' id='word_1_244' title='bbox 440 2851 635 2928; x_wconf 85' lang='lat' dir='ltr'><strong>vexationes,</strong></span> <span class='ocrx_word' id='word_1_245' title='bbox 661 2849 700 2914; x_wconf 89' lang='lat' dir='ltr'><strong>ad</strong></span> <span class='ocrx_word' id='word_1_246' title='bbox 722 2850 878 2935; x_wconf 90' lang='lat' dir='ltr'><strong>populum</strong></span> <span class='ocrx_word' id='word_1_247' title='bbox 900 2853 966 2937; x_wconf 82' lang='lat' dir='ltr'><strong>jam</strong></span> <span class='ocrx_word' id='word_1_248' title='bbox 992 2851 1043 2918; x_wconf 89' lang='lat' dir='ltr'><strong>die</strong></span> <span class='ocrx_word' id='word_1_249' title='bbox 1066 2853 1152 2918; x_wconf 81' lang='lat' dir='ltr'><strong>dicta</strong></span> <span class='ocrx_word' id='word_1_250' title='bbox 1176 2877 1196 2918; x_wconf 84' lang='lat' dir='ltr'><strong>n</strong></span> <span class='ocrx_word' id='word_1_251' title='bbox 1240 2854 1390 2930; x_wconf 84' lang='lat' dir='ltr'><strong>tribunis,</strong></span> 
     </span>
     <span class='ocr_line' id='line_1_32' title="bbox 328 2935 1391 3026; baseline 0.002 -22"><span class='ocrx_word' id='word_1_252' title='bbox 328 2937 487 3004; x_wconf 64' lang='lat' dir='ltr'><strong>“coloni‘</strong></span> <span class='ocrx_word' id='word_1_253' title='bbox 500 2936 651 3020; x_wconf 87' lang='lat' dir='ltr'><strong>adscripti</strong></span> <span class='ocrx_word' id='word_1_254' title='bbox 665 2935 858 3001; x_wconf 79' lang='lat' dir='ltr'><strong>remanendo</strong></span> <span class='ocrx_word' id='word_1_255' title='bbox 873 2937 906 3002; x_wconf 91' lang='lat' dir='ltr'><strong>in</strong></span> <span class='ocrx_word' id='word_1_256' title='bbox 921 2937 1054 3018; x_wconf 75' lang='lat' dir='ltr'><strong>colonie,</strong></span> <span class='ocrx_word' id='word_1_257' title='bbox 1071 2961 1168 3026; x_wconf 86' lang='lat' dir='ltr'><strong>qnam</strong></span> <span class='ocrx_word' id='word_1_258' title='bbox 1182 2954 1293 3006; x_wconf 80' lang='lat' dir='ltr'><strong>testem</strong></span> <span class='ocrx_word' id='word_1_259' title='bbox 1310 2943 1391 3008; x_wconf 83' lang='lat' dir='ltr'><strong>inte·</strong></span> 
     </span>
    </p>

    <p class='ocr_par' dir='ltr' id='par_1_11' title="bbox 167 3021 1398 3630">
     <span class='ocr_line' id='line_1_33' title="bbox 328 3021 1002 3112; baseline 0.001 -24"><span class='ocrx_word' id='word_1_260' title='bbox 328 3025 452 3112; x_wconf 80' lang='lat' dir='ltr'><strong>gritstis</strong></span> <span class='ocrx_word' id='word_1_261' title='bbox 461 3023 656 3109; x_wconf 69' lang='lat' dir='ltr'><strong>justitiaeque</strong></span> <span class='ocrx_word' id='word_1_262' title='bbox 670 3021 841 3099; x_wconf 81' lang='lat' dir='ltr'><strong>habebant,</strong></span> <span class='ocrx_word' id='word_1_263' title='bbox 856 3023 1002 3090; x_wconf 83' lang='lat' dir='ltr'><strong>vitavere.</strong></span> 
     </span>
     <span class='ocr_line' id='line_1_34' title="bbox 170 3107 1392 3198; baseline 0.001 -22"><span class='ocrx_word' id='word_1_264' title='bbox 170 3129 198 3176; x_wconf 86' lang='lat' dir='ltr'><strong>u.</strong></span> <span class='ocrx_word' id='word_1_265' title='bbox 209 3131 236 3176; x_wconf 81' lang='lat' dir='ltr'><strong>c</strong></span> <span class='ocrx_word' id='word_1_266' title='bbox 248 3127 304 3175; x_wconf 60' lang='lat'><strong>814</strong></span> <span class='ocrx_word' id='word_1_267' title='bbox 374 3107 458 3175; x_wconf 91' lang='lat' dir='ltr'><strong>XlI.</strong></span> <span class='ocrx_word' id='word_1_268' title='bbox 484 3107 553 3174; x_wconf 82' lang='lat' dir='ltr'><strong>Pax</strong></span> <span class='ocrx_word' id='word_1_269' title='bbox 568 3108 656 3172; x_wconf 90' lang='lat' dir='ltr'><strong>domi</strong></span> <span class='ocrx_word' id='word_1_270' title='bbox 670 3108 807 3195; x_wconf 84' lang='lat' dir='ltr'><strong>forisque</strong></span> <span class='ocrx_word' id='word_1_271' title='bbox 828 3109 886 3176; x_wconf 87' lang='lat' dir='ltr'><strong>fuit</strong></span> <span class='ocrx_word' id='word_1_272' title='bbox 908 3123 940 3176; x_wconf 88' lang='lat' dir='ltr'><strong>et</strong></span> <span class='ocrx_word' id='word_1_273' title='bbox 958 3109 1019 3175; x_wconf 89' lang='lat' dir='ltr'><strong>hoc</strong></span> <span class='ocrx_word' id='word_1_274' title='bbox 1034 3124 1066 3175; x_wconf 88' lang='lat' dir='ltr'><strong>et</strong></span> <span class='ocrx_word' id='word_1_275' title='bbox 1079 3111 1279 3198; x_wconf 83' lang='lat' dir='ltr'><strong>insequente·</strong></span> <span class='ocrx_word' id='word_1_276' title='bbox 1294 3135 1392 3190; x_wconf 79' lang='lat' dir='ltr'><strong>anno,</strong></span> 
     </span>
     <span class='ocr_line' id='line_1_35' title="bbox 167 3192 1397 3288; baseline 0 -26"><span class='ocrx_word' id='word_1_277' title='bbox 167 3192 306 3270; x_wconf 49' lang='lat'><strong>&amp;0⁴9⁸-</strong></span> <span class='ocrx_word' id='word_1_278' title='bbox 332 3195 371 3262; x_wconf 90' lang='lat' dir='ltr'><strong>C.</strong></span> <span class='ocrx_word' id='word_1_279' title='bbox 390 3195 488 3262; x_wconf 85' lang='lat' dir='ltr'><strong>Furio</strong></span> <span class='ocrx_word' id='word_1_280' title='bbox 512 3195 621 3260; x_wconf 86' lang='lat' dir='ltr'><strong>Pacilo</strong></span> <span class='ocrx_word' id='word_1_281' title='bbox 641 3209 671 3260; x_wconf 89' lang='lat' dir='ltr'><strong>et</strong></span> <span class='ocrx_word' id='word_1_282' title='bbox 693 3193 743 3259; x_wconf 93' lang='lat' dir='ltr'><strong>M.</strong></span> <span class='ocrx_word' id='word_1_283' title='bbox 761 3195 890 3281; x_wconf 84' lang='lat' dir='ltr'><strong>Papirio</strong></span> <span class='ocrx_word' id='word_1_284' title='bbox 915 3195 1030 3262; x_wconf 79' lang='lat' dir='ltr'><strong>Crasso</strong></span> <span class='ocrx_word' id='word_1_285' title='bbox 1055 3199 1246 3264; x_wconf 88' lang='lat' dir='ltr'><strong>consulibus.</strong></span> <span class='ocrx_word' id='word_1_286' title='bbox 1292 3199 1397 3288; x_wconf 56' lang='lat' dir='ltr'><strong>Ludi,</strong></span> 
     </span>
     <span class='ocr_line' id='line_1_36' title="bbox 170 3259 1395 3382; baseline 0.002 -34"><span class='ocrx_word' id='word_1_287' title='bbox 170 3259 310 3382; x_wconf 49' lang='lat' dir='ltr'><strong>ffigsslo</strong></span> <span class='ocrx_word' id='word_1_288' title='bbox 332 3285 372 3348; x_wconf 86' lang='lat' dir='ltr'><strong>ab</strong></span> <span class='ocrx_word' id='word_1_289' title='bbox 387 3283 572 3348; x_wconf 86' lang='lat' dir='ltr'><strong>decemviris</strong></span> <span class='ocrx_word' id='word_1_290' title='bbox 587 3304 644 3366; x_wconf 88' lang='lat' dir='ltr'><strong>per</strong></span> <span class='ocrx_word' id='word_1_291' title='bbox 659 3283 863 3346; x_wconf 88' lang='lat' dir='ltr'><strong>secessionem</strong></span> <span class='ocrx_word' id='word_1_292' title='bbox 880 3281 981 3367; x_wconf 87' lang='lat' dir='ltr'><strong>plebis</strong></span> <span class='ocrx_word' id='word_1_293' title='bbox 995 3306 1015 3347; x_wconf 83' lang='lat' dir='ltr'><strong>s</strong></span> <span class='ocrx_word' id='word_1_294' title='bbox 1031 3283 1180 3350; x_wconf 77' lang='lat' dir='ltr'><strong>Patribus</strong></span> <span class='ocrx_word' id='word_1_295' title='bbox 1194 3307 1235 3348; x_wconf 84' lang='lat' dir='ltr'><strong>ex</strong></span> <span class='ocrx_word' id='word_1_296' title='bbox 1250 3300 1395 3352; x_wconf 81' lang='lat' dir='ltr'><strong>senatus-</strong></span> 
     </span>
     <span class='ocr_line' id='line_1_37' title="bbox 171 3366 1397 3445; baseline 0.002 -7"><span class='ocrx_word' id='word_1_297' title='bbox 171 3391 238 3438; x_wconf 77' lang='lat' dir='ltr'><strong>cora</strong></span> <span class='ocrx_word' id='word_1_298' title='bbox 331 3367 478 3438; x_wconf 86' lang='lat' dir='ltr'><strong>consulto</strong></span> <span class='ocrx_word' id='word_1_299' title='bbox 496 3369 570 3445; x_wconf 85' lang='lat' dir='ltr'><strong>voti,</strong></span> <span class='ocrx_word' id='word_1_300' title='bbox 587 3391 626 3432; x_wconf 92' lang='lat' dir='ltr'><strong>eo</strong></span> <span class='ocrx_word' id='word_1_301' title='bbox 646 3389 731 3432; x_wconf 80' lang='lat' dir='ltr'><strong>anno</strong></span> <span class='ocrx_word' id='word_1_302' title='bbox 751 3366 824 3434; x_wconf 82' lang='lat' dir='ltr'><strong>iacti</strong></span> <span class='ocrx_word' id='word_1_303' title='bbox 846 3380 930 3434; x_wconf 88' lang='lat' dir='ltr'><strong>sunt.</strong></span> <span class='ocrx_word' id='word_1_304' title='bbox 975 3369 1097 3436; x_wconf 77' lang='lat' dir='ltr'><strong>Caussa</strong></span> <span class='ocrx_word' id='word_1_305' title='bbox 1119 3370 1313 3436; x_wconf 82' lang='lat' dir='ltr'><strong>seditionum</strong></span> <span class='ocrx_word' id='word_1_306' title='bbox 1339 3395 1397 3440; x_wconf 84' lang='lat' dir='ltr'><strong>nc-</strong></span> 
     </span>
     <span class='ocr_line' id='line_1_38' title="bbox 332 3454 1396 3542; baseline 0.002 -21"><span class='ocrx_word' id='word_1_307' title='bbox 332 3457 506 3542; x_wconf 86' lang='lat' dir='ltr'><strong>quidquam</strong></span> <span class='ocrx_word' id='word_1_308' title='bbox 529 3479 549 3520; x_wconf 79' lang='grc' dir='ltr'><strong>ιι</strong></span> <span class='ocrx_word' id='word_1_309' title='bbox 573 3454 723 3522; x_wconf 72' lang='lat' dir='ltr'><strong>Poereno²</strong></span> <span class='ocrx_word' id='word_1_310' title='bbox 737 3455 878 3540; x_wconf 78' lang='lat' dir='ltr'><strong>quaesite.</strong></span> <span class='ocrx_word' id='word_1_311' title='bbox 902 3455 967 3541; x_wconf 93' lang='lat' dir='ltr'><strong>qui,</strong></span> <span class='ocrx_word' id='word_1_312' title='bbox 987 3456 1132 3522; x_wconf 88' lang='lat' dir='ltr'><strong>tribunus</strong></span> <span class='ocrx_word' id='word_1_313' title='bbox 1153 3455 1257 3542; x_wconf 88' lang='lat' dir='ltr'><strong>plebis</strong></span> <span class='ocrx_word' id='word_1_314' title='bbox 1277 3457 1396 3538; x_wconf 77' lang='lat' dir='ltr'><strong>iterum</strong></span> 
     </span>
     <span class='ocr_line' id='line_1_39' title="bbox 332 3536 1398 3630; baseline 0.004 -22"><span class='ocrx_word' id='word_1_315' title='bbox 332 3542 404 3608; x_wconf 74' lang='lat' dir='ltr'><strong>⁶⁷ea</strong></span> <span class='ocrx_word' id='word_1_316' title='bbox 425 3536 493 3628; x_wconf 81' lang='lat' dir='ltr'><strong>ipsa</strong></span> <span class='ocrx_word' id='word_1_317' title='bbox 515 3539 736 3606; x_wconf 76' lang='lat' dir='ltr'><strong>denunciando</strong></span> <span class='ocrx_word' id='word_1_318' title='bbox 755 3540 866 3619; x_wconf 82' lang='lat' dir='ltr'><strong>fuctus,</strong></span> <span class='ocrx_word' id='word_1_319' title='bbox 881 3563 993 3628; x_wconf 89' lang='lat' dir='ltr'><strong>neque,</strong></span> <span class='ocrx_word' id='word_1_320' title='bbox 1011 3557 1047 3607; x_wconf 87' lang='lat' dir='ltr'><strong>ut</strong></span> <span class='ocrx_word' id='word_1_321' title='bbox 1061 3543 1101 3608; x_wconf 89' lang='lat' dir='ltr'><strong>de</strong></span> <span class='ocrx_word' id='word_1_322' title='bbox 1116 3545 1199 3630; x_wconf 77' lang='lat' dir='ltr'><strong>agris</strong></span> <span class='ocrx_word' id='word_1_323' title='bbox 1214 3543 1398 3618; x_wconf 80' lang='lat' dir='ltr'><strong>diuidendis</strong></span> 
     </span>
    </p>
   </div>
   <div class='ocr_carea' id='block_1_6' title="bbox 366 3695 1369 3756">
    <p class='ocr_par' dir='ltr' id='par_1_12' title="bbox 366 3695 1369 3756">
     <span class='ocr_line' id='line_1_40' title="bbox 366 3695 1369 3756; baseline -0.003 -9"><span class='ocrx_word' id='word_1_324' title='bbox 366 3697 470 3746; x_wconf 75' lang='lat' dir='ltr'><strong>&#39;colosis</strong></span> <span class='ocrx_word' id='word_1_325' title='bbox 480 3698 555 3746; x_wconf 84' lang='lat' dir='ltr'><strong>Grnn.</strong></span> <span class='ocrx_word' id='word_1_326' title='bbox 604 3699 615 3728; x_wconf 85' lang='lat'>⁸</span> <span class='ocrx_word' id='word_1_327' title='bbox 626 3697 753 3756; x_wconf 77' lang='lat' dir='ltr'><strong>insequenti</strong></span> <span class='ocrx_word' id='word_1_328' title='bbox 763 3697 837 3744; x_wconf 87' lang='lat' dir='ltr'><strong>Gron.</strong></span> <span class='ocrx_word' id='word_1_329' title='bbox 849 3695 919 3743; x_wconf 84' lang='lat' dir='ltr'><strong>Crev.</strong></span> <span class='ocrx_word' id='word_1_330' title='bbox 976 3699 984 3729; x_wconf 78' lang='lat'>¹</span> <span class='ocrx_word' id='word_1_331' title='bbox 998 3695 1092 3743; x_wconf 81' lang='lat' dir='ltr'><strong>Pettnro</strong></span> <span class='ocrx_word' id='word_1_332' title='bbox 1104 3697 1178 3744; x_wconf 80' lang='lat' dir='ltr'><strong>Gron.</strong></span> <span class='ocrx_word' id='word_1_333' title='bbox 1191 3697 1281 3744; x_wconf 73' lang='lat' dir='ltr'><strong>Pauo</strong></span> <span class='ocrx_word' id='word_1_334' title='bbox 1293 3697 1369 3746; x_wconf 75' lang='lat' dir='ltr'><strong>Cres.</strong></span> 
     </span>
    </p>
   </div>
   <div class='ocr_carea' id='block_1_7' title="bbox 333 3817 1405 4402">
    <p class='ocr_par' dir='ltr' id='par_1_13' title="bbox 334 3817 1163 3888">
     <span class='ocr_line' id='line_1_41' title="bbox 334 3817 1163 3888; baseline 0 -14"><span class='ocrx_word' id='word_1_335' title='bbox 334 3840 459 3888; x_wconf 61' lang='lat' dir='ltr'><strong>munus</strong></span> <span class='ocrx_word' id='word_1_336' title='bbox 475 3841 529 3888; x_wconf 78' lang='lat' dir='ltr'><strong>qna,</strong></span> <span class='ocrx_word' id='word_1_337' title='bbox 538 3817 662 3886; x_wconf 80' lang='lat' dir='ltr'><strong>alins&#39;qut,</strong></span> <span class='ocrx_word' id='word_1_338' title='bbox 680 3831 709 3874; x_wconf 83' lang='lat' dir='ltr'><strong>nt</strong></span> <span class='ocrx_word' id='word_1_339' title='bbox 723 3824 847 3886; x_wconf 74' lang='lat' dir='ltr'><strong>Sigonhni</strong></span> <span class='ocrx_word' id='word_1_340' title='bbox 880 3829 996 3887; x_wconf 66' lang='lat' dir='ltr'><strong>plantent</strong></span> <span class='ocrx_word' id='word_1_341' title='bbox 1008 3827 1049 3887; x_wconf 88' lang='lat' dir='ltr'><strong>qul</strong></span> <span class='ocrx_word' id='word_1_342' title='bbox 1061 3828 1163 3888; x_wconf 73' lang='lat' dir='ltr'><strong>ignoret.</strong></span> 
     </span>
    </p>

    <p class='ocr_par' dir='ltr' id='par_1_14' title="bbox 333 3890 1402 3955">
     <span class='ocr_line' id='line_1_42' title="bbox 333 3890 1402 3955; baseline -0.002 -15"><span class='ocrx_word' id='word_1_343' title='bbox 333 3892 398 3940; x_wconf 80' lang='lat' dir='ltr'><strong>libri.</strong></span> <span class='ocrx_word' id='word_1_344' title='bbox 430 3893 512 3952; x_wconf 84' lang='lat' dir='ltr'><strong>Atque</strong></span> <span class='ocrx_word' id='word_1_345' title='bbox 528 3893 574 3938; x_wconf 85' lang='lat' dir='ltr'><strong>hoe</strong></span> <span class='ocrx_word' id='word_1_346' title='bbox 588 3891 704 3938; x_wconf 80' lang='lat' dir='ltr'><strong>ultimum</strong></span> <span class='ocrx_word' id='word_1_347' title='bbox 722 3891 849 3938; x_wconf 79' lang='lat' dir='ltr'><strong>noblsele-</strong></span> <span class='ocrx_word' id='word_1_348' title='bbox 913 3891 945 3938; x_wconf 82' lang='lat' dir='ltr'><strong>dd</strong></span> <span class='ocrx_word' id='word_1_349' title='bbox 962 3891 1173 3955; x_wconf 71' lang='lat' dir='ltr'><strong>cumsanarpss]</strong></span> <span class='ocrx_word' id='word_1_350' title='bbox 1189 3890 1232 3938; x_wconf 72' lang='lat' dir='ltr'><strong>die</strong></span> <span class='ocrx_word' id='word_1_351' title='bbox 1243 3891 1338 3940; x_wconf 77' lang='lat' dir='ltr'><strong>naham</strong></span> <span class='ocrx_word' id='word_1_352' title='bbox 1354 3892 1402 3938; x_wconf 73' lang='lat' dir='ltr'><strong>cll-</strong></span> 
     </span>
    </p>

    <p class='ocr_par' dir='ltr' id='par_1_15' title="bbox 335 3955 1404 4016">
     <span class='ocr_line' id='line_1_43' title="bbox 335 3955 1404 4016; baseline 0.001 -14"><span class='ocrx_word' id='word_1_353' title='bbox 335 3957 435 4016; x_wconf 72' lang='lat' dir='ltr'><strong>gantius</strong></span> <span class='ocrx_word' id='word_1_354' title='bbox 456 3957 535 4004; x_wconf 72' lang='lat' dir='ltr'><strong>tuum</strong></span> <span class='ocrx_word' id='word_1_355' title='bbox 554 3961 601 4014; x_wconf 80' lang='lat' dir='ltr'><strong>est,</strong></span> <span class='ocrx_word' id='word_1_356' title='bbox 624 3967 700 4016; x_wconf 76' lang='lat' dir='ltr'><strong>quem</strong></span> <span class='ocrx_word' id='word_1_357' title='bbox 721 3955 848 4016; x_wconf 73' lang='lat' dir='ltr'><strong>vulgatum</strong></span> <span class='ocrx_word' id='word_1_358' title='bbox 881 3963 941 4016; x_wconf 86' lang='lat' dir='ltr'><strong>quot</strong></span> <span class='ocrx_word' id='word_1_359' title='bbox 960 3956 1043 4016; x_wconf 78' lang='lat' dir='ltr'><strong>scripti</strong></span> <span class='ocrx_word' id='word_1_360' title='bbox 1061 3970 1077 4003; x_wconf 75' lang='grc' dir='ltr'>ι</span> <span class='ocrx_word' id='word_1_361' title='bbox 1096 3956 1218 4002; x_wconf 85' lang='lat' dir='ltr'><strong>Grcrrorlc</strong></span> <span class='ocrx_word' id='word_1_362' title='bbox 1236 3956 1352 4015; x_wconf 75' lang='lat' dir='ltr'><strong>inspecti,</strong></span> <span class='ocrx_word' id='word_1_363' title='bbox 1376 3963 1404 4003; x_wconf 80' lang='lat' dir='ltr'><strong>et</strong></span> 
     </span>
    </p>

    <p class='ocr_par' dir='ltr' id='par_1_16' title="bbox 336 4019 1404 4149">
     <span class='ocr_line' id='line_1_44' title="bbox 336 4019 1288 4080; baseline 0.002 -14"><span class='ocrx_word' id='word_1_364' title='bbox 336 4021 398 4080; x_wconf 75' lang='lat' dir='ltr'><strong>qula.</strong></span> <span class='ocrx_word' id='word_1_365' title='bbox 882 4020 1058 4066; x_wconf 82' lang='lat' dir='ltr'><strong>omnesnostri.</strong></span> <span class='ocrx_word' id='word_1_366' title='bbox 1085 4019 1288 4080; x_wconf 76' lang='lat' dir='ltr'><strong>Vulgatirclonlr.</strong></span> 
     </span>
     <span class='ocr_line' id='line_1_45' title="bbox 370 4083 1404 4149; baseline 0.004 -19"><span class='ocrx_word' id='word_1_367' title='bbox 370 4083 588 4148; x_wconf 75' lang='lat' dir='ltr'><strong>dd&#39;Arrctorttale]</strong></span> <span class='ocrx_word' id='word_1_368' title='bbox 613 4083 660 4130; x_wconf 81' lang='lat' dir='ltr'><strong>Per</strong></span> <span class='ocrx_word' id='word_1_369' title='bbox 681 4083 849 4140; x_wconf 76' lang='lat' dir='ltr'><strong>reverentiam,</strong></span> <span class='ocrx_word' id='word_1_370' title='bbox 915 4084 946 4132; x_wconf 81' lang='lat' dir='ltr'><strong>ot</strong></span> <span class='ocrx_word' id='word_1_371' title='bbox 962 4083 1001 4130; x_wconf 82' lang='lat' dir='ltr'><strong>Ea</strong></span> <span class='ocrx_word' id='word_1_372' title='bbox 1017 4085 1079 4149; x_wconf 68' lang='grc' dir='ltr'><strong>ὅρια]</strong></span> <span class='ocrx_word' id='word_1_373' title='bbox 1101 4083 1140 4132; x_wconf 76' lang='lat' dir='ltr'><strong>Ee</strong></span> <span class='ocrx_word' id='word_1_374' title='bbox 1157 4097 1245 4146; x_wconf 80' lang='lat' dir='ltr'><strong>nempe</strong></span> <span class='ocrx_word' id='word_1_375' title='bbox 1264 4098 1322 4145; x_wconf 71' lang='lat' dir='ltr'><strong>que</strong></span> <span class='ocrx_word' id='word_1_376' title='bbox 1339 4098 1404 4134; x_wconf 78' lang='lat' dir='ltr'><strong>mcx</strong></span> 
     </span>
    </p>

    <p class='ocr_par' dir='ltr' id='par_1_17' title="bbox 337 4144 1404 4211">
     <span class='ocr_line' id='line_1_46' title="bbox 337 4144 1404 4211; baseline 0.005 -15"><span class='ocrx_word' id='word_1_377' title='bbox 337 4161 412 4208; x_wconf 74' lang='lat' dir='ltr'><strong>quarn</strong></span> <span class='ocrx_word' id='word_1_378' title='bbox 427 4147 449 4194; x_wconf 89' lang='lat' dir='ltr'><strong>ei</strong></span> <span class='ocrx_word' id='word_1_379' title='bbox 462 4149 592 4196; x_wconf 71' lang='lat' dir='ltr'><strong>succintus</strong></span> <span class='ocrx_word' id='word_1_380' title='bbox 608 4147 851 4210; x_wconf 73' lang='lat' dir='ltr'><strong>gravitasquecenei·</strong></span> <span class='ocrx_word' id='word_1_381' title='bbox 882 4155 1032 4195; x_wconf 78' lang='lat' dir='ltr'><strong>memoratus</strong></span> <span class='ocrx_word' id='word_1_382' title='bbox 1052 4149 1143 4196; x_wconf 74' lang='lat' dir='ltr'><strong>frustra</strong></span> <span class='ocrx_word' id='word_1_383' title='bbox 1166 4144 1291 4211; x_wconf 74' lang='lat' dir='ltr'><strong>jactasse:</strong></span> <span class='ocrx_word' id='word_1_384' title='bbox 1319 4164 1348 4198; x_wconf 76' lang='lat' dir='ltr'><strong>sc</strong></span> <span class='ocrx_word' id='word_1_385' title='bbox 1371 4151 1404 4201; x_wconf 78' lang='lat' dir='ltr'><strong>d·</strong></span> 
     </span>
    </p>

    <p class='ocr_par' dir='ltr' id='par_1_18' title="bbox 338 4211 1405 4338">
     <span class='ocr_line' id='line_1_47' title="bbox 338 4211 1405 4274; baseline 0.001 -16"><span class='ocrx_word' id='word_1_386' title='bbox 338 4211 483 4260; x_wconf 76' lang='lat' dir='ltr'><strong>liubanvid.</strong></span> <span class='ocrx_word' id='word_1_387' title='bbox 496 4212 593 4260; x_wconf 60' lang='lat' dir='ltr'><strong>nond&amp;</strong></span> <span class='ocrx_word' id='word_1_388' title='bbox 606 4211 699 4260; x_wconf 75' lang='lat' dir='ltr'><strong>suut.</strong></span> <span class='ocrx_word' id='word_1_389' title='bbox 882 4225 996 4274; x_wconf 71' lang='lat' dir='ltr'><strong>agrorum</strong></span> <span class='ocrx_word' id='word_1_390' title='bbox 1015 4212 1132 4261; x_wconf 64' lang='lat' dir='ltr'><strong>&amp;risione</strong></span> <span class='ocrx_word' id='word_1_391' title='bbox 1150 4219 1176 4260; x_wconf 78' lang='lat' dir='ltr'><strong>et</strong></span> <span class='ocrx_word' id='word_1_392' title='bbox 1194 4215 1225 4260; x_wconf 77' lang='lat' dir='ltr'><strong>de</strong></span> <span class='ocrx_word' id='word_1_393' title='bbox 1243 4215 1405 4273; x_wconf 67' lang='lat' dir='ltr'><strong>trffimoxnn</strong></span> 
     </span>
     <span class='ocr_line' id='line_1_48' title="bbox 371 4271 1266 4338; baseline 0.008 -17"><span class='ocrx_word' id='word_1_394' title='bbox 371 4275 403 4321; x_wconf 76' lang='lat' dir='ltr'><strong>du</strong></span> <span class='ocrx_word' id='word_1_395' title='bbox 420 4275 574 4338; x_wconf 78' lang='lat' dir='ltr'><strong>Rutulorum]</strong></span> <span class='ocrx_word' id='word_1_396' title='bbox 597 4277 749 4326; x_wconf 70' lang='lat' dir='ltr'><strong>Audendum.</strong></span> <span class='ocrx_word' id='word_1_397' title='bbox 771 4277 852 4326; x_wconf 67' lang='lat' dir='ltr'><strong>mdes</strong></span> <span class='ocrx_word' id='word_1_398' title='bbox 882 4271 1138 4330; x_wconf 72' lang='lat' dir='ltr'><strong>mulnuunreomitiu</strong></span> <span class='ocrx_word' id='word_1_399' title='bbox 1146 4285 1266 4328; x_wconf 68' lang='lat' dir='ltr'><strong>notumne.</strong></span> 
     </span>
    </p>

    <p class='ocr_par' dir='ltr' id='par_1_19' title="bbox 339 4340 851 4402">
     <span class='ocr_line' id='line_1_49' title="bbox 339 4340 851 4402; baseline 0.004 -14"><span class='ocrx_word' id='word_1_400' title='bbox 339 4340 405 4388; x_wconf 81' lang='lat' dir='ltr'><strong>eninr</strong></span> <span class='ocrx_word' id='word_1_401' title='bbox 430 4341 575 4390; x_wconf 74' lang='lat' dir='ltr'><strong>Rutulorum</strong></span> <span class='ocrx_word' id='word_1_402' title='bbox 600 4345 665 4388; x_wconf 75' lang='lat' dir='ltr'><strong>nats</strong></span> <span class='ocrx_word' id='word_1_403' title='bbox 691 4343 756 4402; x_wconf 83' lang='lat' dir='ltr'><strong>qued</strong></span> <span class='ocrx_word' id='word_1_404' title='bbox 780 4354 851 4390; x_wconf 77' lang='lat' dir='ltr'><strong>neme</strong></span> 
     </span>
    </p>
   </div>
   <div class='ocr_carea' id='block_1_8' title="bbox 0 0 1521 4908">
    <p class='ocr_par' dir='ltr' id='par_1_20' title="bbox 0 0 1521 4908">
     <span class='ocr_line' id='line_1_50' title="bbox 0 0 1521 4908; baseline 0 0"><span class='ocrx_word' id='word_1_405' title='bbox 0 0 1521 4908; x_wconf 95' lang='lat' dir='ltr'><strong> </strong></span> 
     </span>
    </p>
   </div>
  </div>
 </body>
</html>
