3032 4924
470 184 565 242 Lis.
593 181 645 244 v1.
672 171 777 245 cni.
804 183 868 245 xp.
1146 195 1200 262 391

148 341 291 426 gationes
295 345 627 428 promulgataetmm
636 345 931 414 omnemtribnnioiae
936 347 1108 429 potestatis.
1132 348 1352 424 Primam,

151 449 200 494 mo
209 430 425 494 intercessione
435 433 615 516 collegamn
627 433 661 494 in
672 433 752 515 leges
761 454 832 496 suos
841 443 1012 518 pugnatun
1026 454 1106 500 esse:
1123 435 1210 498 dein·
1218 439 1248 486 s,
1258 439 1285 486 ὓ
1297 439 1353 488 8⁶⁵·

150 517 189 578 de
200 515 572 600 ablegationejuoentntis
582 519 626 580 ael
641 518 822 582 Veliternum
836 519 963 584 bellum.-
982 529 1134 604 postremo
1145 522 1210 586 dic·

150 602 425 686 interiumfidmen
440 605 472 666 in
488 625 519 668 se
532 605 724 668 intentatum.
768 605 840 669 dam
855 627 909 670 nec
924 608 1064 690 collegas,
1080 627 1135 682 nec
1148 607 1209 671 bel-

149 688 220 762 lum,
241 710 298 751 nec
320 691 499 753 dictatorem
522 689 661 766 cistam
684 692 797 774 quippe
810 693 865 776 qui
878 693 970 756 etiam
984 713 1069 756 nmen
1088 693 1210 775 plebeio

149 776 275 850 consuli,
291 777 439 859 magistro
453 778 584 859 equitum
605 797 641 839 ec
656 777 747 858 plebe
760 779 896 854 dicendm
913 779 1042 842 dederit.
1064 800 1096 844 se
1111 781 1208 862 ipsam

143 860 262 942 pnhon
277 869 308 924 et
321 864 473 925 commodo
488 865 604 926 morari
616 885 681 926 sna.
729 863 870 928 Liberam
887 863 988 928 urlrern
1009 886 1047 928 aa
1055 864 1165 949 sorum
1187 889 1208 930 a

148 947 361 1023 meditoribns,
376 948 487 1012 liberos
496 969 588 1034 agros
598 949 638 1012 ab
649 943 772 1032 injustis
781 949 999 1032 possessor-ime
1010 953 1168 1035 extemplo,
1180 955 1209 1016 si

146 1033 231 1110 uelit,
247 1033 361 1098 nabere
381 1055 480 1116 posse.
527 1033 604 1112 Quo
617 1057 741 1098 nmeera
756 1039 878 1118 qnando
891 1038 1013 1100 tandem
1027 1039 1104 1102 satis
1114 1049 1210 1122 grato

149 1121 254 1182 animo
267 1120 480 1198 aslimutmns,
495 1124 532 1196 si,
549 1124 631 1185 inter
644 1123 840 1204 acecpiendas
853 1125 891 1186 de
904 1124 966 1186 suis
979 1125 1139 1188 commodis
1155 1147 1207 1188 ro·

146 1208 298 1290 gationcs,
313 1227 394 1290 spem
405 1207 531 1271 lrnnmie
544 1207 693 1272 latoribus
706 1229 809 1271 earum
821 1210 987 1272 incidant?
1003 1230 1065 1274 nan
1076 1231 1208 1276 esseno-

148 1287 375 1376 destiaepopnli
386 1293 522 1356 Romani
532 1294 568 1356 iel
570 1295 741 1376 postulare,
752 1304 786 1358 ut
797 1295 862 1377 ipse
858 1295 987 1378 fanore
996 1297 1120 1372 levetur,
1132 1307 1162 1360 et
1174 1299 1208 1360 in

148 1399 256 1462 agnem
277 1377 397 1462 injurio
410 1399 577 1462 possessum
591 1402 611 1441 a
620 1380 795 1463 potentibus
810 1382 988 1453 indnuntur,-
1008 1403 1069 1463 per
1082 1403 1156 1465 quos
1170 1405 1208 1448 ea

147 1475 319 1530 censendus
340 1468 392 1542 sit,
407 1487 492 1530 senes
514 1465 693 1530 tribunicios
709 1487 770 1528 non
793 1469 859 1530 sine
880 1469 994 1530 honoro
1012 1474 1140 1544 tantum,
1155 1472 1210 1534 sed

148 1553 241 1616 etiam
252 1554 320 1616 sine
329 1571 383 1634 spe
392 1553 528 1631 honoris,
543 1554 707 1635 relinquat.
743 1553 885 1616 Proinde
894 1555 957 1636 ipsi
964 1555 1099 1636 primoum
1110 1564 1208 1618 statu·

148 1641 330 1720 ererrtapud
339 1639 466 1714 animos,
482 1638 558 1722 quid
567 1639 823 1703 nellentsdeinde
831 1641 963 1704 comitiis
971 1639 1146 1705 tribuniciis
1156 1643 1208 1706 ele-

148 1727 306 1788 clararent
319 1725 514 1789 mluntamn.
559 1727 595 1788 Si
608 1723 788 1808 conjunctim
798 1725 890 1809 ferri
902 1727 942 1789 ob
955 1749 987 1790 se
995 1729 1208 1812 promulgatas

148 1811 325 1894 rogationes
338 1811 457 1888 uellent,
474 1833 546 1892 esse,
561 1814 641 1895 quod
651 1813 765 1876 eosdem
775 1814 931 1894 reficerent
941 1813 1078 1877 tribunos
1087 1815 1207 1896 plebis.-

143 1899 322 1979 pmloturos
335 1898 426 1974 enim,
441 1919 510 1981 quor
519 1899 789 1982 promulgaverint.
804 1900 864 1975 sin,
880 1901 961 1982 quod
973 1902 1080 1983 cuique
1095 1903 1207 1982 priua-

148 1984 203 2046 tim
222 2005 298 2066 epus
311 1985 363 2060 sit,
381 1985 416 2046 id
428 1986 515 2046 modo
528 1985 630 2066 accipi
641 1986 757 2055 velinn-
781 2005 856 2066 opus
875 2007 937 2050 esse
955 1986 1208 2051 nilil'inoidiosa

55 2108 59 2123 ·
146 2072 380 2134 continuatione
400 2071 539 2142 lionoris·
564 2091 619 2134 nec
639 2091 672 2134 se
694 2070 890 2147 tribunatum,
907 2093 961 2135 nec
987 2073 1056 2135 illos
1078 2095 1125 2148 ea,
1142 2093 1209 2156 qua

143 2157 343 2240 pronedgotn
357 2158 430 2232 sint,
446 2157 614 2220 habituros.

193 2239 271 2306 XL.
296 2241 459 2306 Adversus
485 2259 550 2306 tem
580 2243 768 2306 obstinatum
799 2241 975 2306 orationem
1006 2241 1208 2306 tribunorum

149 2349 260 2413 quum,
277 2349 345 2414 prae
361 2326 551 2414 indignitate
566 2349 684 2406 rerum,
698 2341 809 2410 stupor
823 2325 1043 2413 silentiumque
1067 2328 1141 2392 inde
1158 2351 1208 2393 ce·

149 2427 232 2478 ieros
257 2413 585 2490 Pntrumdclixisse13
609 2418 673 2498 Ap.
695 2413 846 2478 Claudius
869 2414 1011 2489 Crassus,
1034 2435 1131 2498 nepos
1153 2415 1339 2480 denovmus

149 2501 289 2578 cnmviri,
305 2501 420 2566 dicitur
435 2501 512 2565 odio
525 2499 758 2586 insigniusque,
774 2503 869 2585 qunin
887 2521 952 2585 spe,
968 2499 1007 2562 ad
1024 2495 1316 2606 dissuaden-ffiii’i·

148 2587 226 2652 dsrm
248 2587 451 2674 processisse,
474 2601 505 2652 et
526 2587 650 2651 locutus
672 2587 703 2649 in
726 2586 808 2650 hanc
830 2584 895 2650 fere
915 2585 1101 2650 sententiam
1124 2609 1300 2670 cssezom

151 2675 257 2760 Neque
279 2695 397 2751 nomsm,
413 2695 509 2758 neque
530 2676 721 2758 inopinatum
743 2673 819 2735 milri
839 2675 890 2748 sit,
911 2672 1059 2748 Quirites,
1075 2675 1113 2750 si,
1129 2677 1211 2758 quod

148 2782 237 2826 nnnrn
240 2762 385 2846 familia
395 2770 631 2844 nastroesemper
641 2758 783 2842 nlp'ectnm
797 2769 842 2822 est
852 2759 891 2822 ab
901 2760 1054 2824 seditiosis
1066 2761 1209 2839 tribunis,

148 2850 183 2910 id
196 2869 277 2911 nnnc
290 2869 349 2932 ego
362 2867 479 2932 quoque
492 2849 632 2910 andium.-
657 2847 797 2910 Claudia
807 2844 970 2930 gentijam
983 2847 1055 2909 indo
1065 2847 1105 2909 alr
1117 2849 1211 2912 initio

147 2937 195 2997 nil
216 2935 377 3017 mstiqnius
402 2935 436 2996 in
459 2933 614 3015 republica
632 2934 762 2996 Potrum
785 2931 942 3016 majestate
948 2932 1070 3017 suisse,·
1094 2955 1211 3018 semper
1299 2977 1305 2984 -

145 3022 244 3102 plebis
253 3021 413 3084 commodis
423 3021 600 3084 adversatos
609 3041 680 3083 esse.
701 3018 1208 3106 Quounaneronfflnequemgo,

147 3127 242 3191 neque
257 3108 379 3191 inficias
393 3127 429 3169 eo
437 3105 453 3182 ¹,
469 3127 532 3182 nos,
549 3127 587 3168 ec
601 3125 659 3188 qnia
673 3107 785 3169 adsciti
799 3127 897 3169 sumsrs
910 3107 1000 3170 simul
1011 3108 1043 3168 in
1055 3109 1210 3172 ciuitatem

148 3205 176 3256 et
192 3195 317 3269 Patres,
333 3195 423 3256 enine
433 3213 554 3273 operam
569 3192 695 3266 dedisse,
712 3201 746 3253 ut
755 3213 816 3274 per
827 3213 880 3256 nos
891 3202 982 3256 auctu
992 3196 1108 3275 potius,
1120 3215 1209 3277 quom

149 3281 312 3356 inminuta,
318 3277 460 3362 majestas
468 3299 571 3341 earum
583 3277 755 3360 elgentium,
763 3279 925 3360 interquos
933 3299 1054 3342 noscsse
1062 3281 1209 3354 noluistis,

148 3368 210 3430 diei
224 3389 294 3430 uere
301 3375 415 3448 posset.
447 3365 536 3428 Illud
549 3365 677 3426 ultonem
687 3384 749 3444 pro
764 3384 810 3424 me
823 3361 1045 3446 majoribusque
1055 3366 1128 3428 neeis
1139 3386 1210 3427 con·

387 3496 396 3536 ¹
411 3519 456 3552 non
467 3519 509 3566 ego
520 3516 565 3550 non
575 3505 644 3550 cenni
657 3503 751 3552 Claudii
762 3502 894 3562 inficiamur
904 3503 974 3549 Cres.

148 3639 202 3684 nius
219 3639 245 3684 in
265 3643 323 3682 nntn
341 3637 370 3682 nd
391 3638 456 3683 hunc
467 3637 547 3682 locum
559 3637 663 3680 ufflrmnt
696 3635 822 3695 geminant
843 3645 919 3692 neque.
961 3631 1044 3692 Vulgo
1064 3633 1122 3678 editi
1146 3645 1210 3681 nunc

150 3701 219 3749 MSS.
231 3708 362 3748 etvetescs
381 3703 458 3746 editos
477 3700 588 3760 precinere
604 3699 663 3759 pult-
696 3699 873 3757 habentemque
894 3710 946 3755 ego,
968 3710 1038 3756 neque
1059 3699 1148 3758 inpetus
1169 3711 1210 3742 eo.-

148 3767 198 3812 lieo.
232 3767 279 3813 Sed
287 3765 466 3812 Therunsmcod.
479 3773 558 3810 serunt
567 3763 662 3824 publice.
696 3763 761 3822 quod
793 3763 862 3808 nobis
897 3761 1021 3806 inficetum
1053 3762 1132 3806 visum
1166 3767 1210 3806 est.

151 3831 181 3876 Et
199 3832 225 3878 id
244 3831 351 3891 postulat
363 3829 597 3876 entichescosrntins
614 3841 663 3872 mu·
696 3827 779 3879 Quum
796 3827 862 3871 enirn
880 3827 928 3871 dno
945 3825 998 3871 baec
1015 3825 1093 3870 verbm
1102 3821 1211 3885 ejusdem

147 3897 210 3941 tineo
229 3895 344 3956 privatim
361 3894 472 3953 periculo,
487 3893 549 3938 rrnllo
568 3892 663 3952 publice
696 3891 745 3936 sint
765 3891 835 3950 plene
857 3903 951 3946 sensus,
974 3901 1021 3933 non
1044 3895 1145 3947 possunt
1166 3888 1211 3934 sibi

147 3959 304 4006 entolumento.
697 3955 800 4000 invicem
821 3954 889 4013 qussi
911 3953 1070 4000 exadversum
1092 3953 1211 3998 collocari.

179 4025 213 4070 60
229 4023 288 4071 Non
306 4036 358 4083 ego,
370 4035 413 4066 nen
433 4022 502 4068 celeri
514 4021 607 4068 Claudii
625 4021 663 4064 in·
696 4019 747 4065 teci
768 4017 904 4062 Gronovius
921 4017 1020 4074 propius
1039 4017 1068 4061 ud
1087 4017 1212 4076 vulgatam

141 4085 264 4148 ficiuntur]
283 4085 459 4132 Revocavimus
478 4093 584 4132 veterem
602 4088 664 4132 hanc
697 4083 826 4129 lectionem
839 4082 967 4128 emendate
986 4093 1118 4140 ncqueogu,
1129 4082 1153 4126 id
1165 4089 1212 4137 cst,

148 4145 287 4207 lectionem,
306 4163 381 4210 quam
404 4152 520 4208 expressit
545 4151 663 4200 Andreas,
698 4161 728 4192 ne
743 4159 788 4204 ego
800 4146 908 4216 quidem.
921 4145 1009 4204 infilius
1024 4159 1058 4191 eo.
1092 4145 1214 4204 Favetque

148 4217 295 4263 assentiente
304 4229 375 4261 since
387 4215 457 4262 MS&
467 4215 576 4261 Hecrnii.
595 4215 667 4260 Cam·
699 4208 752 4271 ejus
763 4219 909 4270 conjectures
922 4210 1020 4254 sorbon.
1034 4211 1117 4264 codex,
1129 4211 1154 4254 in
1166 4222 1215 4268 spuo

150 4293 226 4338 pnnm
237 4292 343 4340 qnoque,
356 4287 380 4325 ct
399 4293 461 4326 unus
479 4295 492 4325 e
510 4279 581 4338 regiis
598 4277 666 4324 codd.
700 4277 789 4334 legitur
800 4288 869 4333 nerpn
879 4287 931 4334 ego.
944 4287 1013 4332 stepen
1025 4275 1113 4335 inficias
1123 4287 1156 4321 co.

150 4345 351 4399 cenomannum
367 4345 431 4404 quod
449 4357 493 4404 pro
511 4344 601 4404 duplici
624 4356 666 4386 non
733 4339 761 4384 61
772 4339 917 4402 'llonciunrl
936 4337 993 4384 Vid.
1006 4347 1055 4384 nni.
1066 4340 1088 4385 2.
1098 4341 1128 4384 sd
1138 4339 1213 4387 nu.

739 4411 825 4466 cc4
