3056 4928
340 177 399 231 tao
729 164 843 226 'l'lTl
870 159 1005 226 Ltvn

183 355 213 404 u.
223 351 251 402 a.
261 339 316 402 tie,
340 309 489 396 bellatum
504 341 560 407 est,
577 323 732 413 dicentur.
753 345 943 415 namqueen
957 345 1040 394 anno
1058 327 1206 394 adsersus
1222 321 1389 402 samnius,

182 419 317 470 ΝΜ)-
381 431 465 482 ntem
488 417 600 502 opibus
623 417 780 503 armisque
794 413 1042 490 validum'mota
1059 433 1158 480 arma.
1204 407 1389 477 Samniu‘um

381 504 469 580 llum,
492 503 620 588 ancipiti
646 501 753 568 Marte
772 517 904 589 gestum,
930 501 1071 588 Pyrrhus
1099 500 1206 575 hostis,
1233 494 1392 583 Pyrrhum

344 590 436 655 Poeni
465 591 573 654 secuti.
629 588 760 665 Quanta
789 611 892 652 rerum
922 587 1042 652 moles?
1078 587 1199 674 quoties
1227 584 1259 647 in
1289 595 1392 646 extre-

342 694 394 740 ma
416 675 628 762 periculorum
649 691 787 753 rentum,
813 687 847 738 ut
870 675 901 738 in
927 674 1010 739 hanc
1034 671 1296 758 magnitudinem,
1320 689 1392 755 quaa

342 762 397 826 vix
421 762 599 839 sustinetur,
615 763 693 848 erigi
718 763 884 846 imperium
908 759 1035 846 posset?
1065 759 1145 825 Belli
1164 772 1268 824 autem
1284 777 1396 840 caussa

184 848 310 926 samnitia
342 871 414 914 cum
447 849 650 925 Samnitibus,
682 848 845 924 Romanis,
865 869 973 933 vqaam
1010 847 1159 912 societate
1194 842 1394 928 amicitiaque

183 915 318 974 “unm
338 934 441 1020 juncti
476 949 587 1011 asena
624 936 818 999 extrinsecus
855 935 954 1009 venit3
985 955 1047 996 non
1086 946 1157 996 orta
1191 931 1274 994 inter
1309 929 1394 1012 ipsos

342 1035 399 1086 est.
454 1019 609 1085 Samnites
637 1021 783 1087 Sidicinis
813 1022 925 1106 injusta
954 1041 1050 1098 arma,
1076 1021 1150 1105 quia
1175 1015 1295 1080 viribus
1324 1015 1395 1099 plus

341 1119 497 1192 poterant,
513 1129 611 1194 quarn
636 1108 821 1182 intulissent,
843 1106 945 1170 coacti
966 1107 1074 1189 inopes
1099 1106 1137 1168 ad
1158 1102 1393 1188 opulentiorum

343 1193 497 1258 auxilium
513 1193 692 1278 confugere,
717 1194 887 1278 Campanis
905 1214 973 1256 sese
984 1193 1191 1278 conjungunt.
1237 1188 1394 1273 Campani

344 1281 444 1368 magia
462 1299 579 1343 nomen
603 1282 642 1343 ati
669 1281 849 1364 praesidium
874 1279 1041 1356 sociorum,
1066 1297 1159 1364 quam
1182 1277 1272 1351 vires,
1296 1295 1395 1360 quum

344 1365 539 1442 adtulissent,
554 1366 686 1430 fluentas
701 1365 783 1430 luxu
797 1365 1214 1454 obduratisusuarmorum
1230 1362 1263 1425 itt
1281 1361 1396 1427 Sidici-

345 1475 388 1516 no
411 1452 492 1538 pulsi
513 1473 602 1535 agro,
617 1453 650 1516 in
665 1452 828 1518 sedeinde
851 1451 964 1515 molem
986 1469 1112 1516 omnem
1133 1449 1208 1514 belli
1224 1461 1396 1512 verterant.

345 1559 482 1625 namque
503 1539 667 1618 Samnites,
684 1539 805 1604 omissis
826 1537 984 1615 Sidicinis,
1006 1539 1104 1623 ipsam
1126 1553 1231 1600 arcem
1245 1534 1397 1599 finitimo·

347 1647 415 1690 rum
440 1625 620 1710 Campanos
642 1625 766 1702 adorti,·
779 1625 862 1689 unda
880 1647 973 1710 mque
993 1623 1091 1688 facilis
1114 1621 1253 1701 victoria,
1277 1619 1398 1706 praedae

345 1725 439 1798 atqua
462 1711 572 1798 gloriae
596 1711 667 1796 plus
688 1725 777 1788 esset,
794 1711 910 1786 Tifata,
936 1710 1126 1774 inminentes
1144 1709 1267 1793 qumae
1289 1703 1396 1784 colles,

346 1817 443 1884 quum
460 1797 609 1882 praesidio
621 1797 717 1860 firmo
728 1811 943 1884 occupassent,
958 1797 1152 1861 descendant
1166 1795 1239 1859 inde
1260 1791 1397 1882 quadra·
1464 1857 1468 1862 .

347 1899 381 1947 to
395 1883 521 1968 agmine
536 1884 566 1946 in
583 1883 757 1968 planitiem,
778 1907 851 1969 quae
871 1884 1012 1968 Capuam
1035 1883 1205 1968 Tifataque
1223 1883 1397 1967 interjacet.

346 1969 389 2032 ibi
422 1989 527 2034 rursus
556 1971 621 2033 acie
650 1971 848 2034 dimicatum:
877 1971 1071 2056 adversoque
1098 1969 1210 2054 proelio
1241 1968 1406 2050 Campani*

346 2057 430 2120 intra
445 2057 562 2120 moenia
574 2057 740 2142 compulsi,
755 2076 864 2144 qaum,
881 2055 997 2122 robore
1013 2057 1185 2142 juventutis
1199 2069 1267 2118 ante
1280 2053 1418 2138 adnisos

345 2141 442 2293 mul·
458 2143 636 2229 propinqua
657 2163 726 2228 spes
745 2156 840 2225 esset,
856 2144 958 2208 coacti
980 2145 1106 2207 suntab
1123 2141 1276 2207 Romanis
1290 2155 1401 2228 petere

345 2249 508 2294 auxarum.
911 2261 929 2278 -v
958 2271 960 2276 .
1031 2259 1049 2296 ·,
1188 2259 1191 2266 ·

188 2319 332 2380 campania
390 2315 509 2381 XXX.
533 2315 657 2402 Legati,
678 2315 849 2382 introducti
873 2317 1071 2380 insanarum
1097 2315 1234 2378 maxime
1256 2315 1289 2378 in
1318 2315 1401 2378 hanc

187 2384 334 2497 ffiffi
347 2401 532 2467 sententiam
557 2403 655 2467 locuti
678 2417 768 2467 sunt:
792 2405 930 2486 Popabas
951 2404 1193 2484 nos·Campanus
1218 2402 1405 2486 iegntaa'od·

187 2515 249 2561 uum
259 2527 300 2576 pe-
348 2511 410 2566 nos,
425 2491 536 2554 Patres
546 2491 709 2572 oomenpn',
719 2491 798 2554 misit
803 2489 999 2562 ‚··nmacuinm
1014 2491 1239 2571 inperpetuum,
1253 2488 1402 2552 aemilium

186 2585 250 2626 rana
344 2595 476 2659 praesens
488 2597 507 2639 o
517 2578 597 2640 uobis
610 2576 742 2657 petitum.
758 2577 890 2660 quamsi
909 2576 1047 2639 secundm
1058 2577 1144 2639 rebus
1158 2575 1265 2638 nastris
1277 2575 1403 2656 petiere-

348 2683 423 2739 mus,
438 2663 514 2726 sicut
527 2673 624 2744 empto
633 2663 768 2742 celerias,
784 2663 827 2725 ito
841 2662 1003 2742 infirmiore
1014 2661 1127 2725 mastalo
1140 2671 1295 2724 moneta
1316 2671 1401 2724 esset.

348 2760 415 2813 mne
425 2749 511 2825 enim,
527 2759 562 2811 at
575 2750 629 2832 qui
642 2770 683 2812 eto
698 2769 777 2832 nmio
791 2767 845 2811 noe
859 2749 972 2814 vennae
985 2749 1014 2811 in
1034 2748 1200 2812 amicitiam
1218 2747 1402 2810 meminisse·

348 2855 425 2915 maa,
437 2832 665 2914 amieiforritan
673 2835 788 2916 puriter
802 2855 841 2898 oc
853 2857 938 2912 nunu
954 2831 1075 2918 mby'ecti
1088 2844 1179 2918 atque
1187 2833 1310 2898 obnoxii
1322 2834 1403 2898 vobis

347 2921 444 2984 mimis
468 2939 606 2984 essenus.
635 2941 721 2994 nnnc,
740 2921 938 2985 munbmdia
959 2931 1058 2985 nestro
1086 2919 1402 2995 meminissemus»

278 3043 282 3048 -
347 3006 446 3091 qraein
460 3005 557 3068 dubiis
580 3007 666 3070 rebus
691 3003 814 3086 defensi,
830 3005 1000 3087 bmqicittm
1021 3027 1133 3092 quaque
1146 3017 1298 3088 acceptam
1319 3008 1404 3071 cola·

240 3117 251 3140 ι
348 3112 426 3167 mars,
438 3101 551 3173 oportet
557 3127 569 3164 ,·
593 3113 631 3155 rte
643 3092 759 3176 ingrati
769 3103 860 3178 utque
874 3094 954 3157 omni
967 3115 1023 3174 ope
1037 3093 1136 3157 distinet
1151 3093 1344 3178 lurmanaque
1357 3095 1403 3158 in-

348 3175 434 3262 digni
446 3178 609 3243 uideamur.
644 3177 760 3263 Neque,
776 3179 920 3255 Hercule,
934 3181 1012 3264 quod
1023 3181 1171 3245 Samnites
1182 3180 1297 3261 priores
1312 3179 1405 3242 amici

347 3263 475 3348 sociique
487 3263 568 3328 uobis
575 3263 658 3344 sacti
670 3275 749 3342 sunt,
769 3269 811 3329 acl
823 3267 855 3330 id
876 3266 975 3330 nalem
989 3267 1128 3342 arbitror,
1144 3287 1181 3328 ne
1201 3286 1255 3329 noa
1274 3268 1306 3328 in
1326 3267 1404 3328 cmi·

348 3350 453 3414 citiam
464 3351 660 3433 cremamur.-
680 3353 734 3416 aed
747 3361 779 3414 nt
793 3362 940 3416 aeternare
953 3361 984 3436 et
997 3354 1100 3438 gradu
1115 3353 1230 3416 macris
1244 3371 1300 3416 nos
1321 3373 1402 3434 prae·

348 3445 437 3500 stent.
459 3434 554 3520 n'eque
578 3437 654 3501 oum
668 3433 789 3518 soedere
801 3439 986 3515 Samnitium,
1002 3461 1040 3502 ne
1060 3459 1120 3522 quc
1139 3459 1217 3502 nonu
1232 3437 1406 3524 jungeretis

340 3521 473 3604 sedeo,
488 3533 609 3600 cautum
628 3533 682 3587 est.
725 3525 798 3588 etate
809 3525 928 3610 quidem
942 3527 1024 3608 apud
1037 3546 1090 3590 uos
1103 3545 1217 3605 semper
1230 3525 1404 3608 sctisjasto

349 3611 615 3689 causacumiciticc,
628 3609 703 3674 aelle
713 3611 876 3675 camundis
891 3611 1022 3676 anticam
1031 3633 1102 3688 esse,
1113 3611 1166 3695 qui
1173 3633 1224 3674 nos
1229 3609 1400 3694 adpeteret.

352 3695 510 3778 Campani,
526 3697 581 3760 etri
594 3693 726 3777 fortuna
747 3717 878 3778 praterea
897 3697 1058 3783 mogm'fiee
1083 3698 1161 3781 loqui
1182 3699 1328 3778 probibet,
1344 3719 1405 3762 non

348 3783 430 3846 urbis
444 3782 727 3864 amplitudine,·non
746 3783 818 3869 agri
837 3784 981 3861 ubertate,
998 3785 1052 3848 ulli
1067 3783 1193 3866 populo¹
1201 3794 1404 3872 preterquam

347 3867 434 3933 nabis
457 3869 600 3945 cederttea,
615 3869 697 3934 baud
717 3890 815 3952 porca
838 3873 884 3953 (nt
905 3871 1047 3948 arbitror)
1063 3871 1191 3935 aeremia
1213 3871 1296 3936 bortis
1317 3874 1405 3938 rebus

348 3954 453 4018 matria
465 3955 497 4018 in
511 3955 965 4021 amititicmveninmsaestrem.
1003 3957 1115 4042 AEqrris
1132 3957 1307 4042 Volscisque,
1317 3966 1404 4022 aeter-

349 4039 395 4102 nis
410 4041 539 4106 hostibus
558 4039 645 4126 bajus
665 4043 756 4119 urbis,
773 4044 1018 4129 quandocumque
1037 4063 1069 4107 se
1091 4044 1243 4122 nemerim,
1258 4043 1300 4108 ob
1319 4055 1404 4132 tergo

349 4125 476 4190 erimus:
500 4137 539 4203 et,
555 4129 635 4212 quod
648 4151 701 4194 uer
711 4151 768 4212 pra
781 4129 880 4193 salute
894 4139 995 4196 nmtra
1013 4128 1280 4212 prioreaseceritis,
1295 4130 1331 4196 id
1351 4152 1405 4194 noe

761 4313 770 4352 ¹
776 4322 857 4382 popuii
865 4315 989 4370 eill'ciev.
