3056 4928
379 197 437 252 434
775 189 885 250 ΤΙΤΙ
916 189 1050 248 LIVII
1139 223 1154 236 ›·

220 368 250 420 u.
262 369 289 416 a.
301 369 357 418 tlt.
380 374 446 416 rum
462 353 642 416 militariam
658 373 782 434 erpera-
800 373 841 414 an
854 353 907 436 qui
921 363 950 416 et
965 355 1030 435 ipse
1044 353 1106 416 tela
1119 361 1259 428 tractare,
1271 352 1416 432 procedere

219 433 249 480 Δ·
261 433 289 481 ⁰·
300 433 355 482 ³4⁰·
381 449 454 502 ante
468 441 569 522 signa,
586 441 704 502 uersari
717 439 817 502 media
838 440 871 501 in
893 441 970 502 mole
986 459 1103 523 prugum
1115 439 1201 501 sciat.
1243 439 1336 501 Foeta
1349 459 1416 512 mea,

381 546 441 586 non
457 527 550 600 dicta,
567 547 627 599 uos,
643 526 763 600 milites,
780 525 893 610 inquit,
904 527 991 608 sequi
1004 527 1089 596 uolo‚·
1106 525 1354 606 necdisciplinam
1364 543 1418 584 mo·

381 613 429 686 ela,
445 613 499 674 sed
512 613 673 694 exemplum
688 613 790 686 etiam,
807 633 827 673 a
838 633 883 675 mc
895 621 1008 693 petere,
1029 609 1056 648 ⁶²
1068 609 1330 694 Nonfeectionibus
1342 611 1419 670 modo

381 717 435 758 nec
452 718 513 778 per
527 699 671 760 coitiones
684 699 816 760 usitatas
832 697 991 775 nubilibus,
1006 698 1060 760 scd
1072 697 1129 760 lrac
1144 699 1261 773 deutra,
1275 695 1347 758 mibi
1366 705 1420 757 tres

380 785 551 846 consulebas
573 805 771 866 summamque
793 783 911 846 laudem
929 785 1050 864 peperi.
1095 783 1179 856 Fuit,
1196 803 1280 865 quum
1301 783 1352 843 boe
1365 782 1421 842 dici

375 878 521 950 poterat:
545 871 703 932 Patricius
719 872 797 932 enim
813 891 893 946 eras,
909 878 938 931 et
949 891 968 930 a
980 868 1194 931 liberatoribus
1203 869 1316 949 patria
1330 876 1418 929 omas:

381 963 420 1031 et,
437 957 536 1016 eodem
548 947 767 1037 annosamilia
779 957 839 1018 ista
851 956 1044 1029 consitutum,
1062 977 1120 1038 qno
1128 953 1197 1018 urbs
1207 956 1269 1016 bac
1277 953 1419 1027 consulem,

381 1041 498 1103 babuit.
535 1041 623 1102 Nunc
626 1040 697 1122 jam
713 1041 798 1104 nobis
808 1040 957 1104 Patribus
967 1041 1107 1123 uobisque
1119 1041 1244 1119 plebeiis
1248 1041 1421 1122 peonnam

381 1128 551 1190 consulatus
556 1137 647 1208 patet
653 1163 663 1198 ,·
677 1149 731 1190 nec
738 1129 870 1210 generis,
883 1135 917 1188 at
928 1136 1009 1202 ante,
1020 1129 1073 1190 sed
1082 1129 1205 1190 uirtutis
1216 1135 1258 1189 cst
1266 1126 1419 1208 prumiam.

375 1214 511 1294 proinde
524 1233 664 1276 mmmum
676 1215 813 1296 qnodque
822 1222 963 1294 meelate,
976 1213 1098 1292 milites,
1109 1215 1204 1276 decus.
1232 1213 1309 1287 Non,
1321 1211 1422 1274 simili

381 1319 487 1362 noram
502 1300 557 1361 boc
575 1299 668 1362 Corui
680 1321 839 1381 cognomen
856 1300 933 1361 Diis
951 1299 1123 1362 auctoribus
1145 1301 1277 1363 homines
1298 1299 1419 1370 dedistis,

380 1386 610 1449 Publicolarum
626 1386 914 1467 vetustnmsomiliee
928 1394 1040 1447 nostres
1053 1405 1212 1466 cognomen
1228 1386 1363 1446 memoria
1378 1405 1421 1443 ea·

305 1548 308 1556 J
380 1473 478 1535 cessit.
522 1472 645 1552 Semper
659 1493 713 1554 ego
726 1471 837 1552 plebem
850 1471 1021 1532 Romanam
1033 1473 1154 1533 militia
1168 1471 1313 1554 domique,
1324 1469 1420 1552 priun-

381 1567 438 1630 tus‚
456 1559 489 1618 in
505 1557 733 1640 magistratibus
742 1557 853 1638 parmis
867 1558 1052 1639 magnisque,
1068 1577 1152 1640 aque
1166 1557 1303 1620 tribunus
1316 1577 1350 1618 ac
1360 1575 1419 1616 con·

379 1643 437 1717 sul,
461 1645 560 1705 endem
586 1652 689 1704 tenore
707 1664 767 1724 per
786 1663 884 1705 orienes
907 1643 1046 1723 deinceps
1068 1645 1249 1720 consulatus,
1265 1643 1327 1706 colo
1343 1650 1421 1724 atquc
1500 1715 1501 1724 χ

380 1731 468 1790 colai.
489 1749 580 1803 necno,
606 1730 685 1810 quod
706 1731 811 1804 irrotat,
837 1727 913 1790 Diis
934 1728 1006 1790 bene
1020 1727 1210 1810 juvantibus,
1227 1749 1329 1792 nouam
1343 1736 1421 1810 atque
1500 1755 1501 1794 3

382 1815 530 1894 integrum
546 1816 584 1876 de
598 1814 784 1877 Samnitibus
797 1814 976 1894 triumphans
992 1835 1100 1885 mecam
1115 1817 1224 1895 petite.

218 1903 328 1949 vaenue
425 1898 594 1962 XXXIII.
629 1899 703 1962 Non
734 1899 810 1962 alias
841 1899 932 1961 militi
961 1898 1144 1963 familiarior
1172 1901 1240 1964 dux
1270 1899 1334 1974 fuit,
1363 1917 1420 1960 om·
1500 1951 1501 1964 ,

219 1967 356 2078 ssffisf*
380 1986 432 2047 nia
456 1985 539 2047 inter
569 1985 693 2048 infimos
723 1984 857 2048 militum
887 1985 972 2050 haud
1009 1997 1138 2072 gravate
1172 1987 1283 2050 munia
1316 1985 1420 2049 obeun-

219 2071 430 2143 attenuatio·
478 2071 515 2134 In
543 2070 619 2134 ludo
646 2085 798 2153 praeterea
822 2072 961 2152 militari,
985 2093 1082 2156 quum
1107 2072 1281 2138 uelocitatis
1305 2072 1419 2134 virium·

380 2177 443 2241 que
466 2157 547 2220 inter·
572 2180 604 2220 se
627 2157 763 2242 aequales
786 2158 957 2222 certamina
972 2159 1092 2233 ineunt,
1108 2159 1242 2223 comiter
1256 2158 1349 2222 facilis
1363 2159 1419 2218 uin·

380 2263 451 2306 cere
466 2265 502 2306 ac
518 2244 600 2306 vinci
616 2247 702 2307 vultu
724 2243 853 2320 eodem3
877 2265 935 2307 nec
956 2265 1145 2328 quemqnam
1172 2244 1352 2330 adspernari
1372 2265 1418 2328 pr·

379 2349 455 2403 rem,
473 2331 525 2416 qui
550 2351 582 2392 se
604 2329 759 2406 obferret3
783 2329 870 2393 factis
893 2329 1048 2415 benignus
1062 2331 1088 2370 ⁵³
1099 2352 1157 2413 pro
1172 2353 1218 2407 re,
1235 2331 1324 2396 dictis
1344 2326 1417 2392 haud

379 2416 482 2479 minus
509 2415 661 2480 libertatis
685 2416 806 2493 alienae,
834 2437 928 2500 quarn
954 2439 1019 2480 suae
1042 2417 1217 2504 dignitatis,
1242 2437 1373 2481 memor:
1393 2427 1418 2477 et

378 2523 444 2588 quo
458 2501 537 2565 nihil
551 2501 733 2587 popularius
745 2514 799 2576 est,
812 2501 926 2587 quibus
940 2503 1059 2566 artibus
1073 2505 1208 2587 petierat
1222 2505 1418 2588 magistratus,

378 2587 488 2652 iisdem
504 2589 645 2676 gerebat.
691 2587 803 2674 Itaque
821 2588 981 2652 universus
995 2591 1162 2666 exercitus,
1178 2589 1352 2654 incredibili
1366 2585 1419 2651 als·

377 2675 488 2738 oritate
511 2675 762 2739 adhortationem
787 2687 974 2758 prosecutus
1001 2674 1099 2754 ducis,
1130 2678 1242 2740 castris
1266 2673 1419 2761 egreditur.

381 2761 544 2835 Proelium,
573 2776 606 2824 ut
629 2760 715 2846 quod
742 2760 875 2823 maxime
900 2783 1061 2846 umquam,
1087 2765 1154 2846 pari
1180 2785 1247 2848 spe,
1278 2763 1418 2844 utrimque

379 2846 476 2931 aequis
488 2846 615 2923 viribus,
629 2869 700 2909 cum
717 2845 832 2908 fiducia
848 2847 905 2920 sui,
922 2847 988 2911 sine
1003 2861 1164 2912 conterntu
1179 2849 1329 2924 hostium,
1343 2865 1417 2910 coru·

377 2933 505 2994 missum
529 2947 585 2996 est.
618 2933 813 2996 Samnitibus
828 2931 973 2996 ferociam
996 2933 1153 3019 augebant
1168 2957 1261 3000 novae
1276 2957 1322 2998 res
1336 2945 1418 3020 gesta

377 3032 409 3080 et
431 3017 584 3101 ⁵⁴[raucos
611 3025 683 3081 ante
708 3018 776 3100 dies
798 3019 957 3102 germinata
977 3019 1125 3095 victoria3
1151 3019 1304 3086 Romanis
1321 3031 1418 3083 contra

377 3102 679 3189 quadringentorum
696 3126 851 3168 annorum
874 3105 997 3181 decora,
1013 3120 1045 3168 et
1059 3109 1195 3170 conditae
1219 3109 1287 3171 urbi
1303 3102 1418 3192 aequalis
1500 3135 1501 3158 s

377 3190 525 3252 victorias
550 3191 691 3276 utrisque
706 3205 809 3255 tamen
826 3213 925 3255 novus
940 3190 1039 3256 hostis
1054 3215 1162 3256 curam
1184 3193 1328 3257 addebat.
1349 3209 1418 3276 pug-

377 3296 418 3338 na
434 3275 552 3339 indicio
567 3274 635 3354 fuit,
651 3299 730 3362 quos
744 3279 897 3362 gesserint
918 3279 1048 3341 animos.
1072 3301 1209 3363 namque
1225 3281 1269 3344 ita
1282 3277 1417 3343 conflixe-

377 3374 461 3440 runt,
479 3377 514 3427 ut
536 3361 728 3448 aliquamdiu
752 3363 785 3425 in
808 3375 951 3427 neutram
978 3379 1098 3448 partem
1125 3367 1313 3430 inclinarent
1337 3363 1415 3427 acies.

377 3447 464 3511 Tum
490 3452 612 3528 consul,
638 3448 879 3534 trepidationem
903 3450 1104 3536 injiciendam
1131 3466 1228 3529 ratus,
1252 3442 1417 3538 quandori

376 3534 450 3614 pelli
476 3557 538 3598 non
562 3549 717 3620 poterant,
734 3535 891 3621 equitibus
905 3537 1040 3601 inmissis
1064 3538 1192 3602 turbare
1217 3539 1319 3622 prima
1340 3535 1419 3620 signs

376 3619 514 3686 hostiam
541 3636 685 3686 conatur.
708 3643 788 3708 quos
818 3622 871 3686 ubi
901 3623 1113 3710 nequidquam
1143 3624 1364 3689 tumultuantes
1389 3618 1417 3679 in

376 3709 478 3790 spatio
504 3709 623 3792 exiguo
646 3708 769 3772 volvere
794 3722 914 3772 turmas
938 3709 1025 3790 vidit,
1051 3733 1109 3775 neo
1133 3733 1225 3796 posse
1247 3709 1365 3796 aperire
1389 3704 1417 3766 in

376 3791 482 3874 hostes
502 3793 596 3875 viam,
616 3808 758 3858 revectus
773 3795 811 3858 ad
826 3795 1048 3882 antesignanos
1071 3796 1242 3882 legionum,
1258 3815 1353 3882 quum
1370 3789 1417 3853 de·

407 3947 438 3998 δῖ
456 3950 514 3996 Non
524 3948 753 4013 factionibmmodu]
772 3950 829 3998 Vox
840 3965 886 3998 mo·
920 3953 1021 4000 uictoria
1042 3967 1057 4000 a
1080 3953 1229 4000 Samnitibus
1250 3966 1280 3999 ex
1302 3941 1418 4006 camptu'ss
1500 4007 1501 4014 ἵ

373 4013 412 4067 do,
430 4029 485 4074 quae
504 4016 576 4074 paulo
593 4022 650 4062 ante
667 4018 799 4074 praecanit,
822 4017 887 4064 illisue
920 4025 1041 4077 reportata
1056 4019 1096 4064 hie
1112 4019 1163 4078 agit
1180 4017 1272 4072 Livius,
1283 4018 1367 4073 dequo
1379 4009 1417 4054 rtu-

374 4078 469 4124 uidetur
486 4079 551 4126 hunc
570 4081 594 4126 in
614 4080 696 4126 locum
711 4088 801 4126 temere
812 4081 886 4142 brep-
918 4082 995 4128 bitere
1006 4083 1047 4128 uix
1065 4083 1130 4140 lieet,
1141 4083 1236 4129 brantus
1250 4077 1316 4142 justo
1334 4075 1417 4120 videtur

373 4141 438 4186 ma.
918 4147 1072 4194 mravauum
1092 4149 1123 4194 au
1145 4147 1182 4192 nn
1205 4133 1417 4208 maternam

405 4205 438 4252 53
454 4205 505 4252 Pro
516 4207 552 4272 re]
572 4209 618 4256 l’ro
630 4210 696 4256 varia
713 4223 805 4267 rerum,
824 4219 884 4256 tem·
917 4211 963 4258 hoc
983 4217 1080 4270 tempus
1098 4212 1228 4272 magnam
1241 4215 1269 4258 ut
1278 4207 1345 4254 laede
1358 4199 1416 4247 milt-

372 4283 467 4329 porum.
480 4283 683 4332 personarumque
695 4275 793 4320 radone.
917 4275 941 4334 gt
961 4282 1040 4334 potest
1059 4289 1089 4322 ex
1108 4277 1137 4322 iis
1156 4289 1210 4336 qua
1227 4273 1415 4324 interuttvmtu‘

403 4333 436 4380 st
452 4333 542 4381 Paucos
552 4341 605 4384 onte
618 4337 677 4398 tter]
695 4338 721 4383 si
740 4339 770 4384 de
787 4339 885 4399 gemina
917 4345 1014 4399 tempus
1025 4345 1079 4387 aeta
1089 4341 1163 4388 ariam
1175 4341 1224 4399 lpse
1236 4331 1377 4386 montit-
