2978 4918
172 201 174 209 ·
286 136 288 140 ’
403 172 501 232 utu.
522 171 563 231 11.
593 171 694 234 car.
715 167 848 234 xxvu.
1093 182 1155 238 :m

94 348 124 401 et
143 333 382 402 ⁴¹ambitiosum
410 336 492 413 rati;
536 335 621 404 lebes
645 334 800 402 fallacem.
826 337 977 426 brevique
999 341 1303 430 adpanrit,ttzc.cnu

93 421 353 510 ⁴¹oequauseeum
371 422 474 510 Appii
533 423 607 487 ium.
654 423 823 489 Certamen
839 426 1025 494 consulibus
1039 423 1309 496 incidat-⁰2⁴⁰&

94 523 147 588 rat,
163 521 236 575 uter
250 508 454 574 ⁴³dediceret
469 507 624 574 Mercurii
644 509 755 574 eedem.
801 511 937 578 Senatus
951 537 971 580 a
984 537 1018 581 se
1036 537 1102 580 rem
1118 518 1159 582 ad

93 595 243 681 populum
260 597 390 682 rejecit:
416 595 480 661 utri
494 617 604 662 eorum
620 594 777 662 dedicatio
785 597 876 684 jussu
895 600 1007 686 populi
1022 602 1097 668 data
1110 625 1159 668 es·

93 696 145 758 set,
160 705 238 748 eum
255 704 396 768 praeesse
410 703 555 759 annones,
571 695 784 748 mercatorum
799 683 879 750 colle
904 688 968 751 ium
984 689 1159 770 instituere,

92 768 292 834 ⁴⁴sollemnia
308 792 369 854 pro
383 767 536 855 pontifice
547 768 642 855 jussit
661 770 831 855 suscipere.
876 708 1017 859 {opulus
1030 775 1160 842 dedice·

94 855 210 922 tionem
233 855 313 922 tedis
327 855 385 921 dat
401 854 450 920 M.
467 853 621 936 Laetorio,
637 853 764 940 “primi
779 857 836 942 pili
850 860 1048 927 centurioni:
1072 863 1160 948 quod

92 941 180 1008 facile
201 943 385 1028 adpareret,
400 963 466 1006 non
488 955 555 1007 tam
574 941 614 1006 ud
635 939 791 1006 honorem
806 945 884 1029 ejus,
899 947 951 1011 cui
974 951 1098 1014 curatio
1112 949 1160 1015 al·

93 1030 151 1094 tior
165 1029 297 1118 fastigio
311 1052 370 1093 suo
381 1027 457 1094 data
470 1039 561 1106 esset,
575 1025 706 1106 lactum,
718 1051 813 1114 quam
830 1030 870 1096 ad
886 1033 1050 1100 consulum
1067 1037 1159 1123 iguo·
1208 1077 1214 1082 -

93 1116 234 1180 minium.
282 1116 404 1182 Saevire
428 1113 504 1180 inde
518 1113 664 1200 ⁴⁶utique
685 1115 852 1182 consulum
876 1121 957 1184 alter
976 1120 1159 1210 Patrcsqoe.

93 1202 143 1267 sed
163 1201 254 1289 plebi
270 1215 435 1267 creverunt
447 1200 564 1276 animi;
589 1214 621 1265 et
635 1200 730 1288 longe
744 1202 816 1278 ulia,
832 1226 926 1289 quam
948 1207 1054 1292 primo
1069 1209 1159 1274 insti·

17 1327 18 1340 .
93 1304 231 1371 tuerent,
246 1289 298 1352 via
312 1287 549 1372 grassabantur.
593 1286 772 1372 Desperato
786 1289 869 1353 euim
885 1291 1050 1358 consulum
1066 1317 1159 1360 seua-

17 1387 18 1408 *
93 1389 205 1462 tueque
219 1374 354 1452 auxilio,
370 1397 469 1461 quum
486 1374 520 1438 in
536 1373 589 1459 jus
602 1373 676 1439 duci
691 1373 866 1440 debitorem
884 1377 1047 1461 vidissent,
1064 1382 1158 1447 undi-

93 1485 151 1548 que
175 1461 404 1528 convolabant.
436 1482 539 1546 neque
564 1460 724 1526 decretum
752 1462 899 1528 exaudiri
923 1465 1062 1531 consulis
1089 1489 1159 1554 prae

93 1549 225 1634 strepitu
268 1561 301 1614 et
341 1547 481 1612 clamore
523 1558 666 1630 poterat:
705 1569 817 1635 neque,
854 1573 954 1638 quum
991 1551 1158 1635 decresset,

95 1636 261 1722 quisquam
291 1630 541 1718 obtemperabat.
587 1631 629 1696 Vi
663 1633 828 1721 agebatur,
862 1649 1028 1725 metusque
1055 1641 1160 1706 omnis

95 1737 123 1786 et
155 1722 339 1808 periculum
376 1721 402 1764 ⁴⁷
413 1719 576 1795 libertatis,
608 1740 707 1804 quum
740 1721 775 1786 in
810 1738 982 1811 conspectu
1018 1727 1159 1797 consulis

96 1809 206 1893 singuli
233 1833 255 1874 a
280 1807 425 1894 pluribus
446 1806 649 1882 violarentur,
670 1806 703 1870 in
729 1809 899 1875 creditores
920 1835 940 1876 a
961 1811 1159 1880 debitoribus
1238 1871 1241 1878 .

96 1909 284 1961 uerterant².
330 1895 436 1979 Super
460 1891 530 1958 haec
559 1891 656 1956 timor
684 1893 810 1960 incessit
836 1897 945 1962 Sabini
973 1899 1068 1976 belli;
1102 1901 1158 1966 de·

95 1980 240 2068 lectuque
269 1981 408 2056 decreto,
438 2001 535 2044 nemo
562 2000 677 2044 nomen
707 1979 805 2058 dedit,
831 1981 956 2050 furente
981 1987 1099 2072 Appio,
1127 2003 1161 2054 et

96 2067 267 2134 insectante
295 2067 321 2106 ⁴⁸
335 2066 542 2132 ambitionem
579 2063 729 2152 collegoe3
789 2069 821 2132 ui
856 2070 1004 2155 populari
1033 2074 1159 2140 silentio

97 2155 322 2240 rempublicam
338 2152 500 2239 proderet,
513 2165 545 2216 et
558 2152 597 2215 atl
614 2150 657 2226 ld,
670 2151 755 2239 quod
767 2090 811 2218 de
825 2157 947 2222 credita
963 2160 1097 2242 pecunia
1105 2163 1160 2248 jus

97 2263 156 2306 nou
177 2242 321 2318 dixisset,
337 2239 498 2326 adjiceret,
515 2250 550 2303 ut
571 2259 611 2301 ne
632 2237 787 2304 delectum
804 2242 933 2327 quidem
955 2267 995 2309 ex
1017 2261 1160 2312 senatus·

97 2328 240 2394 consulto
257 2326 399 2394 haberet.
423 2347 484 2389 nort
498 2348 560 2390 esse
573 2335 674 2388 tamen
688 2329 836 2392 desertam
851 2333 974 2394 ornnino
994 2332 1161 2416 rempubli-

97 2435 165 2493 cam,
181 2438 280 2500 neque
288 2410 458 2498 perdoctum
472 2413 630 2476 comeare
643 2413 812 2493 imperium.
851 2415 890 2480 Se
904 2437 994 2480 unum
1009 2429 1039 2481 et
1052 2441 1116 2482 Μ
1129 2431 1161 2484 et

96 2501 222 2566 Patmos
237 2501 410 2586 majestatis
423 2496 662 2582 uindicemsore.
685 2495 795 2573 Quum
811 2499 1030 2567 circumstaret
1042 2501 1069 2542 ⁴⁰
1079 2525 1160 2590 quo-

479 2653 601 2698 *certem
612 2648 687 2696 Gron.
701 2649 771 2700 Cret.

123 2801 353 2867 evannum]
380 2800 526 2862 Aucupendi
543 2799 612 2847 favo·
643 2801 760 2862 primipili
790 2803 909 2858 centurio,
942 2804 1012 2865 quati
1049 2805 1160 2854 centurio

200 2868 398 2928 larincnpidum.
642 2867 715 2924 primi
749 2869 840 2914 ordinis
874 2869 1028 2920 ‚Pilanorum
1071 2869 1160 2918 trram

96 2881 298 2992 mlwAEqmrr
319 2929 386 2994 mm]
412 2929 477 2978 Eum
496 2943 545 2976 non
563 2929 611 2976 mi-
643 2931 719 2986 enim,
730 2933 789 2992 quia
802 2933 937 2994 antiquitus
953 2936 1079 2994 proprium
1095 2935 1159 2996 ipso·

99 3009 140 3072 ntra
156 2998 265 3043 inunum
281 3009 334 3042 esse
352 2995 452 3056 populo,
470 3007 544 3055 quam
561 2995 611 3055 Ap-
643 3007 699 3041 rum
721 2998 798 3045 telum
820 2997 898 3057 pilum
917 3004 978 3054 erut,
995 2999 1073 3046 Pileni
1088 3013 1160 3048 roem

97 3073 168 3120 pum.
643 3060 741 3114 bantur,
761 3067 822 3108 teste
842 3061 913 3108 Varr.
937 3063 953 3107 l.
976 3060 999 3108 l.
1022 3065 1053 3111 de
1074 3063 1160 3125 lingua

126 3125 158 3174 tu
172 3125 299 3174 Μανῆ
315 3124 438 3172 Merettrii
455 3121 538 3185 edem]
558 3122 613 3170 llu·
644 3123 964 3174 1.at.vtu.tntnv111.u
996 3127 1159 3176 Observatum

93 3185 301 3250 juadedioetiouir
317 3189 411 3236 mentio
426 3184 481 3250 jam
498 3187 612 3234 iectaem
643 3189 794 3251 ertaLipaio
816 3191 878 3237 hunc
896 3191 1087 3240 vetmtistimatn
1107 3205 1160 3242 eree

97 3267 165 3316 mpra
183 3269 205 3302 c.
229 3253 270 3303 tl.
293 3255 335 3301 aed
357 3253 398 3300 hic
420 3263 508 3314 nempe
533 3252 611 3300 naim
642 3249 717 3314 hujus
727 3257 819 3304 ordinis
829 3257 987 3304 mentionem.
1021 3255 1079 3305 Vid.
1092 3257 1159 3320 Lipe.

96 3327 204 3368 umatum
225 3320 263 3378 id,
283 3319 349 3379 quod
370 3317 421 3364 illic
442 3329 493 3364 uno
513 3321 611 3365 tanttun
643 3318 757 3366 deliilit.
771 3320 1018 3370 tornutium&

96 3383 409 3432 reboindicetuml'uerel.
675 3381 960 3445 intorquemus·
979 3385 1052 3448 aller]
1079 3386 1160 3434 Maxi-

17 3507 18 3510 *
125 3447 157 3495 tt
171 3447 469 3510 Soleminpropoutlfier.
482 3447 614 3497 ...rexi-
643 3459 684 3494 me
705 3449 834 3496 consulum
853 3451 926 3508 alter,
943 3463 1032 3510 ηιμ
1046 3449 1159 3512 Appiutr

17 3525 18 3570 ᾗ
91 3512 156 3577 pere]
173 3513 444 3572 ceiebnre,prre¹ente
459 3519 485 3558 et
500 3525 612 3573 proeeun·
643 3525 702 3559 num
724 3513 839 3562 &rullius
860 3515 960 3562 mollius
985 3517 1161 3563 contumeliam

95 3583 117 3622 ts
132 3579 256 3638 metim,
267 3577 383 3637 quadam
395 3589 464 3624 nere
485 3577 613 3637 ampieam
643 3577 743 3624 istebat.

95 3643 202 3690 huam
215 3640 313 3700 mlleflil
332 3646 499 3690 memetorum
515 3640 612 3688 institu-
675 3639 877 3707 lt'ttterratu]
890 3645 951 3692 liae
960 3659 1007 3692 vox
1017 3645 1112 3692 videtur
1123 3659 1161 3693 re·

17 3711 18 3719 ’
96 3705 160 3754 littu'.
193 3707 292 3767 Nmpe
307 3706 469 3766 proponimus
479 3707 520 3752 iric
536 3705 613 3752 sumi·
643 3708 753 3754 tamuda.
786 3707 933 3768 †'l'estetur
946 3709 1083 3757 Gronovius
1092 3711 1163 3757 abce-

17 3777 18 3784 ’
95 3779 141 3830 tar,
157 3771 370 3832 quamadmodum
391 3769 441 3818 iere
466 3767 531 3832 apu'd
549 3769 611 3816 Geli
644 3782 670 3816 te
682 3784 698 3817 a
710 3773 859 3820 membranis
876 3773 1022 3821 Florentinis
1038 3775 1101 3821 hene
1117 3789 1161 3822 uo·

96 3834 386 3897 xv.n.pmcallegie.
418 3835 614 3882 ltaeemtlio·
644 3849 707 3883 αι.
739 3839 1005 3886 Acmteeembltta
1022 3846 1161 3886 umusoet

17 3951 18 3958 χ
96 3901 151 3956 dut,
173 3901 280 3949 Exercit·
301 3897 370 3946 true.
384 3899 416 3946 de
432 3899 519 3961 pondi
546 3911 613 3948 mu.
644 3903 802 3950 commodior.
1002 3933 1005 3940 ·

97 3965 151 4014 cb.
676 3964 907 4031 semmurum]
935 3967 1049 4014 Nimium
1078 3969 1160 4017 indul.

126 4029 158 4077 ts
172 4027 300 4091 Priatiplli
321 4028 463 4092 aarum]
487 4028 613 4090 Prlmlpili
643 4035 743 4090 gmtem
754 4031 844 4092 populo
854 4032 990 4079 mollitiem.

98 4097 195 4142 murto
212 4100 267 4142 erat
284 4093 395 4140 eenmrlo
416 4094 489 4154 primi
506 4092 614 4140 'cruno-
676 4093 708 4140 te
726 4093 865 4150 Quotidim
874 4096 1013 4160 mindo}
1024 4098 1159 4146 Multitudo

99 4169 148 4206 mm
164 4160 267 4218 ordinis,
289 4158 399 4218 doque
421 4159 514 4219 primur
536 4157 612 4204 totius
643 4160 791 4219 solitaque
808 4160 916 4220 quotidie
940 4173 1082 4209 concurrere
1097 4164 1159 4210 sole·

97 4221 324 4284 hucubcmturio.
359 4220 441 4285 llujtu
456 4235 547 4284 magne
560 4229 613 4270 eret
645 4224 693 4270 bet.
726 4223 782 4270 Nisi
798 4225 874 4270 retius
889 4225 971 4280 luet-lt,
988 4233 1084 4274 mutato
1100 4229 1160 4274 due·

95 4287 203 4350 ἀίμὼ.
255 4286 821 4348 Gonntttpsrttsepneratmmvoeum
858 4289 1160 4352 ordinalegereod-

95 4353 183 4416 aqut.
204 4359 260 4402 erat
283 4352 435 4414 prepositus.
479 4351 611 4399 Dicebatur
644 4351 718 4400 mado
732 4351 865 4414 pertidia
882 4352 974 4428 lingula
991 4367 1101 4406 emme
1125 4355 1159 4402 lta
