3056 4928
363 177 421 250 eto
752 189 1026 250 T1T1Ltvl1

204 371 232 417 u.
246 369 339 419 cun.
365 347 558 432 deditionem,
567 356 728 436 presidiis
735 364 876 420 teneretur
883 355 999 420 uestris.
1035 355 1422 440 Reliqnaoonsultatioeat,

202 436 231 484 Α
245 439 271 482 ⁰·
284 435 339 483 33⁵·
365 444 508 527 quioniam
523 441 697 506 rebellando
711 444 823 524 sapius
845 463 899 506 nas
913 443 1091 518 sollicitant,
1107 463 1236 526 qumeam
1251 444 1340 514 mado
1348 463 1423 524 per·

359 539 456 611 petua
463 550 543 613 poce
553 528 669 611 quietos
679 527 874 591 obtineamus.
908 528 972 591 Dii
983 529 1157 592 inmortales
1168 529 1215 592 ita
1226 537 1425 611 uospotentes

365 615 454 698 liujus
476 615 599 678 consilii
609 614 764 699 secuunt,
781 624 825 689 nt,
841 615 882 677 sit
898 613 1024 677 latium
1038 615 1158 691 claude,
1173 635 1215 677 an
1237 636 1299 678 uon
1320 617 1374 689 sit,
1390 616 1424 676 in

275 731 279 741 ·
365 713 465 766 uestra
481 723 571 764 manu
580 703 750 783 posueriot.
795 701 1020 783 Itaquepacem
1032 701 1123 777 nolis,
1140 703 1221 784 quod
1234 702 1278 764 ad
1287 702 1425 764 Latinos

366 789 496 866 adtinet,
515 809 634 869 parare
659 789 693 852 in
715 796 904 868 perpetuum,
919 787 967 849 nel
988 789 1211 866 sentennaco
1230 789 1423 870 ignoscendo,

359 873 499 956 potestis.
539 873 636 938 Vultis
649 875 814 936 cmdeliter
823 873 976 936 consulere
987 874 1020 935 in
1032 875 1148 936 deditos
1159 875 1337 958 uictosque?
1353 875 1426 936 licet

366 961 465 1023 delere
477 980 560 1022 omne
573 959 708 1036 Latium,
721 969 823 1023 uastas
834 960 906 1022 inde
915 960 1092 1024 solitudines
1090 959 1213 1044 fieeere,
1225 961 1307 1022 unde
1316 960 1427 1024 sociali

366 1049 488 1130 egregio
502 1047 636 1110 exercitu
646 1067 705 1128 per
716 1046 810 1108 multa
822 1045 901 1123 bello
916 1065 1085 1130 magnaque
1094 1067 1174 1128 sape
1183 1047 1232 1110 usi
1242 1047 1325 1110 estis.
1353 1045 1426 1108 Vul-

262 1149 265 1154 '
366 1135 406 1196 tis
420 1134 554 1215 exemplo
567 1131 713 1216 majorum
724 1153 836 1214 augere
846 1153 909 1194 rem
920 1131 1102 1207 Romanurn,
1118 1133 1212 1196 uictos
1226 1133 1260 1194 in
1270 1133 1425 1196 ciuitatem

365 1221 564 1302 accipiendo?
576 1221 707 1282 materia
718 1219 870 1282 crescendi
875 1239 936 1298 per
943 1239 1082 1280 muman
1091 1219 1226 1302 gloriam
1236 1217 1424 1300 aebpeditat.

364 1316 444 1369 corte
466 1308 501 1369 iel
507 1307 718 1386 firmissimum
733 1307 822 1388 longe
835 1304 995 1385 imparium
1014 1313 1067 1380 est,
1083 1325 1141 1387 quo
1155 1305 1326 1368 obedientes
1338 1325 1425 1390 gau·

306 1406 310 1418 ·
364 1394 445 1455 dent.
489 1393 550 1456 Sed
563 1401 716 1456 maturato
741 1411 816 1473 opus
837 1400 892 1466 est,
916 1391 1066 1473 quidquid
1086 1400 1219 1454 statuere
1237 1391 1355 1472 placet.
1379 1401 1425 1454 tot

358 1479 488 1560 pennulas
503 1479 584 1540 inter
598 1499 678 1560 spem
693 1487 857 1560 metumque
870 1496 1025 1557 suspensos
1039 1478 1138 1540 anirni
1150 1477 1291 1540 habetis.-
1314 1487 1346 1542 et
1359 1500 1423 1542 oea

361 1573 441 1627 tram
458 1565 661 1648 itaquedeer's
671 1585 773 1627 curam
789 1564 1022 1646 quamprimum
1036 1563 1161 1639 absolui,
1177 1572 1207 1626 et
1218 1564 1341 1626 illorum
1352 1565 1424 1626 oni·

362 1671 432 1728 mos,
448 1650 474 1694 ⁹⁷
486 1653 553 1714 dnm
565 1652 788 1732 exspectatione
798 1657 928 1731 struunt,
941 1671 992 1712 seu
998 1670 1103 1730 parta,
1115 1671 1166 1712 seu
1177 1648 1330 1730 laneficio,
1338 1671 1424 1732 pree·

306 1737 310 1746 '
362 1738 506 1818 coarmari
519 1747 649 1818 oportet.
692 1733 718 1774 ⁹⁸
734 1735 875 1800 Nostrum
885 1751 897 1790 ε
899 1735 974 1818 fluit
987 1735 1113 1822 efficere,
1128 1745 1162 1799 ut
1176 1736 1308 1799 omnium
1324 1758 1426 1800 rerunt

362 1823 713 1886 uobisadconsulendnn
722 1830 861 1903 potestas
871 1831 955 1885 esset.
971 1831 1098 1885 uestmrn
1108 1831 1151 1886 est
1160 1823 1331 1900 decernere,
1345 1825 1426 1906 quod

361 1909 504 1990 optimum
519 1909 602 1972 nobis
616 1909 718 1990 reique
726 1906 860 1989 publice
873 1907 924 1970 sit.
1180 1961 1185 1978 ,
1293 1899 1301 1916 ‘

406 1992 500 2058 XIV.
526 1993 689 2078 Principes
714 2005 840 2056 senatus
866 1991 1048 2056 relationem
1075 1991 1211 2058 consulis
1233 1993 1275 2058 de
1298 2015 1424 2060 summa

363 2101 468 2143 rerum
483 2079 633 2152 laudare}
656 2078 721 2155 sed,
737 2101 834 2164 quum
851 2077 984 2143 aliorum
1000 2101 1111 2144 caussa
1124 2079 1187 2144 alia
1201 2092 1292 2156 esset,
1309 2081 1356 2146 ita
1367 2104 1424 2146 ex-

362 2165 464 2250 pediri
490 2187 582 2251 posse
607 2165 782 2242 consilium,
798 2165 913 2240 dicere,
930 2177 965 2230 ut
979 2187 1038 2250 pro
1056 2167 1168 2230 merito
1183 2169 1338 2252 cujusque
1362 2183 1425 2233 sta-

91 2247 95 2256 ’
200 2256 313 2304 senuua-
363 2265 515 2329 tueretur,
533 2255 559 2316 si
575 2253 615 2336 de
627 2251 757 2339 singuiis
772 2250 961 2316 nominatim
979 2249 1132 2316 referrent
1147 2253 1283 2336 populis.
1331 2254 1425 2318 Rela-

198 2321 309 2434 {⁰3}ss
323 2322 353 2368 ‘¹⁰
363 2352 430 2405 tum
447 2340 545 2426 igitur.
557 2341 597 2404 de
611 2340 741 2488 εἰηέιιΙίε
755 2338 988 2424 decretumque.
1033 2337 1208 2404 Lanuvinis
1223 2339 1334 2404 civitas
1348 2341 1424 2404 data

678 2425 721 2489 ita
735 2447 807 2488 cum
822 2446 871 2502 eo,
894 2438 928 2488 ut
942 2423 1026 2488 aedes
1040 2423 1192 2510 lucusque
1209 2425 1348 2510 Sospita
1363 2427 1384 2492 J
1387 2451 1423 2490 a·

362 2445 513 2512 sacraque
526 2449 583 2490 sua
597 2425 652 2489 red

362 2513 454 2576 nonis
468 2513 647 2576 communis
661 2511 686 2550 ⁹⁹
697 2511 872 2575 Lanuvinis
887 2511 1098 2594 municipibus
1113 2532 1185 2575 cum
1206 2513 1329 2596 mpuio
1359 2515 1425 2578 Ro·

362 2621 458 2663 mano
472 2612 562 2664 esset.
607 2597 730 2662 Aricini
752 2596 1010 2681 Nomentanique
1023 2609 1055 2662 et
1071 2596 1193 2662 Pedani
1212 2599 1326 2662 eodem
1338 2598 1425 2684 jure,

361 2707 426 2770 quo
454 2683 622 2760 Lanuvini,
649 2686 683 2746 in
711 2683 870 2748 civitatem
907 2685 1038 2768 accepti.
1082 2683 1271 2748 Tusculanis
1301 2701 1426 2752 servata

361 2772 479 2848 civitas,
496 2793 591 2858 quam
614 2769 793 2846 habebant3
813 2768 1019 2856 ¹crimenque
1044 2768 1225 2834 rebellionis
1248 2795 1270 2836 a
1294 2773 1425 2858 publica

725 2929 739 2969 ὅ
755 2927 810 2974 add.
822 2928 883 2974 eninr
894 2927 970 2974 Gran.
982 2925 1050 2973 Creu.

400 3061 432 3108 97
445 3058 535 3106 'Dum
569 3059 732 3118 eerpoetottane
769 3059 871 3124 stupeat]
905 3071 1050 3106 manorum:
1069 3061 1182 3106 oneribus
1201 3059 1425 3108 tffluseoudttionia

362 3125 429 3172 Dum
441 3123 588 3184 exspectatio
599 3123 670 3169 cortic
681 3136 732 3170 eure
748 3132 773 3171 et
785 3121 873 3186 judicii
906 3120 1161 3185 nonoubjaiebontun
1169 3137 1247 3184 quum
1258 3125 1423 3184 Ιηίωυιιιὶι,

361 3191 434 3236 vaani
445 3189 498 3235 illos
509 3189 575 3236 velut
587 3187 693 3246 torpidae
704 3189 794 3250 defigit.
905 3201 955 3234 non
973 3187 1089 3238 Romani·
1106 3195 1241 3238 uterentur.
1275 3189 1348 3236 Unde
1369 3203 1424 3236 mu·

392 3251 424 3300 98
441 3253 557 3298 Nostrum
572 3251 647 3314 entim]
666 3249 722 3298 Vox
732 3253 794 3299 enirn
806 3255 873 3300 abest
905 3251 1049 3314 nicipiomm
1059 3255 1166 3300 mnditia
1177 3255 1256 3313 magis
1274 3253 1353 3300 hisare
1364 3262 1424 3308 erat,

358 3317 493 3380 apiaribus
504 3317 579 3371 libris,
591 3323 651 3362 teste
663 3315 791 3364 Gronovia.
810 3317 873 3364 Noa-
904 3324 930 3364 at
949 3319 1031 3363 mnus
1050 3317 1161 3372 obnoxia,
1172 3328 1248 3378 quam
1262 3318 1425 3374 mbuiasuui,

358 3385 390 3430 tri
401 3395 495 3436 omnen,
507 3381 654 3442 Campanus,
670 3387 695 3428 et
712 3383 782 3430 codd.
795 3383 872 3430 Heus»
905 3393 962 3439 nure
977 3378 1035 3442 jura
1056 3381 1215 3444 {mutuaque
1233 3383 1320 3428 omniu
1341 3383 1425 3442 ponar

358 3448 392 3493 nii
409 3447 476 3493 illam
496 3445 620 3492 omittunt.
654 3445 707 3492 Nec
718 3459 775 3492 saue
794 3447 873 3494 bicen
905 3446 1019 3502 Romani,
1040 3460 1089 3494 non
1111 3447 1149 3492 aui
1172 3447 1273 3499 arbitrii,
1293 3448 1425 3494 habebant.

358 3512 490 3572 quidquam
503 3515 618 3570 opuaest.
905 3509 980 3556 Porro
991 3509 1136 3569 quibusdam
1146 3511 1287 3570 municipiis
1298 3512 1357 3558 data
1374 3519 1426 3557 erat

391 3567 422 3622 99
446 3575 578 3621 lanuutuie
600 3571 765 3636 muntdpttur]
792 3573 873 3622 nanu-
903 3574 989 3620 oiritas
1005 3587 1062 3621 cum
1080 3574 1189 3636 remagli
1197 3575 1305 3621 lationer
1323 3576 1425 3622 aarum·

357 3639 431 3699 virita,
451 3640 493 3700 qui
512 3639 576 3686 eirea
596 3640 700 3686 Romani
720 3640 793 3686 modo
813 3640 872 3686 facti
903 3652 951 3698 que
972 3639 1161 3700 municipiorum
1182 3639 1249 3686 cisoa
1273 3641 1350 3699 plano
1366 3637 1424 3701 jure

356 3712 433 3753 erunt.
478 3703 621 3764 Municipes,
651 3704 731 3764 inquit
759 3703 820 3750 neu.
854 3705 870 3750 1.
903 3703 968 3749 cives
980 3703 1085 3751 Romani
1095 3709 1172 3759 eraut,
1184 3709 1209 3749 et
1219 3703 1316 3750 aditum
1327 3717 1425 3765 quoquc

357 3767 431 3817 XVI·
443 3783 463 3816 c.
478 3767 580 3816 18.eunt
596 3770 656 3815 ciues
667 3767 809 3814 Rornaales
818 3779 865 3814 mu.
902 3769 1047 3815 adhonotes
1065 3769 1148 3828 populi
1165 3768 1271 3814 Romani
1290 3769 1424 3816 habebant.

356 3834 514 3894 uirtutium
525 3833 582 3892 juro
598 3837 621 3878 et
637 3833 725 3894 ἱερὸν
740 3833 789 3878 eutr
804 3837 869 3879 uteo·
903 3831 980 3878 Erant
994 3836 1019 3877 et
1030 3833 1118 3892 quibus
1135 3832 1220 3879 civitas
1240 3833 1293 3880 sine
1312 3833 1424 3894 audi-agii

356 3902 398 3956 ter,
417 3897 520 3944 manen
539 3899 629 3942 tantum
646 3910 699 3944 oum
716 3896 803 3956 populo
821 3897 871 3944 Ro-
901 3895 1130 3953 rationed-uerat,
1141 3909 1246 3958 quarum
1262 3898 1342 3958 primi
1355 3899 1424 3945 eam

296 3964 298 3974 '
356 3960 695 4021 mualunararttperte‘etou,
710 3973 779 4021 aquo
789 3975 869 4010 omne·
902 3961 1010 4011 Caritas·

355 4039 381 4070 re
399 4025 530 4085 capessendo
545 4023 653 4084 appellati
668 4023 785 4083 aanor,
798 4026 869 4072 nullia
936 4023 973 4074 l·
984 4025 1203 4088 emmanu·
1234 4024 1268 4087 is]
1281 4023 1423 4076 noluerunt

355 4089 409 4136 attio
426 4087 603 4143 numianus,
626 4101 696 4150 nequ
720 4089 768 4136 ulla
787 4089 869 4150 papali
901 4089 1007 4138 Romani
1027 4084 1120 4141 erinna
1138 4037 1276 4138 rubemus
1294 4091 1376 4140 troadi
1398 4099 1424 4138 et

355 4151 457 4200 Romani
473 4153 523 4213 lege
538 4152 650 4200 adstruit.
685 4153 725 4200 nn
740 4155 823 4214 igitur.
840 4161 869 4202 ut
901 4155 1204 4216 damonaeretpubtica
1212 4153 1423 4212 t'aoeulamrm,

355 4217 423 4262 addit
442 4219 513 4276 pardo
529 4217 592 4264 infra
603 4219 706 4276 Gellius,
718 4217 868 4266 lmorernci·
902 4220 944 4266 aed
966 4215 1019 4280 ejus
1037 4221 1146 4270 criminis
1167 4233 1266 4280 purum
1285 4220 1311 4266 in
1332 4233 1424 4282 μιιοοι

355 4281 436 4326 nitatte
446 4280 558 4328 Boenasa
575 4283 701 4342 metebant,
713 4283 763 4330 uve
781 4284 868 4328 honau-
902 4289 1012 4334 auctores
1024 4290 1156 4333 verterunt-

356 4345 469 4392 tabnutur
487 4347 585 4392 nomine
602 4352 627 4394 et
642 4343 699 4407 jure
716 4347 807 4394 civium
822 4347 869 4394 Ro·
