3034 4916
343 137 401 192 584
734 129 846 190 TlTl
876 127 1011 191 lelt

184 315 322 368 itemst.
344 295 439 361 umbo
460 293 604 360 consules
625 291 759 379 proiecti
780 293 822 359 ud
843 292 963 358 bellum
986 303 1076 358 erant
1099 313 1171 357 cum
1196 303 1337 379 quatuor
1361 290 1409 356 le-

184 378 320 434 h⁰·²⁹⁵·
343 379 503 482 gioqibus,
527 393 558 446 et
584 402 701 481 megno
741 380 869 480 'uitutu
892 381 1051 481 Romano,
1073 379 1308 504 Cqmpqnisque
1322 377 1411 478 mille

344 465 725 655 {llllblloettttl
738 465 1410 640 Lxlzlltssqttlt‘l,tt-’ltilltffss
1491 541 1492 544 ‘

346 654 463 707 erutus
476 638 564 704 haud
578 637 692 726 procul
712 638 790 704 urbe
805 637 945 704 Etruriae
960 636 1109 723 obpositi‚
1125 659 1206 702 unus
1220 637 1254 701 in
1271 635 1408 713 Falisco,

347 727 428 793 alter
457 725 491 790 in
517 725 672 790 Vaticano
700 746 789 810 ogre.
843 725 904 791 Cn.
935 723 1066 789 Fulvius
1094 743 1126 790 et
1156 724 1194 788 L.
1226 721 1410 788 Postumius

350 811 520 918 Megellus,
545 823 758 900 propretores
786 811 892 890 umbo,
918 811 1030 876 stotivu
1056 811 1088 876 in
1118 811 1162 875 eis
1188 809 1267 876 locis
1292 808 1411 874 babere

363 921 438 966 ussr.

191 923 360 1048 nmmum]
394 985 545 1052 XXVII.
570 984 724 1051 Consules
746 984 788 1050 sd
812 983 927 1064 hostes,
947 997 1143 1072 transgresso
1158 983 1343 1072 Apennino,
1357 981 1411 1045 ¹iu

190 1065 319 1176 {ulii-{22
350 1094 464 1158 ugrum
482 1072 676 1138 Sentinatem
700 1085 922 1156 pervenerunt.
966 1072 1018 1136 lbi
1039 1084 1178 1158 quatuor
1199 1069 1337 1134 millium
1352 1066 1413 1133 ler-

210 1141 240 1176 ⁸⁰
353 1181 404 1224 me
428 1156 594 1223 intervallo
619 1171 724 1223 cestra
747 1158 859 1243 posite.
905 1157 995 1223 Inter
1016 1156 1123 1224 hostes
1146 1155 1264 1222 deiude
1286 1155 1413 1220 consul·

352 1245 487 1312 tationes
507 1243 642 1309 habite:
665 1257 760 1345 etque
781 1245 825 1308 ita
846 1245 1004 1321 convenit,
1019 1265 1061 1309 ue
1077 1244 1149 1309 unis
1170 1242 1282 1307 castris
1301 1242 1412 1306 misce·

352 1333 463 1397 rc'ntur
477 1353 598 1408 omnes,
613 1351 691 1394 neve
705 1352 739 1394 rn
753 1329 853 1394 eciem
867 1330 1092 1396 descenderent
1112 1329 1215 1394 simula
1262 1328 1413 1394 Samniti·

353 1419 413 1483 bus
439 1416 535 1495 Gelli,
559 1415 705 1482 Etruscis
731 1414 850 1482 Umbri
878 1415 1001 1502 adjecti.
1029 1415 1098 1482 dies
1125 1417 1245 1480 indicto
1272 1437 1411 1502 pugnae:

356 1504 512 1570 Samniti⁸
528 1501 692 1590 Gallisque
705 1501 850 1604 delegato
872 1525 915 1586 pu
961 1526 997 1567 u:
1020 1503 1101 1568 inter
1125 1503 1228 1588 ipsum
1252 1515 1411 1567 certamen

355 1590 482 1657 Etrusci
504 1588 682 1676 Umbrique
701 1591 783 1674 jussr
804 1601 908 1654 castro
956 1611 1070 1653 omens
1084 1589 1283 1678 obpugnare.
1329 1587 1412 1652 Haec

355 1676 486 1742 consilis
500 1677 669 1741 turbarunt
683 1672 855 1776 transfugae
868 1674 991 1740 Clusini
1005 1687 1078 1753 tres,
1093 1677 1174 1739 clem
1190 1689 1285 1740 nocte
1296 1675 1337 1740 sd
1354 1674 1413 1738 Fe·

355 1765 444 1828 bium
459 1761 619 1826 consulem
640 1774 835 1848 transgressu.
858 1761 924 1847 qui,
940 1761 1032 1826 editis
1046 1761 1184 1826 bostium
1200 1761 1352 1838 consiliis,
1367 1760 1413 1825 di·

355 1849 441 1913 missi
461 1868 536 1912 cum
556 1846 664 1922 donis,
677 1861 711 1912 ut
732 1846 876 1925 subinde,
897 1861 934 1912 ut
958 1870 1092 1935 quaeque
1110 1869 1160 1912 res
1183 1869 1268 1912 nors
1288 1848 1413 1912 decretu

354 1947 446 2011 esset,
462 1935 662 2017 exploratum
675 1930 861 2018 perferrent.
906 1933 1060 1998 Consules
1071 1933 1195 2012 Fulvio,
1212 1948 1248 2000 ut
1263 1955 1305 1998 ex
1321 1933 1413 1999 Falis-

355 2042 404 2098 ω,
421 2019 597 2096 Postumio,
613 2031 649 2084 ut
664 2041 703 2084 ex
717 2017 875 2084 Vaticano
896 2021 1069 2086 exercitum
1085 2019 1125 2085 ud
1141 2016 1288 2085 Clusium
1305 2019 1413 2085 edmo-

354 2122 457 2186 veum,
480 2127 666 2192 summeque
684 2105 715 2169 vi
736 2104 816 2170 fines
836 2104 975 2170 hostium
997 2105 1242 2193 depopulentur,
1263 2107 1413 2172 scribunt

187 2199 292 2256 'smmi
356 2191 466 2287 Hujus
490 2191 704 2286 populationis
728 2188 813 2256 famu
836 2187 986 2258 Etruscos
1016 2215 1057 2258 ex
1082 2214 1162 2282 egro
1187 2193 1354 2258 Sentinate
1375 2190 1413 2256 ud

193 2271 428 2390 ἱᾞὲὲέἓιειιοε
443 2279 521 2344 lines
543 2278 678 2346 tuendos
702 2279 814 2342 morit.
859 2279 982 2344 Instare
993 2277 1068 2345 inde
1082 2279 1236 2357 consules,
1253 2280 1297 2344 uf
1305 2280 1413 2344 obsen-

290 2399 293 2406 ·
355 2366 439 2432 tibus
460 2367 498 2432 iis
518 2387 563 2450 pu
630 2377 724 2430 retur.
748 2385 806 2450 per
825 2364 957 2431 biduum
974 2365 1138 2432 lacessiere
1153 2366 1269 2452 proelio
1282 2365 1414 2430 hostem.

355 2453 455 2522 biduo
468 2449 549 2521 nihil
587 2452 696 2541 ignum
712 2449 800 2516 dictu
813 2464 929 2518 actum.
975 2451 1076 2517 Peuci
1085 2453 1247 2540 utrimque
1255 2452 1413 2518 cecidere:

354 2540 517 2628 magisque
538 2537 654 2605 irritati
673 2550 748 2602 sunt
765 2537 806 2601 od
823 2537 945 2623 justum
967 2551 1132 2603 certamen
1141 2537 1250 2617 enimi,
1267 2560 1363 2625 quum
1378 2537 1416 2602 nd

355 2626 523 2690 discrimen
544 2645 669 2690 summe
693 2645 800 2688 rerum
826 2623 973 2689 adducto.
996 2625 1091 2690 tertio
1105 2623 1158 2690 die
1179 2625 1370 2692 descensum
1384 2625 1415 2688 in

355 2734 504 2798 campum
519 2710 667 2778 omnibus
681 2709 781 2796 copiis
795 2722 850 2774 est.
895 2710 1005 2786 Quum
1021 2711 1186 2778 instructus
1196 2713 1416 2788 sciesstoreut,

355 2820 450 2866 cervu
472 2796 593 2886 fugiens
615 2796 727 2883 lupum
750 2819 768 2860 e
789 2795 950 2862 montibus
971 2811 1084 2864 exacte
1105 2819 1163 2884 per
1184 2819 1317 2884 compos
1338 2798 1417 2864 iuter

356 2884 436 2950 duos
450 2883 532 2950 scies
547 2883 706 2949 decurrit:
729 2880 804 2947 inde
817 2882 949 2948 diversae
965 2883 1050 2962 sere,
1068 2905 1162 2950 cervo
1174 2884 1216 2949 sd
1232 2884 1356 2960 Gallos,
1371 2883 1416 2947 lu·

355 2992 416 3056 pus
430 2969 471 3034 ud
488 2970 652 3035 Romanos
667 2986 794 3034 cursum
814 2968 951 3034 deflexit.
996 2969 1091 3056 Lupo
1105 2970 1180 3038 duta
1193 2971 1278 3036 inter
1291 2971 1416 3036 ordines

357 3057 428 3134 vius
451 3078 576 3121 cervum
594 3055 682 3121 Galli
696 3054 864 3121 confixere.
910 3055 998 3120 Tum
1011 3078 1053 3121 ex
1067 3057 1282 3146 antesignanis
1299 3058 1416 3122 Romu·

356 3163 417 3208 nus
432 3142 530 3220 miles,
542 3143 726 3228 Illucfirgo,
743 3140 856 3228 inquit,
867 3151 896 3206 et
906 3146 1122 3209 caedesuertit:
1137 3144 1190 3209 ubi
1203 3163 1325 3209 socrum
1337 3145 1417 3210 Diu·

358 3251 407 3294 πω
406 3230 514 3316 snam
518 3229 673 3314 jacentem
684 3230 805 3293 uidetis.
837 3229 925 3294 Hinc
933 3231 1031 3294 uictor
1041 3229 1182 3296 Martius
1191 3232 1291 3314 lapsu,
1303 3233 1418 3316 integer

358 3325 388 3381 et
402 3319 544 3393 intactus,
556 3317 659 3402 geretis
673 3337 728 3418 nos
744 3314 882 3415 ΙΙθζανίίαῑ
900 3325 930 3380 et
944 3317 1122 3416 conditoris
1127 3319 1230 3416 nostri
1250 3318 1417 3382 admonuit.

197 3411 340 3522 {tritt
359 3401 1418 3576 illittttlitl:ftltttlltlittatlztttttttlfftt

197 3539 323 3658 &⁸³⁰³
335 3540 479 3662 ¹'cornu3
502 3574 652 3643 adversus
667 3572 780 3639 Gallos
794 3595 854 3658 pro
868 3573 995 3640 sinistro
1010 3574 1129 3641 Decius
1143 3575 1288 3661 quintum
1304 3589 1338 3642 et
1352 3597 1417 3640 sex-

522 3761 691 3812 *emutuit
702 3765 776 3812 Gron.
790 3765 859 3813 cm.
1039 3765 1093 3824 ⁸0.
1103 3769 1178 3816 ebert.
1190 3761 1259 3816 seu

394 3965 407 4014 l
426 3967 545 4020 Sociorum
562 3966 705 4028 nominisque
723 3965 807 4014 hmini
825 3981 877 4013 mu·
907 3969 1003 4029 scriptis
1013 3969 1074 4016 duos
1085 3969 1139 4016 illm
1157 3981 1226 4020 voees
1242 3969 1420 4018 omnlmomit·
1491 3977 1492 4000 t

354 4031 409 4094 jon
425 4031 535 4086 exercitu,
555 4038 624 4092 mom
645 4029 760 4094 Rotnani]
787 4031 875 4082 Merito
908 4031 944 4078 tit.
973 4031 1042 4080 Nihil
1052 4033 1140 4080 bonum
1152 4033 1211 4079 sutis
1222 4035 1310 4094 plecet.
1336 4034 1420 4082 &urus
1491 4059 1492 4064 =

362 4094 457 4141 videtur
473 4097 569 4156 utn'que
584 4096 705 4142 Gronovio
720 4095 809 4142 vitium
824 4107 875 4144 esse
907 4103 972 4144 certo
984 4097 1063 4144 clarus
1074 4104 1120 4152 cst,
1130 4097 1243 4144 'Latino
1254 4099 1362 4146 exercitu
1374 4111 1420 4144 rue·

361 4157 387 4202 ln
402 4159 496 4208 duabus
506 4160 634 4220 postremis
646 4161 752 4206 vocibus.
786 4157 877 4206 Emen-
906 4157 1056 4222 jore‚qunm
1067 4162 1378 4223 quanmsmtttomus.

361 4222 403 4268 dst
425 4223 478 4270 Juc.
501 4225 654 4272 Gronovius:
682 4225 753 4271 etum
775 4223 878 4272 Remum
942 4225 1006 4274 212·
1026 4241 1113 4288 ugrm
1132 4225 1288 4290 Sannum]
1314 4229 1344 4276 ln
1366 4227 1421 4274 Um·
1491 4215 1492 4244 l

361 4285 405 4337 utta·
425 4285 470 4337 dm
487 4289 602 4336 exercitus
613 4319 620 4332 ·
632 4319 639 4334 .
651 4319 658 4337 .
668 4288 737 4346 Unus
757 4303 771 4336 e
790 4289 878 4338 nostris
911 4291 972 4348 bris,
984 4290 1013 4340 od
1026 4291 1154 4342 Sentinum
1162 4291 1290 4354 oppidum.
1394 4297 1397 4304 '
