2978 4918
368 235 460 297 ma.
481 232 539 296 111.
554 233 558 244 ’
576 219 847 297 enatorum.
1069 226 1129 308 rst-

100 397 262 465 Decemviri
276 401 368 464 creati
383 404 442 486 Ap.
458 399 623 479 Claudius,
639 397 680 464 T.
697 399 870 477 Genucius,
888 401 925 465 Ρ.
942 395 1125 484 Βεεῑὶυε,“’1..
1136 407 1166 464 tt.¹
1176 420 1210 466 α’
1228 402 1232 476 J
1263 399 1287 464 .¹

100 487 243 568 Veturius,
268 487 306 550 C.
320 486 430 564 Julius,
457 489 495 551 A.
513 485 663 563 Manlius,
682 486 749 550 Ser.
766 488 944 573 Sulpicius,¹
957 487 994 552 Ρ.
1013 482 1165 552 Curia-‘³'-
1177 483 1204 530 ὓ
1265 516 1273 533 ·

98 575 155 650 tius,
179 573 217 636 T.
242 573 405 650 Romilius,
430 573 486 655 Sp.
511 575 700 636 Postumius.
745 572 941 638 Claudio'et
969 574 1125 654 Genucio,

97 659 159 744 quia
175 659 328 745 desigrtati
342 663 482 724 eonsules
502 659 533 720 in
554 681 625 722 euni
642 679 759 722 annum
783 659 916 736 fuerant,
933 683 992 745 pro
1005 659 1128 726 honore
1237 669 1241 678 “

97 746 203 809 bonos⁰
223 747 378 809 redditus:
405 757 436 808 et
462 745 563 808 Sestio
592 744 680 808 alteri
709 745 871 809 consulum
901 748 1015 830 prioris
1042 747 1126 824 anni,

95 831 167 916 quod
194 853 261 894 eam
291 853 356 896 rem
383 831 501 918 collega
525 831 623 894 invito
652 832 693 893 ad
722 829 831 894 Patres
861 832 1018 896 retulerat.
1064 833 1127 898 His
1138 847 1166 894 U.
1177 848 1271 896 otuu

95 918 215 1000 proximi
237 917 336 982 habiti
361 917 453 1004 legati
477 932 539 980 tres
548 922 571 993 Ρ,
595 917 649 1004 qui
674 913 814 980 Athenas
840 917 950 982 ierant.
974 917 1069 982 simul
1092 913 1272 984 uste-4⁴¹⁹t

95 1025 143 1086 pro
164 1001 319 1092 legatione
344 1017 407 1067 tam
432 1001 604 1090 longinqua
628 1004 762 1088 praemio
786 1018 866 1068 esset
893 1003 1012 1068 honos:
1034 1005 1128 1069 simul

93 1091 194 1188 peritos
215 1089 323 1172 legum
347 1089 580 1176 peregrinarum
603 1089 643 1153 ad
668 1088 832 1154 condenda
858 1111 940 1154 nova
960 1091 1035 1175 jura
1058 1091 1128 1154 usui

93 1179 148 1238 lore
160 1177 337 1240 credebaut.
383 1174 573 1259 Supplevere
584 1175 679 1240 ceteri
694 1185 871 1239 numerum.
916 1177 1035 1240 Graves
1050 1199 1129 1276 quo·

92 1281 144 1408 que
162 1275 253 1327 atate
279 1261 395 1326 electos
417 1262 591 1325 novissimis
616 1259 771 1346 suffragiis
795 1260 910 1338 ferunt,
936 1283 1000 1347 quo
1024 1283 1128 1326 minus

101 1350 221 1413 crocitet
234 1347 370 1412 aliorum
386 1347 471 1411 scitis
485 1347 733 1412 adversarentur.
780 1345 934 1435 Regimen
950 1347 1045 1412 totius
1062 1369 1129 1412 ma·

91 1434 224 1520 gistratus
239 1455 336 1518 penes
351 1435 491 1518 Appium
511 1446 578 1497 erat
592 1433 698 1496 lavore
719 1432 829 1516 plebis.
850 1432 992 1519 adeoque
1011 1455 1126 1498 novum
1136 1445 1291 1492 mumius

91 1521 138 1583 sibi
149 1519 311 1608 ingenium
327 1519 481 1594 induerat,
497 1531 532 1582 ut
547 1518 701 1602 plebicola
721 1533 850 1603 repente
863 1523 1027 1605 omnisque
1041 1540 1129 1585 aurae
1136 1523 1250 1622 rumpu-

91 1607 396 1690 popularis.captatar
410 1605 564 1682 eraderet,
589 1626 649 1690 pro
674 1608 755 1668 truci
778 1609 922 1691 saevoque
941 1587 1184 1672 insectatorem
1207 1603 1215 1619 ’

92 1692 186 1774 plebis.
229 1693 370 1758 Decimo
391 1691 443 1756 die
458 1693 513 1778 jus
533 1692 653 1775 populo
674 1689 790 1774 singuli
815 1691 999 1757 reddebant.
1025 1715 1063 1756 eo
1076 1693 1129 1760 die

92 1777 203 1863 ‘'peues
217 1777 407 1865 praefectum
426 1777 507 1863 juris
530 1776 628 1841 fasces
647 1775 816 1842 duodecim
838 1791 943 1842 erant:
966 1777 1079 1846 “colle
1102 1780 1130 1843 is

91 1886 186 1930 novem
208 1864 328 1953 singuli
350 1863 471 1928 accensi
494 1861 699 1948 adparebant.
722 1862 748 1901 ⁴⁴
758 1875 790 1928 et
804 1866 836 1927 in
852 1865 945 1928 unica
959 1887 1059 1930 coneo
1098 1867 1129 1932 ia
1272 1943 1276 1952 .

91 1952 158 2016 inter
177 1953 263 2038 ipsos
287 1952 355 2037 (qui
379 1970 549 2014 consensus
571 1949 698 2034 privatis
719 1950 877 2014 interdurn
900 1951 1019 2016 inutilis
1033 1955 1125 2036 esset)
1234 2009 1245 2028 ,

16 2097 18 2112 ,
90 2059 196 2103 mmma
219 2039 373 2103 adversus
394 2034 471 2100 alios
492 2035 623 2136 aequitas
643 2047 720 2099 erat.
766 2035 996 2102 Moderationis
1018 2051 1212 2108 eorummiuo
1226 2065 1293 2104 aas.

90 2141 295 2212 argumentum
317 2123 465 2207 exemplo
483 2143 575 2186 nurus
590 2122 635 2186 rei
654 2133 786 2198 notasse,
810 2123 883 2186 satis
905 2123 973 2186 erit.
1018 2123 1129 2199 Quum
1137 2117 1265 2226 mg·

89 2210 143 2274 siue
167 2212 395 2296 provocatione
423 2209 517 2272 creati
549 2221 660 2284 essent,
697 2207 818 2270 defosso
854 2209 1006 2272 cadavere
1040 2207 1129 2275 domi
1137 2193 1207 2228 oemv

89 2298 158 2380 apud
183 2299 220 2364 P.
244 2296 395 2372 Sestium,
418 2295 558 2382 patriciae
576 2294 679 2382 gentis
702 2293 815 2371 virum,
837 2293 973 2371 invento,
988 2295 1125 2380 prolato·

107 2405 139 2446 ue
158 2384 188 2448 in
211 2384 413 2458 concionem,
437 2381 470 2444 in
496 2403 530 2444 re
549 2382 642 2466 juxta
667 2377 831 2442 manifesta
848 2392 943 2464 atque
957 2381 1066 2458 atroci,
1091 2382 1129 2444 C.
1232 2435 1236 2444 .

89 2403 175 2534 lulius
187 2469 352 2536 decemvir
364 2467 444 2530 diem
459 2465 563 2532 Sestio
576 2464 669 2540 dixit,
684 2476 717 2526 et
730 2461 892 2528 accusator
914 2464 952 2528 ad
975 2464 1129 2548 populum
1163 2541 1166 2548 .
1220 2543 1224 2550 .

89 2557 198 2634 exstitit,
221 2558 316 2642 cujus
339 2552 385 2616 rei
403 2551 501 2639 judex
525 2550 789 2638 legitimus'erat:
813 2548 1042 2636 “decessitque
1056 2552 1130 2636 jure
1292 2621 1295 2628 ,

88 2663 142 2717 suo,
164 2657 197 2706 ut
210 2642 358 2706 demtum
374 2637 415 2702 de
429 2639 459 2701 vi
474 2637 673 2723 magistratus
687 2634 796 2720 populi
815 2632 952 2702 libertati
971 2634 1140 2722 adjiceret..
1235 2639 1237 2644 ’
1293 2635 1296 2644 ’

121 2721 280 2794 xxxlv.
311 2724 460 2801 ⁴“Quum
485 2736 644 2806 promtum
668 2720 729 2785 hoe
749 2722 802 2806 jus
825 2719 910 2786 velut
935 2743 975 2785 ex
1001 2722 1130 2787 oraculo

87 2811 295 2902 incorruptum
318 2810 437 2897 pariter
461 2809 502 2874 ab
523 2808 573 2874 his
595 2807 710 2871 summi
734 2806 898 2893 infimique
918 2805 1045 2886 ferrent,
1061 2823 1129 2873 turn

87 2895 191 2984 legibus
205 2896 387 2964 condendis
408 2917 507 2980 opera
519 2894 669 2958 dabatur:
693 2893 875 2980 ingentique
896 2893 1059 2958 bominum
1075 2917 1131 2960 ex-

87 2985 267 3068 spectatione
281 2983 449 3070 propositis
472 2981 581 3045 decem
607 2976 731 3056 tabulis,
759 2979 911 3064 populum
937 2979 978 3044 ad
1003 2981 1130 3046 concio-

86 3091 146 3136 nem
166 3073 420 3137 advocaverunt:
445 3081 486 3144 et,
509 3069 589 3151 quod
610 3065 724 3141 bonam,
738 3066 893 3150 structum,
903 3069 1048 3151 filisque
1068 3068 1231 3132 rei-necem
1245 3090 1282 3132 a·
1360 3063 1367 3078 ’

82 3159 209 3237 publicae,
225 3159 316 3242 queis,
327 3155 489 3238 liberisque
498 3173 598 3216 eoram
610 3161 693 3228 esset,
706 3153 762 3224 ire,
778 3161 808 3214 et
817 3154 917 3253 legere
926 3155 1005 3238 leges
1013 3173 1130 3238 propo·
1138 3147 1250 3257 ”¹¹¹⁸ss

85 3243 149 3310 ritus
157 3245 291 3331 jussere.
335 3241 385 3317 Se,
400 3249 544 3324 quantum
555 3239 651 3301 decem
661 3237 812 3300 hominum
828 3240 960 3322 :ngeniis
969 3223 1203 3323 provideriffi
1219 3223 1244 3307 ‘j'

235 3381 250 3408 θ
265 3375 338 3422 honor
350 3375 423 3422 Gran.
436 3375 508 3424 Creu.
626 3427 629 3433 Ι
653 3376 666 3416 Ρ
682 3371 810 3434 legalitate
820 3370 891 3418 tutta
902 3371 969 3420 End.
990 3417 992 3422 .

111 3493 244 3544 swam
257 3491 398 3556 proefedurq
409 3490 486 3554 jorn]
512 3489 588 3537 Penes
651 3489 684 3536 45
710 3489 854 3550 mumque
869 3491 928 3552 jure
951 3489 1005 3553 ruo]
1040 3489 1131 3540 Omnes

86 3569 132 3604 eum
152 3559 329 3608 Decemvlmm
350 3557 393 3616 qui
416 3551 588 3617 juridicendo
619 3554 675 3601 libri
692 3550 769 3599 nostrl
784 3554 876 3600 addunt
893 3553 1087 3615 prepositiouern
1103 3569 1133 3604 ω
1162 3589 1167 3600 .

86 3623 200 3680 adesum
211 3630 272 3670 erat.
613 3619 678 3680 jure.
712 3615 822 3664 Fortasse
840 3615 867 3664 dc
876 3619 949 3679 jure.-
972 3623 999 3664 ut
1020 3617 1070 3665 Cic.
1087 3633 1132 3680 pro

111 3687 269 3748 tt’t'ottegn
289 3699 371 3732 nouem
393 3683 481 3744 nugati
502 3683 589 3730 accensi
621 3681 677 3729 Sex.
688 3679 784 3738 lisseio,
797 3694 820 3726 a.
833 3681 873 3729 ts.
890 3682 917 3730 de
934 3695 983 3728 meo
995 3682 1052 3743 jure
1069 3681 1131 3730 dece.

85 3751 222 3814 meieni]
257 3749 428 3810 Unusquisque
453 3753 588 3794 ceteromm
619 3745 681 3794 dum.

86 3813 273 3863 Doeemvimrum
296 3825 375 3860 uuum
397 3823 524 3860 mamm
546 3812 589 3857 han
651 3809 684 3858 46
702 3809 779 3866 Qum
794 3810 941 3873 promptam]
965 3809 1045 3863 Quum
1063 3823 1131 3858 sum.

87 3877 156 3938 behet,
174 3881 216 3941 qui
227 3880 257 3926 ad
269 3893 315 3928 sus
329 3874 400 3940 jum
416 3883 504 3938 presto
518 3873 591 3922 esset-⁴
620 3873 654 3920 mi
673 3875 762 3936 pariter
778 3873 902 3934 intimique
919 3875 950 3920 ab
971 3873 1010 3919 nis
1030 3875 1132 3936 acciple-

87 3939 201 3990 Atremsr
218 3943 311 3992 Galliae
328 3953 457 4002 wmarus
472 3941 589 4000 interpre-
619 3936 679 3984 bant
700 3938 746 3985 hoc
758 3936 801 3998 jue
823 3945 973 3998 promptum,
996 3939 1013 3985 i.
1024 3953 1044 3986 e.
1062 3951 1131 3999 para-

87 4007 236 4055 autam.
620 4005 674 4048 tum
685 4002 872 4064 quodammodo,
889 4003 953 4061 quod
969 4003 1082 4049 omnibus
1099 4004 1132 4050 si.

113 4071 143 4116 u
157 4072 225 4118 Etis
236 4069 319 4134 astae]
338 4067 371 4116 Et
389 4081 466 4130 quum
486 4067 588 4115 Decem·
619 4079 651 4114 ne
668 4079 736 4112 mora
754 4071 856 4124 poteret,
875 4065 987 4126 idemque
1006 4067 1130 4128 incorrup-

87 4131 125 4180 stri
138 4136 199 4184 mire
215 4137 280 4184 tuter
298 4147 326 4182 ss
344 4134 470 4180 concordis
480 4137 587 4194 agerent,
620 4137 683 4186 tum,
699 4131 766 4175 velut
784 4141 815 4174 ex
831 4129 927 4174 oraculo
937 4132 1068 4190 probrum,
1080 4132 1131 4179 sive

86 4207 138 4307 t:
157 4194 589 4322 lil'al‘llrlrfflffllpllil'
620 4195 1131 4314 lilldllllpirillalii‘ffffsla‘lli

87 4335 196 4376 mm
222 4331 342 4378 adventu
367 4326 427 4374 elios
450 4293 589 4388 equitatem
621 4319 886 4435 {lppepplcph'pqam
903 4323 1012 4370 tamvid.
1028 4322 1129 4370 nats&

88 4387 214 4442 mistheus
663 4399 685 4436 e.
728 4415 736 4432 .
761 4415 768 4436 .
793 4415 800 4432 .
967 4395 970 4402 ·
1200 4421 1206 4428 .
