3056 4928
420 121 514 180 ura.
537 121 607 181 vu.
633 123 735 182 oar.
758 120 919 182 xxxvu.
1140 134 1199 197 aaa

122 278 303 364 presidiis.
327 281 371 344 ita
395 301 508 370 magna
534 302 607 366 pars
631 283 750 348 absenti
776 275 859 346 lrosti
878 283 984 348 cessit.
1008 305 1087 368 quos
1109 284 1339 356 intransitu.

122 365 249 430 vallum
267 379 377 452 egerat
393 390 501 448 pavor,
519 367 619 454 (fuere
633 383 738 434 autem
754 369 795 434 ad
810 369 939 453 triginta
955 369 1065 450 millia)
1083 393 1193 440 omnes
1203 373 1233 418 b
1245 369 1340 419 ΜΨ·

123 454 221 527 caesi3
247 467 353 516 castra
367 453 499 539 direpta.
1153 527 1156 534 ,
1291 499 1295 508 ‚

75 537 80 546 '
166 537 360 604 XXXVII.
385 540 435 604 Ita
459 541 554 604 rebus
579 541 685 627 gestis,
707 541 828 618 consul,
846 541 999 606 advocata
1024 544 1293 624 concionabatur
1303 565 1345 611 uo-

124 622 162 688 P.
181 623 285 688 Decii
300 646 365 688 non
378 639 506 708 ooeptas
530 626 632 691 solum
655 640 737 702 ante,
754 625 809 690 sed
831 628 1005 694 cumulatas
1027 651 1111 694 nova
1131 631 1281 696 vir-estu·

122 723 194 774 tute
209 710 325 774 laudes
340 713 481 797 peragit:
505 727 534 776 et
550 726 666 797 praeter
680 712 829 776 militaria
843 713 905 778 alia
919 714 1013 791 dona,
1029 737 1123 780 aurea
1140 739 1193 782 co-

122 817 206 859 rona
231 814 309 860 eum
335 809 367 862 et
392 811 518 864 centum
543 799 656 875 bubus,
672 799 886 886 lleximioque
906 823 971 863 uno
993 801 1066 864 albo
1084 803 1193 885 opimo

120 881 247 946 auratis
263 883 424 960 cornibus,
440 885 547 950 donat.
594 885 725 962 Milites,
739 889 792 970 qui
807 887 839 948 in
855 886 1005 970 praesidio
1019 887 1111 952 simul
1126 888 1193 954 fue-

120 981 208 1044 rant,
225 969 350 1050 duplici
366 968 524 1036 frumento
547 971 579 1033 in
604 986 802 1056 perpetuum,
819 974 851 1036 iu
868 975 1036 1056 praesentia
1061 976 1193 1060 singulis

120 1053 231 1118 bubus
250 1055 396 1141 binisque
410 1056 540 1141 ⁶⁹privis
556 1058 669 1122 tunicis
685 1056 805 1122 donati.
851 1058 1032 1123 Secundum
1054 1061 1192 1126 consulis

120 1139 336 1206 donationem
350 1141 499 1230 ,legiones
521 1143 748 1232 ⁷⁰gramineam
775 1165 925 1208 coronam
952 1145 1189 1224 obsidionalem,

119 1225 267 1292 clamore
278 1227 399 1292 donum
415 1229 634 1314 adprobantes,
648 1230 751 1296 Decio
764 1230 933 1313 inponunt.
948 1230 1045 1296 altera
1061 1253 1190 1310 corona,

120 1313 268 1398 ejusdem
283 1312 413 1378 honoris
424 1315 533 1392 index,
550 1339 569 1380 a
584 1315 732 1400 praesidio
746 1338 804 1380 suo
814 1317 952 1400 inposita
965 1331 1020 1383 cst.
1061 1317 1123 1382 His
1135 1319 1191 1384 de·

122 1414 255 1464 curatus
281 1400 457 1485 insignibus
482 1403 594 1466 bovem
618 1403 768 1466 eximium
791 1401 891 1466 Marri
913 1404 1093 1479 inmolavit3
1117 1426 1191 1470 cen·

121 1497 191 1548 tum
214 1485 315 1552 boves
339 1487 490 1552 militibus
516 1489 602 1552 ‹lono
617 1487 714 1565 dedit,
731 1489 785 1574 qui
801 1511 906 1554 secum
933 1489 964 1552 in
987 1490 1191 1574 expeditione

120 1569 261 1638 fuerant.
285 1572 396 1636 iisdem
411 1574 562 1638 militibus
584 1574 724 1660 legiones
746 1575 841 1638 libras
854 1574 945 1640 farris
960 1590 990 1639 et
1005 1577 1191 1642 ⁷¹sextarios

121 1658 188 1724 vini
215 1658 439 1725 contulerunt:
464 1662 632 1745 omniaque
651 1679 689 1725 ea
714 1662 835 1748 ingenti
858 1661 1019 1726 alacritate
1043 1684 1101 1747 par
1127 1664 1190 1728 cla-

120 1765 247 1809 morem
274 1745 454 1821 militarem,
478 1747 611 1810 indicem
635 1748 777 1810 omnium
806 1747 965 1826 adsensus,
989 1754 1189 1834 gerebantur.

123 1828 237 1896 Tertia
257 1854 366 1916 pugna
389 1834 427 1896 ad
454 1833 631 1898 Suessulam
654 1835 820 1897 commissa
833 1849 897 1898 ests
920 1835 1016 1921 ⁷¹qua
1031 1836 1155 1922 sagatus
1171 1852 1347 1914 a‘rerrupug·

123 1914 174 1980 M.
194 1917 330 1982 Valerio
358 1919 545 1983 Samnitium
576 1921 741 1996 exercitus,
765 1921 852 1984 onrni
878 1921 992 1986 robore
1015 1923 1298 2006 juventutisufflfe

123 2001 222 2068 domo
250 2004 367 2082 adcito,
384 2007 556 2069 certamine
583 2006 694 2070 ultimo
716 2005 875 2070 fortunam
902 2010 1040 2092 experiri
1067 2011 1187 2085 statuit.
1197 1981 1352 2028 &mmm

124 2089 176 2152 ab
198 2090 354 2154 Suessula
380 2093 487 2154 nuncii
511 2093 626 2176 trepidi
644 2092 798 2176 Capuam,
816 2093 889 2156 inde
911 2095 1032 2177 equites
1046 2096 1131 2158 citati
1148 2095 1187 2160 ud

123 2173 293 2240 Valerium
324 2177 496 2252 consulem,
522 2199 614 2262 opem
645 2191 781 2255 oratum,
811 2178 952 2240 veniunt.
1013 2179 1186 2246 Confestim

123 2259 214 2343 signa
227 2275 334 2326 mota:
359 2263 535 2348 relictisque
546 2264 765 2349 inpedimentis
777 2277 950 2328 castrorum
964 2264 1068 2327 valido
1078 2268 1189 2350 praesi-

123 2343 187 2425 dio,
205 2351 325 2434 raptim
349 2350 453 2436 agitur
474 2371 607 2436 agmen:
631 2371 689 2414 noc
704 2349 816 2434 procul
832 2352 870 2412 ab
886 2349 975 2412 hoste
997 2350 1101 2414 locum
1118 2373 1189 2434 per·

124 2434 277 2520 exiguum
300 2445 349 2518 (ut
371 2436 494 2521 quibus,
511 2451 627 2518 praeter
648 2456 755 2520 equos,
771 2449 947 2499 ceterorum
968 2437 1185 2520 jumentorum

123 2519 338 2607 calonumque
352 2521 445 2586 turba
460 2523 596 2603 abesset)
614 2523 722 2586 castris
744 2523 837 2604 cepit.
884 2522 1072 2586 Samnitium
1097 2544 1186 2586 exer·

124 2605 214 2684 citus,
231 2608 321 2672 velut
347 2607 433 2672 haud
457 2608 520 2672 ulla
542 2631 631 2674 mora
654 2629 769 2694 pugnae
793 2607 896 2672 lutino
913 2621 1001 2682 esset,
1018 2609 1116 2672 aciem
1140 2610 1187 2672 in-

123 2694 237 2758 struit:
264 2693 389 2770 deinde,
412 2711 577 2781 postquam
601 2716 695 2758 nemo
717 2694 827 2758 obvius
850 2694 926 2774 ibat,
948 2693 1067 2757 infestis
1089 2696 1186 2782 signis

124 2778 161 2842 all
184 2791 292 2844 castra
314 2778 451 2844 hostiurn
477 2779 625 2846 succedit.
648 2781 692 2844 ibi
719 2793 753 2844 ut
780 2781 908 2845 militem
933 2781 963 2843 in
987 2780 1070 2845 vallo
1096 2781 1185 2860 vidit,

124 2863 275 2952 missique
289 2866 329 2930 ab
344 2866 431 2931 omni
453 2879 543 2951 parte
565 2866 775 2949 exploratum,
792 2888 886 2951 quam
908 2866 939 2928 in
962 2867 1112 2954 exiguum
1134 2889 1186 2931 or·

123 2945 194 3014 bem
211 2963 376 3017 contracta
389 2966 492 3018 castra
511 2967 623 3028 essent,
639 2954 830 3037 paucitatem
849 2953 925 3016 inde
939 2952 1079 3018 hostium
1096 2953 1186 3018 colli-

124 3050 246 3118 gentes,
270 3039 462 3115 retulerunt;
492 3038 625 3102 fremere
649 3039 752 3102 omnis
777 3039 868 3116 acies,
893 3040 1097 3124 complendas
1118 3063 1186 3106 esse

124 3117 218 3189 fossas
245 3125 518 3210 scindendumque
543 3124 671 3201 vallum,
694 3138 725 3188 et
747 3127 778 3188 in
802 3139 906 3190 castra
926 3126 1184 3212 inrumpendam.

156 3372 187 3420 68
203 3375 316 3439 Eaeiraia]
328 3375 384 3423 Viri.
395 3376 635 3424 uaesaniam.
671 3373 731 3437 quari
747 3376 773 3420 irs
792 3387 818 3421 eo
831 3375 878 3422 τωο
895 3380 1032 3435 matum
1043 3377 1107 3428 erat,
1120 3375 1184 3420 intra

140 3465 148 3485 ·
670 3453 737 3500 quem
764 3439 836 3486 claust
857 3444 923 3486 nant
954 3441 995 3497 qui
1020 3437 1183 3485 mddeiaatur.

154 3503 187 3550 69
204 3503 291 3552 Privir
311 3504 408 3566 mairia]
433 3507 515 3552 Potest
534 3505 636 3564 exponi:
671 3504 789 3550 observat
807 3503 870 3548 Plio.
890 3504 907 3548 1.
924 3502 1045 3549 xxiia.
1058 3500 1184 3548 tesam

124 3578 178 3624 quta
192 3581 246 3616 suaa
262 3565 379 3629 cujusque
394 3583 422 3616 ac
433 3571 532 3630 proprie
552 3569 639 3616 tarent.
670 3580 771 3614 coronas
786 3569 817 3614 ab
833 3568 977 3626 imperatore
995 3566 1114 3612 militibus
1132 3566 1184 3613 dart

126 3629 164 3678 Sic
181 3633 244 3682 lior.
258 3633 306 3694 Ep.
318 3633 341 3680 l.
354 3636 370 3680 1.
382 3635 402 3679 1.
427 3633 499 3689 Quem
510 3635 573 3680 ducit
585 3635 638 3692 μί-
669 3632 763 3690 solitas,
774 3633 836 3678 bane
853 3632 957 3678 salama
974 3631 1092 3676 militibus
1109 3631 1185 3689 impe-

124 3699 281 3746 cattinaria
316 3699 362 3745 Sed
379 3712 456 3758 quum
472 3699 583 3746 heevox
598 3711 639 3742 ne·
671 3698 753 3744 ratori.
975 3713 979 3732 ·

126 3764 226 3808 oemama
243 3777 292 3810 non
304 3763 391 3810 sithoc
410 3765 470 3818 loco,
486 3775 588 3822 eamque
603 3763 638 3822 ig·
704 3761 733 3808 'll
752 3762 869 3809 Scutarios
876 3759 939 3822 viai]
951 3759 1072 3806 Statorius
1083 3766 1120 3804 eat
1130 3771 1184 3804 sex·

134 3828 452 3888 uaentquinqueenostris
468 3828 638 3889 scriptiaeam
673 3833 698 3872 ta
719 3839 774 3885 pars
793 3827 883 3886 congii,
904 3825 1051 3885 proindeque
1075 3821 1185 3882 capiebat

125 3885 225 3938 libenter
236 3893 378 3940 deleremns.
672 3892 728 3950 plur
746 3891 867 3936 sexdecim
889 3889 940 3934 vini
964 3888 1054 3934 uncias.
1097 3886 1184 3945 ltaque

159 3953 190 3999 70
207 3955 360 4002 θνωιιίηωη
388 3969 494 4003 mraaam
516 3955 641 4002 alstdtona·
672 3961 769 4014 superat
786 3967 840 4000 eam
860 3965 1010 4008 mensuram,
1024 3963 1099 4010 quam
1114 3961 1185 3996 voca·

127 4013 181 4081 lem]
200 4019 352 4066 obsidionalis
368 4033 455 4068 corona
465 4026 508 4078 est,
519 4021 599 4080 inquit
610 4019 640 4065 Α.
672 4031 728 4064 mus
739 4019 840 4077 ellopiae.

127 4078 187 4126 Geli.
201 4083 262 4130 tv.
280 4098 303 4131 c.
319 4085 341 4130 6.
361 4099 430 4144 quarn
445 4088 474 4140 ii,
491 4085 532 4146 qui
550 4083 640 4130 liberati
705 4081 736 4130 72
754 4081 814 4136 Qun,
829 4079 946 4144 sugatur]
978 4080 1032 4134 Qua
1059 4080 1184 4126 fortune-m

128 4149 179 4190 wi
196 4150 223 4195 ab
239 4147 360 4205 obsidiorra
370 4148 427 4195 dant
438 4151 460 4196 el
470 4149 572 4210 ‹luciqsa
583 4148 637 4193 iilia·
670 4147 775 4206 experiri
797 4148 883 4192 statuit
905 4145 926 4190 ia
947 4145 1067 4192 exereitus
1089 4142 1185 4190 Samni·

128 4211 196 4256 mu.
229 4213 269 4260 Ea
286 4225 368 4258 corana
385 4214 507 4274 gramtm
529 4217 577 4259 arte
603 4211 639 4258 ol-
673 4209 871 4270 tium,quialtl.
884 4207 983 4256 Valeria
1001 4209 1068 4269 priua
1086 4207 1186 4268 fugatus

127 4277 258 4338 maique
273 4276 640 4339 miliumutfieretegrrmiar,
673 4267 768 4401 lucrati¹

126 3435 138 3482 1
